2575 3900
902 171 951 221 9.
993 163 1298 219 CAELIUS
1337 163 1604 220 SABINU
1606 164 1643 219 S
2157 164 2284 229 251

250 327 463 393 teneri
511 325 806 393 Caelius¹
862 328 983 410 ait,
1038 328 1303 413 perinde
1358 349 1435 392 ae
1491 328 1546 393 si
1591 327 1977 392 nominatim
2021 329 2289 394 morbus

252 420 559 501 exceptus
598 416 829 482 fuisset
866 416 976 497 [ad
1014 438 1125 482 eos
1154 416 1328 481 enim
1357 415 1622 482 morbos
1649 418 1938 502 vitiaque
1962 418 2288 501 pertinere

250 505 535 571 edietum
581 504 887 570 aedilium
932 504 1344 590 probandum
1389 511 1508 589 est,
1560 528 1723 591 quae
1770 507 1914 591 quis
1961 506 2291 591 ignoravit

249 593 356 659 vel
402 594 709 679 ignorare
756 595 1020 678 potuitJ.

430 683 491 748 4.
557 682 721 748 Gell.
750 683 813 765 4,
846 685 1032 765 2,11.
1066 719 1139 729 -
1175 682 1273 748 De
1303 705 1536 768 myope
1567 705 1838 767 quoque,
1868 685 1979 767 qui
2005 684 2290 760 luscitio-

251 794 359 837 sus
388 770 627 837 Latine
657 774 1043 857 appellatur,
1074 772 1440 838 dissensum
1469 776 1596 857 est3
1634 774 1746 837 alii
1776 773 1948 837 enim
1975 774 2287 838 rethiberi

248 861 625 927 omnimodo
682 861 942 940 debere,
997 863 1115 926 alii
1171 866 1425 946 eontra,
1479 861 1607 926 nisi
1661 862 1728 926 id
1781 862 2012 927 vitium
2061 862 2289 928 morbo

247 953 657 1015 contractum
705 953 894 1015 esset.

430 1038 515 1104 5⁴?
578 1038 673 1103 Id.
712 1041 815 1106 12.
863 1076 945 1087 —-
994 1039 1164 1105 Eum
1221 1090 1236 1105 .
1274 1088 1292 1103 .
1347 1039 1452 1103 eui
1497 1039 1654 1104 dens
1701 1039 1972 1122 deesset,
2029 1038 2288 1104 Servius

247 1126 565 1193 rethiberi
617 1150 810 1211 posse
846 1128 1213 1213 respondit,
1256 1127 1477 1193 Labeo
1527 1129 1597 1193 in
1647 1149 1844 1194 eausa
1891 1148 2031 1193 esse
2075 1128 2288 1193 redhi-

248 1216 449 1282 bendi
493 1219 778 1302 negavit.
857 1239 1010 1281 nam
1056 1221 1122 1282 et
1166 1237 1426 1301 magna,
1470 1217 1705 1302 inquit,
1748 1239 1902 1301 pars
1951 1220 2016 1281 et
2037 1239 2113 1308 ss·
2150 1239 2201 1283 s,

390 1310 505 1370 .V.
548 1328 733 1387 supra
776 1310 858 1385 ΙΙ,
891 1315 923 1372 1
957 1332 1016 1387 p.
1049 1313 1194 1372 143.

429 1412 519 1477 6⁸.
573 1411 667 1476 Id.
704 1412 765 1479 9.
806 1413 908 1478 10.
955 1449 1040 1460 —-
1088 1412 1185 1477 De
1233 1412 1458 1478 sterila
1504 1462 1521 1477 .
1548 1462 1563 1477 .
1611 1412 1906 1497 muliere,
1961 1412 2017 1476 si
2063 1412 2290 1477 nativa

244 1502 601 1567 sterilitate
640 1502 743 1582 sit,
791 1501 1171 1567 Trebatium
1207 1505 1436 1568 eontra
1471 1500 1840 1567 Labeonem
1876 1501 2288 1584 respondisse

244 1591 492 1655 dieunt.
580 1612 735 1655 nam
790 1612 936 1655 eum
991 1591 1308 1655 rethiberi
1363 1613 1507 1657 eam
1552 1589 1772 1656 Labeo
1830 1589 2018 1674 quasi
2073 1590 2287 1655 minus

246 1701 480 1743 sanam
512 1682 828 1763 putasset,
864 1699 1139 1764 negasse
1178 1680 1364 1745 aiunt
1399 1680 1780 1744 Trebatium
1817 1701 1893 1742 ex
1929 1678 2140 1743 edicto
2179 1680 2290 1763 agi

245 1790 466 1853 posse,
504 1768 562 1831 si
600 1789 677 1833 ea
714 1767 947 1833 mulier
985 1792 1023 1833 a
1050 1768 1372 1853 principio
1401 1768 1675 1854 genitali
1711 1767 2060 1833 sterilitate
2097 1770 2288 1832 esset.

242 1861 321 1922 at
368 1857 426 1921 si
474 1856 766 1922 valitudo
816 1857 954 1922 eius
1002 1858 1377 1923 offendisset
1417 1880 1621 1942 exque
1660 1878 1738 1921 ea
1771 1856 2003 1921 vitium
2037 1856 2286 1921 factum

249 1951 453 2028 esset,
498 1951 573 2010 ut
618 1947 955 2031 concipere
1000 1947 1171 2012 fetus
1217 1969 1350 2013 non
1395 1952 1648 2032 posset,
1691 1951 1832 2012 tum
1880 1968 2106 2011 sanam
2151 1968 2286 2011 non

246 2034 461 2100 videri
506 2039 571 2100 et
616 2057 755 2100 esse
800 2037 871 2099 in
920 2058 1114 2101 eausa
1157 2037 1619 2102 rethibitionis.

431 2121 523 2190 6¹².
584 2123 666 2189 D.
702 2125 808 2207 21,
850 2125 907 2207 1,
948 2125 1049 2208 14,
1087 2126 1146 2190 3.
1194 2162 1279 2172 —
1336 2124 1654 2211 Ulpianus
1707 2125 1878 2190 libro
1933 2125 2145 2207 primo
2205 2123 2285 2188 ad

242 2213 537 2278 edietum
598 2213 904 2278 aedilium
960 2215 1277 2279 curulium
1333 2211 1432 2300 (P.
1475 2213 1725 2301 17608).
1789 2249 1864 2261 -
1924 2213 2022 2278 De
2079 2212 2285 2277 sterili

245 2301 511 2368 Caelius
552 2303 951 2386 distinguere
977 2303 1355 2368 Trebatium
1394 2302 1567 2385 dicit,
1593 2307 1668 2368 ut
1697 2304 1754 2367 si
1781 2306 2012 2367 natura
2041 2301 2285 2367 sterilis

250 2393 370 2474 sit,
417 2413 575 2455 sana
624 2391 737 2473 sit,
784 2392 839 2455 si
883 2392 1043 2456 vitio
1092 2395 1409 2476 corporiS,
1455 2395 1702 2457 eontra.

433 2479 516 2545 7⁴?
564 2479 731 2546 Gell.
758 2481 819 2564 4,
846 2481 910 2562 2,
937 2481 1130 2545 6-8,
1179 2517 1255 2528 —
1304 2478 1405 2544 De
1461 2481 1752 2545 eunucho
1800 2528 1817 2545 .
1853 2527 1869 2544 .
1918 2480 2286 2563 quaesitum

247 2573 371 2652 est,
418 2591 501 2634 an
548 2573 777 2634 eontra
822 2569 1103 2634 edietum
1150 2567 1455 2633 aedilium
1495 2569 1827 2633 videretur
1861 2568 2287 2652 venundatae,

248 2659 308 2722 si
354 2659 727 2743 ignorasset
772 2662 1047 2742 emptor,
1094 2680 1241 2722 eum
1284 2658 1647 2722 eunuchum
1685 2679 1844 2721 esse.
1916 2657 2284 2722 Labeonem

246 2746 663 2831 respondisse
711 2747 921 2830 aiunt,
968 2747 1282 2812 rethiberi
1328 2768 1521 2829 posse
1568 2746 1754 2830 quasi
1801 2745 2196 2811 morbosum.

433 2837 492 2902 8.
540 2835 621 2900 D.
649 2837 755 2919 21,
790 2837 845 2920 1,
877 2837 980 2921 17,
1011 2838 1069 2900 1.
1159 2834 1478 2920 Ulpianus
1523 2836 1689 2900 libro
1736 2836 1946 2917 primo
1995 2834 2074 2899 ad
2123 2835 2286 2900 edic-

241 2931 389 2990 tum
438 2924 746 2990 aedilium
793 2925 1111 2989 curulium
1160 2923 1260 3009 (P.
1292 2922 1534 3010 1761⁸).
1590 2961 1664 2971 —
1717 2923 1973 2989 Caelius
2022 2973 2074 2989 ..
2119 2923 2286 3008 fugi-

241 3014 458 3079 tivum
522 3036 661 3079 esse
728 3015 821 3078 ait
881 3036 1054 3097 eum,
1120 3013 1234 3098 qui
1288 3035 1364 3078 ea
1417 3016 1633 3078 mente
1689 3013 2001 3098 discedat,
2064 3035 2146 3078 ne
2205 3013 2286 3076 ad

242 3103 586 3167 dominum
641 3102 889 3187 redeat,
943 3103 1207 3167 tametsi
1251 3106 1505 3168 mutato
1553 3102 1823 3168 consilio
1873 3103 1954 3167 ad
2000 3125 2146 3167 eum
2190 3124 2286 3166 re-

241 3195 571 3274 vertatu13
616 3212 791 3257 nemo
836 3193 997 3256 enim
1034 3193 1151 3258 tali
1174 3197 1435 3276 peccato,
1473 3193 1709 3277 inquit,
1741 3193 2133 3276 paenitentia
2168 3212 2287 3256 sua

240 3299 471 3346 nocens
512 3299 637 3345 esse
678 3281 920 3346 desinit.

428 3374 502 3434 ef.
543 3375 616 3433 D.
656 3376 760 3450 47,
800 3377 859 3453 2,
899 3378 983 3436 60
1038 3375 1338 3452 Ulpianus
1401 3375 1556 3435 libro
1619 3374 1816 3452 primo
1881 3375 1958 3434 ad
2021 3375 2286 3434 edictum

394 3549 423 3597 1
466 3543 561 3598 ΓΖ.
600 3541 893 3599 Caecilius.
