2575 3900
843 237 891 285 6.
939 229 1354 285 IAVOLENUS
1392 229 1687 285 PRISCUS
2138 231 2271 296 459

235 400 322 460 ⁴de
367 399 586 478 legatis
634 404 697 460 et
741 400 813 459 de
857 400 989 458 iure
1036 399 1284 470 dotium,
1332 398 1588 459 secundo
1628 399 1699 458 de
1737 399 2032 475 emptione
2068 398 2275 459 vendi-

245 489 409 548 tione
437 489 604 565 dixit,
633 489 814 566 idque
843 488 1115 565 inprimis
1144 489 1217 546 de
1237 487 1591 547 hereditatis
1611 488 1969 550 venditione.
2037 487 2276 566 reliqua.

245 578 476 638 incerta.
522 581 681 639 sunt.

1108 719 1239 778 Lib
1254 737 1284 778 e
1296 739 1327 777 1·
1371 718 1420 779 I.

1068 836 1168 902 De
1214 838 1445 920 leyatiS.

427 963 483 1028 1.
529 962 606 1026 D.
636 963 741 1048 31,
774 962 871 1027 10.
947 961 1288 1025 Iavolenus
1326 963 1491 1026 libro
1526 963 1735 1045 primo
1766 984 1841 1026 ex
1871 961 2151 1027 Plautio.
2180 1000 2265 1008 —

243 1050 406 1118 Oum
445 1051 683 1132 fundus
726 1052 1098 1116 nominatim
1145 1051 1376 1134 leyatus
1409 1053 1507 1134 sit,
1551 1053 1608 1115 si
1646 1053 1800 1132 quid
1832 1053 1890 1115 ei
1912 1057 2060 1135 post
2092 1057 2271 1117 testa-

245 1146 521 1206 mentum
580 1142 816 1218 factum
879 1141 1182 1205 adiectum
1243 1144 1355 1219 est,
1419 1141 1489 1204 id
1547 1161 1779 1221 quoque
1843 1141 2035 1223 leyato
2099 1142 2271 1224 cedit,

240 1231 488 1294 etiamsi
539 1230 654 1294 illa
707 1230 888 1294 verba
942 1230 1180 1294 adiecta
1229 1249 1358 1293 non
1410 1231 1540 1294 sint
1592 1227 1725 1310 equi
1780 1250 1950 1294 meus
2002 1228 2159 1314 erit',
2212 1231 2273 1295 si

241 1320 421 1384 modo
476 1323 720 1383 testator
771 1339 909 1383 eam
952 1321 1200 1400 partem
1251 1338 1379 1381 non
1433 1319 1771 1399 separatim
1812 1319 2111 1401 possedit,
2163 1320 2274 1384 sed

243 1409 633 1472 universitati
665 1408 906 1488 prioris
946 1406 1137 1484 fundi
1179 1407 1486 1471 adiunxit.

423 1497 482 1560 2.
529 1495 606 1561 D.
635 1497 739 1579 21,
770 1497 828 1579 2,
857 1495 960 1560 58.
1033 1494 1377 1560 Iavolenus
1415 1496 1583 1560 libro
1622 1495 1830 1578 primo
1870 1517 1947 1559 ex
1986 1495 2264 1561 Plautio.

241 1623 333 1630 —
378 1585 576 1649 Heres
611 1605 845 1648 servum
889 1605 1014 1648 non
1057 1585 1428 1648 nominatim
1474 1585 1735 1667 leyatum
1773 1585 2033 1649 tradidit
2064 1582 2270 1667 (man-

241 1676 402 1756 cipio
449 1673 688 1755 dedit.9)
732 1678 790 1736 et
831 1674 903 1737 de
945 1673 1080 1737 dolo
1124 1674 1503 1754 repromisit;
1537 1678 1755 1756 postea
1798 1693 2008 1738 servus
2044 1675 2271 1738 evictus

240 1769 343 1828 est.
435 1783 611 1845 ayere
663 1782 801 1826 cum
855 1761 1063 1826 herede
1117 1761 1451 1844 leyatarius
1506 1783 1581 1826 ex
1636 1767 1981 1828 testamento
2022 1764 2270 1846 poterit,

237 1853 525 1934 quamvis
567 1850 736 1914 heres
779 1851 1052 1914 alienum
1097 1870 1219 1915 esse
1260 1871 1504 1915 servum
1546 1851 1938 1933 iynoraverit.

424 1941 483 2006 3.
540 1939 618 2004 D.
648 1939 752 2024 34,
783 1940 842 2013 2,
874 1941 932 2004 8.
1023 1938 1201 2003 Idem
1260 1935 1379 2027 (sc.
1423 1936 1691 2027 Paulus)
1748 1941 1916 2005 libro
1966 1962 2137 2004 nono
2186 1940 2264 2005 ad

243 2029 592 2095 Plautium.
654 2065 729 2075 -
791 2028 1106 2093 Plautius,
1197 2030 1427 2093 mulier
1483 2028 1577 2093 ita
1622 2030 1893 2115 legavit:
1952 2029 2268 2113 ‘quisquis

244 2118 406 2182 mihi
462 2118 650 2183 heres
707 2117 860 2195 erit,
915 2118 1123 2181 Titiae
1173 2121 1419 2182 vestem
1469 2140 1674 2181 meam
1724 2118 2031 2183 mundum
2080 2139 2267 2183 orna-

243 2210 588 2291 mentaque
647 2206 987 2271 muliebria
1042 2206 1310 2271 damnas
1362 2211 1501 2271 est-o
1549 2205 1741 2272 dare'.
1846 2205 2109 2272 Cassius
2156 2206 2268 2289 ait,

244 2297 301 2360 si
356 2317 485 2359 non
541 2299 906 2379 appareret,
964 2294 1118 2379 quid
1173 2296 1513 2378 sensisset,
1568 2317 1820 2360 omnem
1878 2299 2123 2361 vestem
2170 2317 2267 2359 se-

245 2383 519 2447 cundum
550 2384 747 2447 verba
775 2384 1151 2447 testamenti
1178 2384 1462 2467 legatam
1490 2384 1713 2448 videri.
1778 2384 2036 2449 Paulus.
2097 2383 2268 2449 idem

240 2471 584 2537 Iavolenus
659 2472 907 2553 scribit,
979 2473 1128 2552 quia
1197 2472 1526 2537 verisimile
1596 2477 1708 2556 est,
1779 2472 2016 2557 inquit,
2090 2482 2265 2538 testa-

244 2561 456 2624 tricem
484 2564 724 2624 tantum
752 2566 1250 2625 ornamentorum
1279 2562 1667 2626 universitati
1692 2563 2019 2646 deroyasse,
2047 2562 2269 2644 quibus

235 2650 746 2731 siqnificationem
800 2650 1190 2713 muliebrium
1235 2651 1767 2727 accommodasset;
1813 2650 2124 2735 ¹aczeedere
2172 2671 2267 2734 e0‚

243 2738 412 2821 quod
469 2738 584 2801 illa
638 2738 1100 2802 demonstratio
1158 2736 1543 2802 ‘muliebria'
1595 2760 1800 2822 neque
1846 2738 2014 2803 vesti
2058 2759 2267 2822 neque

245 2826 486 2891 mundo
544 2827 854 2909 applicari
913 2828 1094 2890 salva
1147 2827 1397 2891 ratione
1452 2828 1609 2890 recti
1667 2827 1983 2891 sermonis
2029 2829 2266 2910 potest.

418 2924 480 2988 4.
525 2922 605 2987 D.
635 2924 739 3005 32,
771 2925 873 2988 77.
945 2922 1291 2989 Iavolenus
1329 2924 1493 2989 libro
1523 2924 1733 3007 primo
1765 2946 1841 2988 ex
1870 2923 2147 2990 Plautio.
2177 2962 2266 2974 —

233 3011 996 3167 guargngsstuiubstitutione
1051 3013 1247 3095 lcyata
1301 3018 1668 3097 repetuntur,
1726 3014 2027 3079 libertates
2078 3016 2267 3079 etiam

969 3206 1068 3272 De
1109 3210 1246 3273 iure
1289 3210 1541 3274 dotium.
1646 3210 1650 3213 ’

233 3402 238 3409 .
419 3322 479 3387 5.
525 3321 603 3387 D.
637 3324 739 3405 12,
771 3322 832 3402 4,
865 3323 964 3387 10.
1038 3322 1381 3387 Iavolenus
1419 3324 1587 3388 libro
1626 3324 1833 3407 primo
1872 3344 1951 3387 ex
1986 3322 2264 3387 Plautio.

243 3448 326 3457 --
374 3410 450 3476 Si
491 3412 716 3477 mulier
761 3415 819 3476 ci
859 3413 964 3477 cui
1004 3416 1279 3494 nuptura
1324 3417 1458 3477 erat
1490 3432 1627 3477 cum
1664 3413 1859 3476 dotem
1893 3414 2043 3477 dare
2076 3412 2263 3489 vellet,

226 3500 563 3582 pecuniam
598 3522 753 3583 quae
787 3501 908 3565 sibi
942 3501 1262 3565 debebatur
1296 3506 1603 3583 acceptam
1627 3501 1773 3581 fecit
1797 3522 1985 3582 neque
2007 3501 2267 3583 nuptiae

241 3590 545 3653 insecutae
588 3594 749 3671 sunt,
794 3593 945 3653 recte
989 3590 1064 3653 ab
1109 3610 1177 3653 eo
1208 3593 1478 3671 pecunia
1512 3590 1871 3668 condicetur,
1916 3589 2064 3670 quia
2100 3588 2265 3651 nihil
