2575 3900
622 213 674 260 3.
719 205 795 261 M.
827 203 1173 260 COCCEIUS
1211 204 1463 258 NERVA
1503 203 1572 260 Μ.
1606 205 1661 259 F.
2116 205 2157 268 ’ἶ

323 374 475 444 Quae
519 373 754 446 inclusi,
798 373 1044 432 Perniee
1090 372 1354 432 eicienda
1398 373 1611 433 merito
1658 376 1876 433 censet.

321 464 385 522 of.
414 462 538 523 Gai.
573 464 629 540 2,
663 465 764 522 67.

320 573 372 636 6.
419 571 494 636 D.
513 572 668 637 ibid.
690 575 731 652 ἓ
759 573 858 637 14.
887 607 972 618 --
1000 569 1166 636 Item
1201 571 1373 635 feras
1408 570 1667 652 bestias,
1706 592 1864 655 quas
1893 570 2159 636 vivariis

179 659 611 744 incluserimus,
668 666 733 725 et
786 662 1026 745 pisces,
1080 681 1239 744 quos
1286 660 1353 724 in
1398 659 1679 743 piscinas
1726 659 2160 745 eoieeerimus,

175 771 205 810 a
239 750 411 814 nobis
454 748 794 834 possideri.
878 747 988 813 sed
1038 770 1145 812 eos
1191 747 1419 832 pisces,
1468 747 1576 832 qui
1620 747 1689 812 in
1737 751 1969 832 stagno
2009 748 2159 832 sint,

172 845 263 901 aut
293 837 472 921 feras,
518 859 681 922 quae
718 838 783 901 in
824 835 1000 902 silvis
1040 836 1480 918 circumseptis
1518 841 1859 921 vagantur,
1898 859 1936 901 a
1971 838 2158 902 nobis

170 947 277 990 non
302 926 631 1010 possideri,
659 926 968 1011 quoniam
995 925 1256 990 relictae
1285 926 1418 990 sint
1446 926 1513 989 in
1534 925 1832 990 libertate
1853 926 2163 1012 naturali3

171 1014 426 1099 alioquin
464 1015 663 1080 etiam
703 1016 758 1079 si
797 1015 940 1099 quis
981 1015 1209 1079 silvam
1245 1014 1493 1097 emerit,
1528 1012 1731 1078 videri
1759 1034 1903 1078 eum
1935 1036 2161 1080 omnes

168 1102 310 1168 feras
353 1103 698 1188 possidere.

319 1215 386 1276 cf.
417 1213 548 1274 Gai.
580 1218 636 1289 2,
668 1217 770 1274 68.

322 1327 378 1390 7.
430 1324 512 1390 D.
539 1325 691 1389 ibid.
719 1326 873 1405 §17
922 1347 980 1389 v.
963 1346 1222 1459 —supra
1267 1348 1331 1409 p.
1358 1323 1421 1390 5.

321 1413 379 1478 8.
439 1412 520 1478 D.
556 1413 663 1496 41,
698 1415 760 1497 2,
796 1412 902 1478 47.
1097 1411 1275 1478 Idem
1342 1412 1459 1494 (se.
1507 1409 1931 1500 Papinianus)
1995 1413 2163 1478 libro

171 1500 489 1568 vicensimo
565 1505 747 1566 sexto
807 1449 1269 1578 Quaes—tionum
1339 1499 1437 1590 (P.
1486 1499 1662 1588 319).
1733 1538 1807 1548 -
1881 1499 1953 1568 Si
2025 1523 2163 1567 rem

172 1589 442 1654 mobilem
507 1589 674 1674 apud
739 1594 803 1655 te
864 1589 1221 1674 depositam
1280 1596 1394 1655 aut
1450 1612 1527 1655 ex
1582 1589 1985 1656 commodato
2040 1591 2163 1656 tibi

170 1675 606 1763 (permissam)
695 1678 1022 1781 possidere
1112 1700 1318 1764 neque
1398 1678 1660 1744 reddere
1734 1680 2165 1763 constitueriS,

173 1766 485 1832 confestim
548 1767 841 1833 amisisse
906 1788 1008 1831 me
1063 1768 1543 1852 possessionem
1597 1766 1698 1833 vel
1753 1768 2162 1853 ignorantem

173 1874 516 1938 responsum
567 1859 682 1921 est.
762 1857 940 1921 euius
987 1859 1082 1921 rei
1124 1856 1404 1921 forsitan
1451 1856 1567 1921 illa
1610 1855 1779 1921 ratio
1828 1860 1943 1940 est,
1991 1857 2160 1941 quod

176 1962 358 2009 rerum
385 1944 718 2011 mobilium
742 1946 1036 2031 neglecta
1057 1948 1249 2029 atque
1271 1945 1512 2012 omissa
1531 1944 1840 2029 custodia,
1871 1945 2163 2030 quamvis

177 2052 266 2095 eas
307 2055 487 2100 nemo
536 2033 704 2099 alius
749 2034 1079 2117 invaserit,
1123 2034 1358 2099 veteris
1395 2035 1820 2118 possessionis
1858 2035 2163 2100 damnum

179 2119 398 2221 adferre
460 2124 829 2205 consuevit,
892 2123 1084 2207 idque
1129 2121 1351 2189 Nerva
1412 2124 1586 2188 filius
1642 2123 1826 2187 libris
1883 2124 1959 2187 de
2014 2146 2162 2188 usu·

180 2212 857 2366 {tarrensis
885 2211 2165 2384 ..332ss.³53332.?¹;220.533.1·.20103223

182 2386 392 2452 tamdiu
450 2392 737 2453 veterem
800 2388 1089 2453 retineri¹
1090 2439 1109 2473 ,
1173 2387 1476 2474 quamdiu
1539 2410 1730 2455 nemo
1796 2389 1961 2454 alius
2018 2412 2163 2454 eum

184 2474 470 2552 possidere
533 2477 820 2562 eoeperit
884 2477 1206 2558 [videlicet
1259 2478 1431 2561 ideo,
1495 2479 1644 2562 quia
1697 2481 1915 2580 potest
1967 2477 2164 2544 homo

188 2564 476 2660 proposito
507 2565 817 2630 redeundi
844 2566 1104 2631 domino
1132 2566 1607 2650 possessionem
1638 2567 1739 2630 sui
1768 2587 2165 2642 conservare,

191 2648 337 2713 ouius
368 2674 626 2739 corpore
665 2657 910 2719 ceteras
951 2676 1200 2739 quoque
1237 2676 1341 2719 res
1377 2674 1721 2737 possumus
1757 2651 2085 2736 possidere
2100 2615 2165 2734 ‘?]'

895 2834 1008 2895 ΙΙΙ.
1072 2884 1084 2896 .
1117 2883 1129 2896 .
1158 2880 1173 2897 .
1221 2836 1413 2896 libri.

328 2948 486 3011 Alios
523 2969 778 3029 quorum
815 2950 889 3010 de
925 2954 1276 3029 argumento
1316 2950 1466 3009 nihil
1492 2953 1664 3028 patet
1689 2951 1873 3011 libros
1901 2951 2165 3013 Nervam

187 3039 543 3112 composuisse
588 3038 823 3116 reliqua
868 3040 1209 3118 fragmenta
1252 3039 1536 3099 indicant.

969 3193 1070 3259 De
1114 3194 1343 3277 leqatis.

333 3316 385 3379 1.
427 3314 502 3382 D.
526 3317 583 3400 7,
606 3318 664 3401 1,
688 3317 788 3402 13,
810 3318 867 3383 7.
950 3316 1130 3383 Idem
1179 3314 1294 3403 (se.
1333 3314 1678 3403 Ulpianus)
1726 3317 1889 3382 libro
1937 3322 2165 3384 octavo

190 3394 395 3467 decimo
449 3405 526 3470 ad
575 3404 887 3471 Sabinum
937 3404 1036 3491 (P.
1066 3402 1421 3491 2582).-
1474 3456 1487 3469 .
1517 3454 1532 3470 .
1591 3405 1647 3470 si
1702 3405 1954 3470 aedium
2008 3429 2167 3471 usus

303 3570 330 3618 1
367 3568 453 3624 ΓΖ.
489 3572 626 3628 fieri.
