2575 3900
1018 207 1066 257 7.
1103 199 1484 258 PROCULUS
2153 201 2275 266 151

422 365 528 430 46.
583 362 661 429 D.
706 365 807 444 17,
844 365 905 450 2,
944 364 1024 429 67
1049 385 1143 448 pr.
1232 362 1474 428 Paulus
1529 363 1697 430 libro
1741 365 2124 450 trigensimo
2172 387 2270 430 se-

240 453 451 520 cundo
499 452 581 518 ad
629 453 910 518 edictum
957 451 1059 539 (P.
1092 449 1262 539 49¹²).
1316 488 1391 499 —
1444 451 1515 518 Si
1559 475 1724 518 unus
1771 476 1850 518 ex
1897 455 2088 520 sociis
2133 475 2270 519 rem

245 563 649 608 communem
692 542 1054 607 vendiderit
1101 562 1419 607 consensu
1465 541 1805 627 sociorum,
1850 543 2133 626 pretium
2178 544 2274 607 di-

241 631 373 696 vidi
429 631 622 695 debet
674 631 798 715 ita,
856 634 931 694 ut
987 631 1045 694 ei
1102 633 1406 695 caveatur
1459 629 1826 696 indemnem
1891 653 2036 695 eum
2101 631 2274 696 futu·

241 743 386 785 rum
419 772 433 786 .
464 720 632 804 quod
693 720 748 784 si
803 720 938 784 iam
993 718 1296 785 damnum
1352 741 1585 803 passus
1637 723 1762 803 est,
1816 719 1942 785 hoc
1989 719 2048 784 ei
2094 741 2276 803 prae-

246 808 544 874 stabitur.
589 808 700 872 sed
731 809 788 873 si
807 808 1091 891 pretium
1122 809 1665 874 communicatum
1696 810 1786 873 sit
1813 809 1953 873 sine
1981 809 2278 875 cautione

245 902 311 963 et
386 897 628 981 aliquid
693 897 1099 983 praestiterit
1162 896 1219 961 is
1286 897 1396 980 qui
1459 896 1769 977 vendidit,
1843 918 1952 983 an,
2026 898 2080 962 si
2142 919 2278 964 non

247 1009 473 1054 omnes
522 985 683 1052 socii
732 986 1042 1052 solvendo
1089 985 1248 1069 sint,
1299 985 1467 1069 quod
1517 1007 1554 1050 a
1601 985 1988 1070 quibusdam
2034 988 2280 1052 servari

244 1098 379 1228 {3¹0¹
428 1075 1526 1248 {13tiffzssssssffifiz„⁶53⁰ssssssssssss
1582 1073 1904 1248 5335?ss
1907 1075 2277 1247 '²312ssssssssssss

246 1254 492 1320 servari
527 1274 661 1317 non
699 1254 934 1337 potest,
978 1253 1361 1338 rationeque
1397 1251 1656 1317 defendi
1692 1274 1903 1337 posse,
1949 1254 2276 1336 quoniam,

252 1343 526 1408 societas
574 1363 719 1406 cum
765 1341 1185 1424 contrahitur,
1231 1346 1370 1406 tam
1416 1341 1580 1406 lucri
1617 1363 1811 1426 quam
1849 1341 2068 1406 damni
2106 1363 2275 1408 com-

248 1436 737 1602 mumginlsslg,
770 1519 872 1601 14,
900 1519 983 1584 27
1002 1541 1097 1603 pr.
1168 1517 1411 1584 Paulus
1449 1517 1619 1584 libro
1657 1519 1850 1583 tertio
1882 1519 1963 1584 ad
1993 1519 2273 1585 edictum

246 1606 348 1695 (P.
388 1604 562 1694 127).
616 1644 691 1655 —
744 1605 814 1674 Si
867 1629 1033 1672 unus
1090 1629 1167 1671 ex
1224 1607 1610 1693 argentariis
1667 1608 1859 1672 sociis
1907 1629 2052 1672 cum
2098 1608 2277 1672 debi-

242 1701 383 1762 tore
457 1701 688 1781 pactus
764 1697 876 1781 sit,
949 1717 1033 1762 an
1108 1697 1306 1760 etiam
1381 1696 1568 1761 alteri
1638 1701 1870 1762 noceat
1933 1696 2276 1780 exceptio?

242 1785 554 1852 Neratius
598 1784 945 1850 Atilicinus
981 1785 1315 1871 Proculus,
1359 1805 1475 1850 nec
1522 1784 1578 1848 si
1621 1785 1688 1849 in
1726 1806 1863 1849 rem
1900 1788 2128 1869 pactus
2168 1786 2277 1870 sit,

242 1875 437 1940 alteri
492 1895 753 1961 nocere3
809 1876 1063 1940 tantum
1120 1875 1297 1938 enim
1343 1873 1803 1959 constitutum,
1864 1876 1938 1938 ut
1995 1874 2276 1940 solidum

245 1965 415 2029 alter
461 1969 681 2047 petere
727 1964 951 2048 possit.

266 2100 272 2107 -
418 2054 524 2119 48.
580 2052 657 2117 D.
703 2054 801 2136 17,
838 2054 903 2137 2,
941 2052 1136 2136 65pr.
1226 2050 1466 2118 Paulus
1522 2052 1690 2117 libro
1744 2052 2128 2136 trigensimo
2175 2074 2274 2118 se-

248 2142 458 2208 cundo
523 2141 603 2207 ad
672 2142 951 2207 edictum
1018 2138 1120 2229 (P.
1159 2139 1342 2226 495).
1397 2178 1481 2188 —
1539 2139 1850 2207 Proculus
1888 2188 1905 2207 .
1944 2191 1960 2207 .
1997 2141 2090 2207 ait
2153 2142 2278 2208 hoc

246 2232 391 2315 ipso
470 2230 642 2317 quod
707 2230 1013 2295 iudicium
1076 2230 1219 2295 ideo
1287 2230 1598 2295 dictatum
1661 2233 1786 2314 est,
1861 2235 1936 2294 ut
2000 2231 2276 2297 societas

250 2320 671 2404 distrahatur,
715 2320 1153 2384 renuntiatam
1202 2320 1596 2403 societatem,
1644 2319 1780 2384 sive
1826 2322 2115 2384 totorum
2161 2320 2276 2384 bo-

246 2430 481 2473 norum
528 2408 663 2473 sive
710 2408 901 2473 unius
948 2407 1043 2472 rei
1090 2408 1366 2474 societas
1413 2407 1584 2473 coita
1632 2407 1735 2472 sit.

971 2583 1073 2649 De
1118 2585 1552 2649 communione.

420 2710 527 2775 49.
592 2707 669 2775 D.
720 2710 829 2790 10,
876 2710 946 2792 2,
993 2708 1079 2773 52
1098 2730 1189 2790 pr.
1288 2706 1468 2774 Idem
1535 2704 1650 2795 (sc.
1713 2705 2036 2795 Iulianus)
2102 2709 2273 2776 libro

244 2798 526 2864 secundo
592 2796 672 2863 ad
726 2796 1032 2863 Urseium
1086 2795 1396 2862 Ferocem
1449 2795 1550 2883 (P.
1589 2798 1768 2883 896).
1829 2835 1904 2843 -
1965 2796 2275 2883 MaeviUS,

241 2888 352 2971 qui
418 2908 537 2953 nos
601 2886 870 2951 heredes
934 2886 1113 2969 fecit,
1176 2908 1314 2950 rem
1379 2907 1782 2951 communem
1841 2887 2070 2964 habuit
2126 2910 2270 2954 cum

245 2975 462 3043 Attio:
511 2976 568 3041 si
614 2998 761 3041 cum
800 2974 987 3040 Attio
1037 2976 1362 3040 communi
1407 2975 1754 3041 dividundo
1803 2976 2161 3061 egissemus
2209 2982 2274 3042 et

244 3066 437 3131 nobis
474 3087 561 3141 ,ea
606 3086 708 3129 res
757 3064 1120 3129 adiudicata
1166 3067 1355 3149 esset,
1397 3069 1737 3130 venturam
1785 3087 1927 3130 eam
1974 3066 2042 3130 in
2089 3067 2271 3131 fami-

240 3153 367 3218 liae
414 3153 823 3218 erciscundae
867 3153 1104 3219 iudicio
1149 3151 1464 3219 Proculus
1510 3153 1620 3218 ait.

418 3240 525 3308 50.
570 3241 646 3306 D.
678 3242 736 3325 8,
764 3243 825 3322 2,
859 3242 937 3307 19
953 3265 1047 3327 pr.
1120 3240 1360 3308 Paulus
1399 3244 1565 3307 libro
1606 3247 1786 3309 sexto
1827 3240 1907 3307 ad
1943 3242 2256 3309 Sabinum

238 3328 342 3418 (P.
377 3329 593 3418 1738).
634 3366 718 3377 —
758 3329 1073 3396 Fistulam
1117 3331 1402 3396 iunctam
1439 3332 1671 3416 parieti
1708 3333 2052 3417 communi,
2101 3355 2264 3417 quae

238 3425 355 3485 aut
410 3442 488 3485 ex
541 3419 808 3486 castello
865 3425 978 3484 aut
1032 3441 1108 3484 ex
1162 3422 1341 3485 caelo
1397 3442 1632 3504 aquam
1686 3422 1885 3504 capit,
1940 3443 2072 3486 non
2118 3426 2263 3486 iure

388 3582 417 3630 1
458 3576 554 3635 Fz.
595 3577 711 3635 sed.
