2575 3900
802 216 851 264 6.
897 206 1315 263 IAVOLENUS
1352 207 1645 263 PRISCUS
2096 207 2230 273 455

219 378 434 453 quibus
481 378 553 437 de
605 377 824 455 legatis
861 380 924 437 et
959 376 1032 436 de
1070 376 1407 454 donatione,
1454 375 1713 436 alterum
1748 394 1971 455 eorum,
2018 377 2237 454 quibus

223 466 296 525 de
349 467 564 526 damno
615 466 836 526 iniuria.
881 467 1022 525 dato
1069 469 1130 526 et
1177 465 1249 524 de
1294 466 1577 541 pauperie
1622 468 1938 543 tractatur,
1983 485 2237 541 quorum

218 557 482 631 capitum
537 555 796 616 alterum
849 554 1218 632 insequentis
1273 554 1416 613 libri
1468 554 1580 613 XV
1635 554 1857 630 capite,
1923 554 2087 632 quod
2142 557 2237 613 est

218 644 296 703 de
341 645 542 719 furtiS,
590 644 780 721 excipi
825 644 1086 704 videtur.

918 799 1019 864 De
1063 800 1184 881 leye
1225 798 1535 863 Falcidia.

397 917 496 980 71.
545 914 620 980 D.
650 914 758 997 35,
791 915 850 995 2,
880 915 967 979 60
987 936 1080 998 pr.
1156 914 1497 978 Iavolenus
1524 913 1689 978 libro
1722 916 1952 998 quarto
1983 912 2233 976 decimo

216 1025 296 1067 ex
354 1001 596 1068 Cassio,
641 1039 729 1050 —
781 1002 935 1067 Cum
983 1008 1161 1085 pater
1213 1003 1515 1084 impuberi
1564 1003 1737 1086 filiae
1780 1002 2051 1065 heredem
2094 1001 2234 1066 sub·

215 1094 433 1173 stituit,
473 1095 544 1157 id
583 1094 745 1175 quod
779 1093 838 1157 ei
873 1092 1210 1175 lecatorum
1243 1093 1492 1155 nomine
1524 1112 1567 1155 a
1590 1095 1773 1174 patre
1810 1091 2057 1174 obvenit,
2094 1110 2235 1154 cum

213 1181 514 1247 hereditas
566 1183 652 1246 ad
691 1182 1043 1246 substitutos
1074 1182 1368 1263 pertinet,
1423 1182 1491 1244 in
1534 1182 2040 1263 computationem
2084 1180 2235 1262 leyis

213 1270 535 1336 Falcidiae
577 1291 702 1334 non
745 1271 922 1335 venit.

396 1360 500 1423 72.
561 1359 640 1426 D.
675 1359 832 1423 ibid.
867 1360 907 1438 ἓ
949 1360 1005 1422 1.
1067 1395 1143 1404 -
1202 1358 1431 1439 Leyato
1483 1358 1672 1438 petito
1735 1378 1873 1421 cum
1931 1358 2001 1422 in
2064 1358 2232 1421 litem

214 1449 494 1512 iuratum
537 1453 638 1527 est,
684 1448 753 1511 in
795 1448 1037 1511 ratione
1085 1448 1233 1529 leyis
1267 1446 1591 1510 Falcidiae
1634 1445 1882 1527 (ratio)
1926 1466 2052 1509 non
2096 1447 2235 1511 eius

210 1557 513 1614 summae,
567 1538 634 1600 in
687 1557 876 1618 quam
931 1536 1263 1617 leyatarius
1318 1535 1576 1616 iuravit,
1627 1534 1839 1599 haberi
1880 1535 2069 1617 debet,
2125 1536 2236 1600 scd

210 1627 369 1705 eius,
423 1627 639 1708 quanti
690 1646 758 1689 re
807 1646 959 1695 vera,
1007 1625 1077 1688 id
1121 1623 1252 1705 fuit
1293 1625 1456 1704 quod
1484 1624 1748 1704 petitum
1792 1628 1909 1699 est,·
1964 1644 2115 1687 nam
2158 1622 2234 1688 id

211 1715 377 1796 quod
427 1734 664 1797 poenae
725 1734 916 1778 causa
977 1714 1244 1777 adcrevit
1304 1714 1375 1775 in
1439 1712 1621 1795 leyem
1685 1710 2039 1776 Falcidiam
2102 1732 2231 1777 non

211 1804 444 1869 incidit.

949 1888 1050 1956 De
1085 1890 1209 1972 leye
1251 1888 1485 1956 Cincio.

392 2009 492 2074 73.
547 2007 626 2074 D.
663 2008 766 2090 39,
803 2007 864 2087 5,
902 2008 1003 2073 24.
1087 2005 1436 2072 Iavolenus
1483 2006 1648 2070 libro
1697 2011 1926 2090 quarto
1975 2007 2221 2071 decimo

210 2119 290 2161 ex
353 2096 597 2162 Cassio.
653 2133 734 2142 —
791 2096 1177 2161 Fideiussori
1237 2097 1395 2180 cizic,
1457 2096 1566 2178 qui
1622 2096 1972 2160 donationis
2034 2116 2226 2160 causa

203 2187 530 2268 pecuniam
583 2206 774 2269 supra
809 2187 1059 2250 modum
1105 2185 1252 2267 leyis
1296 2185 1403 2266 (sc.
1450 2183 1728 2268 Cinciae)
1763 2185 2079 2268 promisit,
2125 2205 2225 2248 ea·-

207 2276 396 2356 ceptio
439 2276 585 2340 dari
629 2275 793 2339 debet
833 2276 1019 2338 etiam
1061 2275 1253 2338 invito
1299 2294 1426 2358 reo,
1478 2294 1579 2356 ne,
1623 2275 1682 2338 si
1721 2273 1880 2353 forte
1922 2293 2063 2338 reus
2105 2273 2226 2338 sol·

208 2365 398 2428 vendo
442 2384 569 2427 non
607 2363 826 2448 fuerit,
862 2363 1195 2445 pecuniam
1239 2363 1560 2444 fideiussor
1603 2363 1864 2426 amittat.

925 2521 1025 2587 De
1045 2497 1192 2603 *leye
1235 2521 1517 2602 Aquilia.

393 2637 494 2701 74.
551 2635 627 2701 D.
657 2638 718 2718 9,
746 2638 804 2719 2,
833 2638 915 2701 37
949 2661 1042 2722 pr.
1123 2637 1466 2702 Iavolenus
1505 2635 1671 2700 libro
1711 2641 1939 2720 quarto
1978 2635 2223 2701 decimo

208 2747 288 2790 ex
343 2723 588 2790 cassio.
643 2761 732 2772 —-
786 2725 972 2791 Liber
1028 2727 1204 2790 homo
1265 2727 1325 2790 si
1377 2727 1551 2790 iussu
1602 2725 1859 2789 alterius
1918 2725 2222 2789 damnum

205 2813 486 2880 iniuria1
530 2815 712 2896 dedit,
756 2816 913 2879 actio
961 2817 1107 2897 leyis
1150 2816 1447 2896 Aquiliae
1490 2835 1628 2879 cum
1664 2834 1729 2878 eo
1764 2817 1852 2878 est
1883 2814 1991 2894 qui
2026 2814 2223 2892 iussit,

204 2905 266 2970 si
309 2904 484 2968 modo
529 2905 629 2967 ius
672 2905 1023 3006 imperandi
1065 2904 1293 2970 habuit.
1349 2904 1511 2985 quod
1550 2904 1608 2968 si
1650 2923 1775 2967 non
1810 2902 2041 2985 habuit,
2086 2923 2223 2967 cum

203 3014 271 3058 eo
317 2993 618 3076 ayendum
662 2997 749 3057 est
790 2994 901 3073 qui
939 2992 1100 3073 fecit.

387 3083 487 3146 75.
553 3080 630 3146 D.
668 3080 820 3146 ibid.
859 3085 898 3161 ξ
938 3082 994 3145 1.
1051 3119 1134 3128 -
1191 3081 1266 3146 Si
1317 3083 1686 3163 quadrupe8‚
1748 3081 1925 3145 cuius
1976 3055 2225 3145 nomine

204 3172 363 3236 actio
409 3175 557 3235 esset
598 3191 736 3234 cum
781 3171 1044 3253 domino,
1089 3173 1250 3252 quod
1278 3172 1643 3253 pauperiem
1682 3169 1934 3251 fecisset,
1980 3169 2057 3234 ab
2094 3169 2221 3234 alio

203 3261 400 3324 occisa
443 3264 531 3324 est
574 3263 632 3323 et
673 3279 812 3322 cum
857 3279 922 3324 eo
969 3260 1089 3342 leye
1133 3260 1397 3341 Aquilia
1440 3261 1664 3341 ayitur,
1710 3259 2051 3323 aestimatio
2096 3279 2223 3323 non

201 3349 290 3412 ad
339 3367 560 3429 corpus
610 3349 1049 3430 quadrupedi&
1093 3349 1202 3414 sed
1243 3349 1330 3412 ad
1370 3368 1621 3412 causam
1664 3349 1818 3428 eius,
1872 3349 1943 3411 in
1989 3367 2105 3429 quo
2149 3348 2225 3411 de

196 3438 496 3519 pauperie
548 3438 705 3500 actio
761 3441 871 3519 est,
927 3437 1144 3517 referri
1193 3437 1359 3501 debet
1400 3441 1457 3500 et
1499 3437 1657 3501 tanti
1700 3437 2093 3502 damnandus
2135 3439 2227 3500 est

349 3587 378 3635 1
418 3582 514 3638 Fl.
550 3598 721 3637 manu
756 3581 1034 3637 iniuriam.
