<?xml version="1.0" encoding="UTF-8"?>
<!DOCTYPE html PUBLIC "-//W3C//DTD XHTML 1.0 Transitional//EN"
    "http://www.w3.org/TR/xhtml1/DTD/xhtml1-transitional.dtd">
<html xmlns="http://www.w3.org/1999/xhtml" xml:lang="en" lang="en">
 <head>
  <title>
</title>
<meta http-equiv="Content-Type" content="text/html;charset=utf-8" />
  <meta name='ocr-system' content='tesseract 3.04.00' />
  <meta name='ocr-capabilities' content='ocr_page ocr_carea ocr_par ocr_line ocrx_word'/>
</head>
<body>
  <div class='ocr_page' id='page_1' title='image "./iurisprudentiae00unkngoog_0450.png"; bbox 0 0 2575 3900; ppageno 0'>
   <div class='ocr_carea' id='block_1_1' title="bbox 314 166 2291 233">
    <p class='ocr_par' dir='ltr' id='par_1_1' title="bbox 314 166 2291 233">
     <span class='ocr_line' id='line_1_1' title="bbox 314 166 2291 233; baseline 0 -10"><span class='ocrx_word' id='word_1_1' title='bbox 314 168 449 233; x_wconf 75' lang='lat'><strong>404</strong></span> <span class='ocrx_word' id='word_1_2' title='bbox 517 168 587 226; x_wconf 85' lang='lat' dir='ltr'><strong>V.</strong></span> <span class='ocrx_word' id='word_1_3' title='bbox 626 168 926 224; x_wconf 79' lang='lat' dir='ltr'><strong>NERVAE</strong></span> <span class='ocrx_word' id='word_1_4' title='bbox 963 168 1058 223; x_wconf 81' lang='lat' dir='ltr'><strong>ET</strong></span> <span class='ocrx_word' id='word_1_5' title='bbox 1095 166 1399 223; x_wconf 74' lang='lat' dir='ltr'>TRAIANI</span> <span class='ocrx_word' id='word_1_6' title='bbox 1434 168 1650 225; x_wconf 80' lang='grc' dir='ltr'><strong>ΤΕΜΡ.</strong></span> <span class='ocrx_word' id='word_1_7' title='bbox 1688 167 1877 223; x_wconf 80' lang='lat' dir='ltr'>IURIS</span> <span class='ocrx_word' id='word_1_8' title='bbox 1916 166 2291 224; x_wconf 86' lang='lat' dir='ltr'><strong>CONSULTI</strong></span> 
     </span>
    </p>
   </div>
   <div class='ocr_carea' id='block_1_2' title="bbox 313 336 2369 2349">
    <p class='ocr_par' dir='ltr' id='par_1_2' title="bbox 313 336 2369 1573">
     <span class='ocr_line' id='line_1_2' title="bbox 322 336 2368 415; baseline -0 -17"><span class='ocrx_word' id='word_1_9' title='bbox 322 341 379 415; x_wconf 89' lang='grc'><strong>7,</strong></span> <span class='ocrx_word' id='word_1_10' title='bbox 419 342 479 398; x_wconf 92' lang='lat'><strong>4.</strong></span> <span class='ocrx_word' id='word_1_11' title='bbox 569 336 641 398; x_wconf 91' lang='lat' dir='ltr'><strong>D.</strong></span> <span class='ocrx_word' id='word_1_12' title='bbox 671 340 776 415; x_wconf 89' lang='lat'>33,</span> <span class='ocrx_word' id='word_1_13' title='bbox 817 340 872 414; x_wconf 89' lang='grc'><strong>7,</strong></span> <span class='ocrx_word' id='word_1_14' title='bbox 911 339 992 399; x_wconf 88' lang='grc'>25</span> <span class='ocrx_word' id='word_1_15' title='bbox 1014 358 1100 413; x_wconf 86' lang='grc' dir='ltr'><strong>ΡΥ.</strong></span> <span class='ocrx_word' id='word_1_16' title='bbox 1192 336 1264 395; x_wconf 92' lang='lat' dir='ltr'><strong>D.</strong></span> <span class='ocrx_word' id='word_1_17' title='bbox 1298 339 1399 411; x_wconf 86' lang='lat'>34,</span> <span class='ocrx_word' id='word_1_18' title='bbox 1440 339 1494 410; x_wconf 85' lang='lat'>2,</span> <span class='ocrx_word' id='word_1_19' title='bbox 1535 339 1636 414; x_wconf 86' lang='lat'>39,</span> <span class='ocrx_word' id='word_1_20' title='bbox 1678 339 1732 397; x_wconf 93' lang='lat'><strong>1.</strong></span> <span class='ocrx_word' id='word_1_21' title='bbox 1825 336 1895 396; x_wconf 89' lang='lat' dir='ltr'><strong>D.</strong></span> <span class='ocrx_word' id='word_1_22' title='bbox 1927 337 2028 397; x_wconf 90' lang='lat'><strong>35.</strong></span> <span class='ocrx_word' id='word_1_23' title='bbox 2064 339 2120 413; x_wconf 90' lang='lat'>1,</span> <span class='ocrx_word' id='word_1_24' title='bbox 2152 338 2265 411; x_wconf 82' lang='grc'><strong>40,</strong></span> <span class='ocrx_word' id='word_1_25' title='bbox 2302 340 2368 397; x_wconf 92' lang='grc'>2.</span> 
     </span>
     <span class='ocr_line' id='line_1_3' title="bbox 318 421 2369 504; baseline -0 -16"><span class='ocrx_word' id='word_1_26' title='bbox 318 424 360 503; x_wconf 65' lang='grc' dir='ltr'>ἓ</span> <span class='ocrx_word' id='word_1_27' title='bbox 392 429 428 488; x_wconf 91' lang='grc'><strong>5</strong></span> <span class='ocrx_word' id='word_1_28' title='bbox 479 421 707 486; x_wconf 74' lang='lat' dir='ltr'><strong>‘Labeo</strong></span> <span class='ocrx_word' id='word_1_29' title='bbox 738 474 750 486; x_wconf 91' lang='lat'><strong>.</strong></span> <span class='ocrx_word' id='word_1_30' title='bbox 783 473 797 488; x_wconf 97' lang='lat'><strong>.</strong></span> <span class='ocrx_word' id='word_1_31' title='bbox 825 472 839 485; x_wconf 92' lang='lat'><strong>.</strong></span> <span class='ocrx_word' id='word_1_32' title='bbox 867 427 1088 503; x_wconf 85' lang='lat' dir='ltr'><strong>probat</strong></span> <span class='ocrx_word' id='word_1_33' title='bbox 1114 472 1129 486; x_wconf 97' lang='lat'><strong>.</strong></span> <span class='ocrx_word' id='word_1_34' title='bbox 1161 473 1174 487; x_wconf 96' lang='lat'><strong>.</strong></span> <span class='ocrx_word' id='word_1_35' title='bbox 1205 471 1219 485; x_wconf 95' lang='lat'><strong>.</strong></span> <span class='ocrx_word' id='word_1_36' title='bbox 1246 425 1407 486; x_wconf 91' lang='lat' dir='ltr'><strong>idem</strong></span> <span class='ocrx_word' id='word_1_37' title='bbox 1452 428 1517 485; x_wconf 88' lang='lat' dir='ltr'><strong>et</strong></span> <span class='ocrx_word' id='word_1_38' title='bbox 1549 445 1664 504; x_wconf 80' lang='lat' dir='ltr'><strong>ego</strong></span> <span class='ocrx_word' id='word_1_39' title='bbox 1701 427 1764 485; x_wconf 87' lang='lat' dir='ltr'><strong>et</strong></span> <span class='ocrx_word' id='word_1_40' title='bbox 1797 424 2093 485; x_wconf 88' lang='lat' dir='ltr'><strong>Proculus</strong></span> <span class='ocrx_word' id='word_1_41' title='bbox 2132 426 2369 502; x_wconf 81' lang='lat' dir='ltr'><strong>proba-</strong></span> 
     </span>
     <span class='ocr_line' id='line_1_4' title="bbox 317 507 2367 592; baseline 0 -17"><span class='ocrx_word' id='word_1_42' title='bbox 317 510 494 577; x_wconf 89' lang='lat' dir='ltr'><strong>mus&#39;.</strong></span> <span class='ocrx_word' id='word_1_43' title='bbox 584 514 658 577; x_wconf 89' lang='lat' dir='ltr'><strong>D.</strong></span> <span class='ocrx_word' id='word_1_44' title='bbox 686 516 790 589; x_wconf 89' lang='lat'>40,</span> <span class='ocrx_word' id='word_1_45' title='bbox 822 519 880 589; x_wconf 89' lang='grc'><strong>7,</strong></span> <span class='ocrx_word' id='word_1_46' title='bbox 910 518 1012 592; x_wconf 88' lang='grc'><strong>39,</strong></span> <span class='ocrx_word' id='word_1_47' title='bbox 1043 516 1080 575; x_wconf 90' lang='grc'>3</span> <span class='ocrx_word' id='word_1_48' title='bbox 1130 509 1356 574; x_wconf 77' lang='lat' dir='ltr'><strong>‘Labeo</strong></span> <span class='ocrx_word' id='word_1_49' title='bbox 1386 558 1399 573; x_wconf 93' lang='lat'><strong>.</strong></span> <span class='ocrx_word' id='word_1_50' title='bbox 1432 562 1443 573; x_wconf 98' lang='lat'><strong>.</strong></span> <span class='ocrx_word' id='word_1_51' title='bbox 1474 562 1505 591; x_wconf 92' lang='lat'><strong>.,</strong></span> <span class='ocrx_word' id='word_1_52' title='bbox 1552 516 1709 592; x_wconf 88' lang='lat' dir='ltr'><strong>quod</strong></span> <span class='ocrx_word' id='word_1_53' title='bbox 1756 533 1965 574; x_wconf 83' lang='lat' dir='ltr'><strong>verum</strong></span> <span class='ocrx_word' id='word_1_54' title='bbox 2009 507 2147 575; x_wconf 88' lang='lat' dir='ltr'><strong>est&#39;.</strong></span> <span class='ocrx_word' id='word_1_55' title='bbox 2241 513 2286 591; x_wconf 68' lang='grc' dir='ltr'>ἓ</span> <span class='ocrx_word' id='word_1_56' title='bbox 2320 519 2367 575; x_wconf 88' lang='grc'>4</span> 
     </span>
     <span class='ocr_line' id='line_1_5' title="bbox 318 598 2367 679; baseline 0 -15"><span class='ocrx_word' id='word_1_57' title='bbox 318 598 642 665; x_wconf 77' lang='lat' dir='ltr'><strong>‘Labeonis</strong></span> <span class='ocrx_word' id='word_1_58' title='bbox 680 651 695 666; x_wconf 93' lang='lat'><strong>.</strong></span> <span class='ocrx_word' id='word_1_59' title='bbox 728 652 740 665; x_wconf 98' lang='lat'><strong>.</strong></span> <span class='ocrx_word' id='word_1_60' title='bbox 771 651 786 666; x_wconf 93' lang='lat'><strong>.</strong></span> <span class='ocrx_word' id='word_1_61' title='bbox 824 604 1121 665; x_wconf 87' lang='lat' dir='ltr'><strong>sententia</strong></span> <span class='ocrx_word' id='word_1_62' title='bbox 1171 603 1466 663; x_wconf 85' lang='lat' dir='ltr'><strong>rationem</strong></span> <span class='ocrx_word' id='word_1_63' title='bbox 1521 604 1758 679; x_wconf 89' lang='lat' dir='ltr'><strong>quidem</strong></span> <span class='ocrx_word' id='word_1_64' title='bbox 1813 602 2024 673; x_wconf 90' lang='lat' dir='ltr'><strong>habet,</strong></span> <span class='ocrx_word' id='word_1_65' title='bbox 2082 604 2192 663; x_wconf 84' lang='lat' dir='ltr'><strong>sed</strong></span> <span class='ocrx_word' id='word_1_66' title='bbox 2241 604 2367 665; x_wconf 86' lang='lat' dir='ltr'><strong>hoc</strong></span> 
     </span>
     <span class='ocr_line' id='line_1_6' title="bbox 315 687 2365 771; baseline 0.001 -18"><span class='ocrx_word' id='word_1_67' title='bbox 315 693 447 753; x_wconf 89' lang='lat' dir='ltr'><strong>iure</strong></span> <span class='ocrx_word' id='word_1_68' title='bbox 493 694 723 754; x_wconf 89' lang='lat' dir='ltr'><strong>utimur</strong></span> <span class='ocrx_word' id='word_1_69' title='bbox 767 687 878 753; x_wconf 85' lang='lat' dir='ltr'><strong>ut&#39;.</strong></span> <span class='ocrx_word' id='word_1_70' title='bbox 967 692 1042 752; x_wconf 94' lang='lat' dir='ltr'><strong>D.</strong></span> <span class='ocrx_word' id='word_1_71' title='bbox 1084 693 1185 768; x_wconf 88' lang='lat'><strong>18,</strong></span> <span class='ocrx_word' id='word_1_72' title='bbox 1226 695 1282 769; x_wconf 91' lang='lat'>1,</span> <span class='ocrx_word' id='word_1_73' title='bbox 1324 694 1425 751; x_wconf 92' lang='grc'><strong>77.</strong></span> <span class='ocrx_word' id='word_1_74' title='bbox 1514 691 1587 753; x_wconf 98' lang='lat' dir='ltr'><strong>D.</strong></span> <span class='ocrx_word' id='word_1_75' title='bbox 1630 695 1728 766; x_wconf 93' lang='lat'>18,</span> <span class='ocrx_word' id='word_1_76' title='bbox 1759 694 1818 765; x_wconf 85' lang='lat'>4,</span> <span class='ocrx_word' id='word_1_77' title='bbox 1849 693 1907 768; x_wconf 86' lang='lat'>2,</span> <span class='ocrx_word' id='word_1_78' title='bbox 1940 695 2038 752; x_wconf 92' lang='grc'><strong>17.</strong></span> <span class='ocrx_word' id='word_1_79' title='bbox 2134 692 2208 752; x_wconf 91' lang='lat' dir='ltr'><strong>D.</strong></span> <span class='ocrx_word' id='word_1_80' title='bbox 2248 696 2365 771; x_wconf 92' lang='grc'><strong>40,</strong></span> 
     </span>
     <span class='ocr_line' id='line_1_7' title="bbox 321 774 2366 857; baseline -0 -14"><span class='ocrx_word' id='word_1_81' title='bbox 321 786 420 856; x_wconf 90' lang='grc'><strong>12,</strong></span> <span class='ocrx_word' id='word_1_82' title='bbox 442 785 528 843; x_wconf 93' lang='grc'>42</span> <span class='ocrx_word' id='word_1_83' title='bbox 562 778 785 842; x_wconf 77' lang='lat' dir='ltr'><strong>‘Labeo</strong></span> <span class='ocrx_word' id='word_1_84' title='bbox 807 828 819 841; x_wconf 93' lang='lat'><strong>.</strong></span> <span class='ocrx_word' id='word_1_85' title='bbox 841 828 855 842; x_wconf 94' lang='lat'><strong>.</strong></span> <span class='ocrx_word' id='word_1_86' title='bbox 875 824 887 837; x_wconf 89' lang='lat'><strong>.</strong></span> <span class='ocrx_word' id='word_1_87' title='bbox 907 780 1256 842; x_wconf 78' lang='lat' dir='ltr'><strong>Iavolenus:</strong></span> <span class='ocrx_word' id='word_1_88' title='bbox 1285 781 1431 841; x_wconf 87' lang='lat' dir='ltr'><strong>haec</strong></span> <span class='ocrx_word' id='word_1_89' title='bbox 1460 800 1603 841; x_wconf 86' lang='lat' dir='ltr'><strong>vera</strong></span> <span class='ocrx_word' id='word_1_90' title='bbox 1630 774 1810 839; x_wconf 79' lang='lat' dir='ltr'><strong>sunt’.</strong></span> <span class='ocrx_word' id='word_1_91' title='bbox 1856 780 1931 840; x_wconf 90' lang='lat' dir='ltr'><strong>D.</strong></span> <span class='ocrx_word' id='word_1_92' title='bbox 1953 783 2056 857; x_wconf 87' lang='lat'>35,</span> <span class='ocrx_word' id='word_1_93' title='bbox 2081 784 2139 856; x_wconf 89' lang='grc'><strong>7,</strong></span> <span class='ocrx_word' id='word_1_94' title='bbox 2168 784 2275 854; x_wconf 89' lang='grc'><strong>26,</strong></span> <span class='ocrx_word' id='word_1_95' title='bbox 2304 786 2366 842; x_wconf 94' lang='grc'><strong>1.</strong></span> 
     </span>
     <span class='ocr_line' id='line_1_8' title="bbox 315 864 2362 945; baseline -0 -15"><span class='ocrx_word' id='word_1_96' title='bbox 315 872 390 931; x_wconf 94' lang='lat' dir='ltr'><strong>D.</strong></span> <span class='ocrx_word' id='word_1_97' title='bbox 432 875 490 942; x_wconf 88' lang='grc'><strong>9,</strong></span> <span class='ocrx_word' id='word_1_98' title='bbox 527 873 582 941; x_wconf 88' lang='grc'><strong>2,</strong></span> <span class='ocrx_word' id='word_1_99' title='bbox 620 873 719 931; x_wconf 90' lang='grc'><strong>57.</strong></span> <span class='ocrx_word' id='word_1_100' title='bbox 820 870 890 930; x_wconf 89' lang='lat' dir='ltr'><strong>D.</strong></span> <span class='ocrx_word' id='word_1_101' title='bbox 931 871 1032 943; x_wconf 84' lang='lat'>24,</span> <span class='ocrx_word' id='word_1_102' title='bbox 1064 872 1120 941; x_wconf 88' lang='grc'>3,</span> <span class='ocrx_word' id='word_1_103' title='bbox 1154 872 1255 945; x_wconf 90' lang='grc'><strong>66,</strong></span> <span class='ocrx_word' id='word_1_104' title='bbox 1287 871 1343 928; x_wconf 95' lang='grc'><strong>2.</strong></span> <span class='ocrx_word' id='word_1_105' title='bbox 1445 868 1484 943; x_wconf 65' lang='grc' dir='ltr'>ξ</span> <span class='ocrx_word' id='word_1_106' title='bbox 1523 871 1563 928; x_wconf 96' lang='grc'>4</span> <span class='ocrx_word' id='word_1_107' title='bbox 1611 864 1834 929; x_wconf 74' lang='lat' dir='ltr'><strong>‘Labeo</strong></span> <span class='ocrx_word' id='word_1_108' title='bbox 1872 873 2050 945; x_wconf 89' lang='lat' dir='ltr'><strong>putat</strong></span> <span class='ocrx_word' id='word_1_109' title='bbox 2088 916 2100 929; x_wconf 93' lang='lat'><strong>.</strong></span> <span class='ocrx_word' id='word_1_110' title='bbox 2136 915 2149 929; x_wconf 94' lang='lat'><strong>.</strong></span> <span class='ocrx_word' id='word_1_111' title='bbox 2179 913 2195 929; x_wconf 90' lang='lat'><strong>.</strong></span> <span class='ocrx_word' id='word_1_112' title='bbox 2235 870 2362 929; x_wconf 90' lang='lat' dir='ltr'><strong>La·</strong></span> 
     </span>
     <span class='ocr_line' id='line_1_9' title="bbox 313 953 2361 1038; baseline 0 -19"><span class='ocrx_word' id='word_1_113' title='bbox 313 959 528 1019; x_wconf 84' lang='lat' dir='ltr'><strong>beonis</strong></span> <span class='ocrx_word' id='word_1_114' title='bbox 558 959 917 1019; x_wconf 85' lang='lat' dir='ltr'><strong>sententiam</strong></span> <span class='ocrx_word' id='word_1_115' title='bbox 943 953 1173 1035; x_wconf 88' lang='lat' dir='ltr'><strong>probo’.</strong></span> <span class='ocrx_word' id='word_1_116' title='bbox 1247 955 1331 1033; x_wconf 63' lang='grc' dir='ltr'><strong>ἐξ</strong></span> <span class='ocrx_word' id='word_1_117' title='bbox 1364 960 1419 1018; x_wconf 89' lang='grc'><strong>5.</strong></span> <span class='ocrx_word' id='word_1_118' title='bbox 1452 960 1509 1018; x_wconf 87' lang='grc'><strong>6.</strong></span> <span class='ocrx_word' id='word_1_119' title='bbox 1542 960 1595 1017; x_wconf 93' lang='grc'><strong>7.</strong></span> <span class='ocrx_word' id='word_1_120' title='bbox 1669 958 1741 1017; x_wconf 94' lang='lat' dir='ltr'><strong>D.</strong></span> <span class='ocrx_word' id='word_1_121' title='bbox 1774 960 1872 1033; x_wconf 87' lang='grc'>19,</span> <span class='ocrx_word' id='word_1_122' title='bbox 1905 961 1963 1033; x_wconf 81' lang='grc'><strong>2,</strong></span> <span class='ocrx_word' id='word_1_123' title='bbox 1993 953 2129 1038; x_wconf 87' lang='grc'>57),</span> <span class='ocrx_word' id='word_1_124' title='bbox 2171 978 2361 1036; x_wconf 84' lang='lat' dir='ltr'><strong>saepe</strong></span> 
     </span>
     <span class='ocr_line' id='line_1_10' title="bbox 314 1039 2358 1127; baseline 0.001 -20"><span class='ocrx_word' id='word_1_125' title='bbox 314 1048 496 1125; x_wconf 86' lang='lat' dir='ltr'><strong>plane</strong></span> <span class='ocrx_word' id='word_1_126' title='bbox 549 1047 913 1122; x_wconf 80' lang='lat' dir='ltr'><strong>improbavit</strong></span> <span class='ocrx_word' id='word_1_127' title='bbox 967 1039 1067 1127; x_wconf 95' lang='lat' dir='ltr'><strong>(D.</strong></span> <span class='ocrx_word' id='word_1_128' title='bbox 1100 1049 1203 1124; x_wconf 88' lang='lat'><strong>33,</strong></span> <span class='ocrx_word' id='word_1_129' title='bbox 1237 1052 1292 1120; x_wconf 95' lang='lat'>1,</span> <span class='ocrx_word' id='word_1_130' title='bbox 1325 1048 1404 1106; x_wconf 88' lang='grc'><strong>17</strong></span> <span class='ocrx_word' id='word_1_131' title='bbox 1426 1066 1515 1122; x_wconf 95' lang='grc' dir='ltr'><strong>ΡΥ.</strong></span> <span class='ocrx_word' id='word_1_132' title='bbox 1585 1046 1656 1106; x_wconf 92' lang='lat' dir='ltr'><strong>D.</strong></span> <span class='ocrx_word' id='word_1_133' title='bbox 1687 1048 1745 1123; x_wconf 89' lang='lat'><strong>8,</strong></span> <span class='ocrx_word' id='word_1_134' title='bbox 1779 1051 1834 1124; x_wconf 94' lang='lat'>1,</span> <span class='ocrx_word' id='word_1_135' title='bbox 1864 1048 1966 1106; x_wconf 91' lang='grc'><strong>20.</strong></span> <span class='ocrx_word' id='word_1_136' title='bbox 2043 1048 2111 1109; x_wconf 89' lang='lat' dir='ltr'><strong>D.</strong></span> <span class='ocrx_word' id='word_1_137' title='bbox 2157 1049 2264 1123; x_wconf 89' lang='grc'>23,</span> <span class='ocrx_word' id='word_1_138' title='bbox 2298 1050 2358 1126; x_wconf 90' lang='grc'><strong>3,</strong></span> 
     </span>
     <span class='ocr_line' id='line_1_11' title="bbox 320 1128 2359 1216; baseline -0 -18"><span class='ocrx_word' id='word_1_139' title='bbox 320 1139 421 1198; x_wconf 91' lang='grc'><strong>80.</strong></span> <span class='ocrx_word' id='word_1_140' title='bbox 496 1136 570 1197; x_wconf 94' lang='lat' dir='ltr'><strong>D.</strong></span> <span class='ocrx_word' id='word_1_141' title='bbox 602 1137 702 1213; x_wconf 85' lang='lat'>23,</span> <span class='ocrx_word' id='word_1_142' title='bbox 733 1138 790 1210; x_wconf 83' lang='lat'>5,</span> <span class='ocrx_word' id='word_1_143' title='bbox 823 1137 904 1196; x_wconf 90' lang='lat'><strong>18</strong></span> <span class='ocrx_word' id='word_1_144' title='bbox 921 1128 1039 1216; x_wconf 89' lang='lat' dir='ltr'><strong>pr.)</strong></span> <span class='ocrx_word' id='word_1_145' title='bbox 1093 1137 1190 1197; x_wconf 83' lang='lat' dir='ltr'><strong>vel</strong></span> <span class='ocrx_word' id='word_1_146' title='bbox 1245 1154 1380 1195; x_wconf 91' lang='lat' dir='ltr'><strong>cum</strong></span> <span class='ocrx_word' id='word_1_147' title='bbox 1436 1137 1780 1209; x_wconf 77' lang='lat' dir='ltr'><strong>exceptione</strong></span> <span class='ocrx_word' id='word_1_148' title='bbox 1824 1136 2106 1211; x_wconf 85' lang='lat' dir='ltr'><strong>probavit</strong></span> <span class='ocrx_word' id='word_1_149' title='bbox 2158 1133 2263 1215; x_wconf 94' lang='lat' dir='ltr'><strong>(D.</strong></span> <span class='ocrx_word' id='word_1_150' title='bbox 2298 1140 2359 1214; x_wconf 96' lang='grc'><strong>7,</strong></span> 
     </span>
     <span class='ocr_line' id='line_1_12' title="bbox 317 1217 2357 1302; baseline 0 -17"><span class='ocrx_word' id='word_1_151' title='bbox 317 1226 378 1301; x_wconf 90' lang='grc'><strong>4,</strong></span> <span class='ocrx_word' id='word_1_152' title='bbox 410 1226 492 1285; x_wconf 95' lang='grc'><strong>24</strong></span> <span class='ocrx_word' id='word_1_153' title='bbox 507 1245 596 1300; x_wconf 88' lang='grc' dir='ltr'><strong>ΡΥ.</strong></span> <span class='ocrx_word' id='word_1_154' title='bbox 671 1225 742 1285; x_wconf 93' lang='lat' dir='ltr'><strong>D.</strong></span> <span class='ocrx_word' id='word_1_155' title='bbox 772 1226 878 1302; x_wconf 85' lang='lat'>40,</span> <span class='ocrx_word' id='word_1_156' title='bbox 908 1227 967 1302; x_wconf 93' lang='grc'><strong>7,</strong></span> <span class='ocrx_word' id='word_1_157' title='bbox 997 1225 1079 1285; x_wconf 91' lang='grc'><strong>39</strong></span> <span class='ocrx_word' id='word_1_158' title='bbox 1096 1244 1183 1300; x_wconf 90' lang='grc' dir='ltr'><strong>ΡΥ.</strong></span> <span class='ocrx_word' id='word_1_159' title='bbox 1254 1222 1295 1299; x_wconf 69' lang='grc' dir='ltr'>ξ</span> <span class='ocrx_word' id='word_1_160' title='bbox 1329 1228 1364 1283; x_wconf 93' lang='grc'>2</span> <span class='ocrx_word' id='word_1_161' title='bbox 1404 1217 1629 1283; x_wconf 70' lang='lat' dir='ltr'><strong>‘Labeo</strong></span> <span class='ocrx_word' id='word_1_162' title='bbox 1670 1224 1989 1284; x_wconf 73' lang='lat' dir='ltr'><strong>Trebatius</strong></span> <span class='ocrx_word' id='word_1_163' title='bbox 2026 1226 2357 1301; x_wconf 87' lang='lat' dir='ltr'><strong>responde-</strong></span> 
     </span>
     <span class='ocr_line' id='line_1_13' title="bbox 316 1308 2356 1392; baseline 0.001 -19"><span class='ocrx_word' id='word_1_164' title='bbox 316 1317 460 1373; x_wconf 88' lang='lat' dir='ltr'><strong>runt</strong></span> <span class='ocrx_word' id='word_1_165' title='bbox 498 1359 510 1371; x_wconf 91' lang='lat'><strong>.</strong></span> <span class='ocrx_word' id='word_1_166' title='bbox 542 1360 554 1372; x_wconf 92' lang='lat'><strong>.</strong></span> <span class='ocrx_word' id='word_1_167' title='bbox 587 1360 598 1373; x_wconf 95' lang='lat'><strong>.</strong></span> <span class='ocrx_word' id='word_1_168' title='bbox 639 1331 749 1391; x_wconf 80' lang='lat' dir='ltr'><strong>ego</strong></span> <span class='ocrx_word' id='word_1_169' title='bbox 794 1315 963 1392; x_wconf 87' lang='lat' dir='ltr'><strong>puto,</strong></span> <span class='ocrx_word' id='word_1_170' title='bbox 1011 1308 1102 1373; x_wconf 87' lang='lat' dir='ltr'><strong>si&#39;.</strong></span> <span class='ocrx_word' id='word_1_171' title='bbox 1193 1312 1265 1371; x_wconf 93' lang='lat' dir='ltr'><strong>D.</strong></span> <span class='ocrx_word' id='word_1_172' title='bbox 1301 1315 1400 1389; x_wconf 85' lang='lat'>18,</span> <span class='ocrx_word' id='word_1_173' title='bbox 1432 1314 1489 1389; x_wconf 90' lang='lat'>1,</span> <span class='ocrx_word' id='word_1_174' title='bbox 1522 1315 1618 1373; x_wconf 90' lang='grc'><strong>79.</strong></span> <span class='ocrx_word' id='word_1_175' title='bbox 1683 1311 1756 1371; x_wconf 95' lang='lat' dir='ltr'><strong>D.</strong></span> <span class='ocrx_word' id='word_1_176' title='bbox 1790 1316 1890 1391; x_wconf 92' lang='grc'><strong>19,</strong></span> <span class='ocrx_word' id='word_1_177' title='bbox 1924 1316 1979 1391; x_wconf 94' lang='grc'><strong>1,</strong></span> <span class='ocrx_word' id='word_1_178' title='bbox 2010 1316 2090 1375; x_wconf 87' lang='grc'><strong>51</strong></span> <span class='ocrx_word' id='word_1_179' title='bbox 2144 1314 2356 1375; x_wconf 86' lang='lat' dir='ltr'><strong>Labeo</strong></span> 
     </span>
     <span class='ocr_line' id='line_1_14' title="bbox 318 1395 2357 1573; baseline 0.001 -112"><span class='ocrx_word' id='word_1_180' title='bbox 318 1448 334 1461; x_wconf 83' lang='lat'><strong>.</strong></span> <span class='ocrx_word' id='word_1_181' title='bbox 363 1446 379 1463; x_wconf 94' lang='lat'><strong>.</strong></span> <span class='ocrx_word' id='word_1_182' title='bbox 407 1447 421 1460; x_wconf 92' lang='lat'><strong>.</strong></span> <span class='ocrx_word' id='word_1_183' title='bbox 451 1396 585 1573; x_wconf 51' lang='grc' dir='ltr'>Ἴασις</span> <span class='ocrx_word' id='word_1_184' title='bbox 628 1402 718 1460; x_wconf 84' lang='lat' dir='ltr'><strong>ita</strong></span> <span class='ocrx_word' id='word_1_185' title='bbox 751 1420 961 1462; x_wconf 85' lang='lat' dir='ltr'><strong>verum</strong></span> <span class='ocrx_word' id='word_1_186' title='bbox 999 1406 1165 1478; x_wconf 86' lang='lat' dir='ltr'><strong>put0,</strong></span> <span class='ocrx_word' id='word_1_187' title='bbox 1210 1402 1330 1461; x_wconf 87' lang='lat' dir='ltr'><strong>nisi</strong></span> <span class='ocrx_word' id='word_1_188' title='bbox 1369 1395 1462 1461; x_wconf 88' lang='lat' dir='ltr'><strong>si&#39;.</strong></span> <span class='ocrx_word' id='word_1_189' title='bbox 1539 1401 1605 1461; x_wconf 92' lang='lat' dir='ltr'><strong>D.</strong></span> <span class='ocrx_word' id='word_1_190' title='bbox 1639 1403 1741 1479; x_wconf 89' lang='lat'>33,</span> <span class='ocrx_word' id='word_1_191' title='bbox 1774 1404 1830 1477; x_wconf 93' lang='grc'><strong>7,</strong></span> <span class='ocrx_word' id='word_1_192' title='bbox 1860 1404 1942 1462; x_wconf 83' lang='lat'><strong>26</strong></span> <span class='ocrx_word' id='word_1_193' title='bbox 1960 1422 2049 1479; x_wconf 88' lang='lat' dir='ltr'><strong>pr.</strong></span> <span class='ocrx_word' id='word_1_194' title='bbox 2131 1401 2207 1461; x_wconf 93' lang='lat' dir='ltr'><strong>D.</strong></span> <span class='ocrx_word' id='word_1_195' title='bbox 2244 1405 2357 1477; x_wconf 92' lang='grc'><strong>47,</strong></span> 
     </span>
     <span class='ocr_line' id='line_1_15' title="bbox 328 1492 601 1568; baseline -0.011 -16"><span class='ocrx_word' id='word_1_196' title='bbox 328 1492 431 1568; x_wconf 91' lang='grc'><strong>10,</strong></span> <span class='ocrx_word' id='word_1_197' title='bbox 468 1493 552 1549; x_wconf 88' lang='grc'><strong>44</strong></span> <span class='ocrx_word' id='word_1_198' title='bbox 590 1537 601 1549; x_wconf 95' lang='grc'>.</span> 
     </span>
    </p>

    <p class='ocr_par' dir='ltr' id='par_1_3' title="bbox 317 1578 2357 2349">
     <span class='ocr_line' id='line_1_16' title="bbox 496 1578 2354 1657; baseline 0 -18"><span class='ocrx_word' id='word_1_199' title='bbox 496 1579 587 1639; x_wconf 91' lang='lat' dir='ltr'><strong>De</strong></span> <span class='ocrx_word' id='word_1_200' title='bbox 633 1598 835 1638; x_wconf 89' lang='lat' dir='ltr'><strong>rerum</strong></span> <span class='ocrx_word' id='word_1_201' title='bbox 881 1579 1087 1639; x_wconf 83' lang='lat' dir='ltr'><strong>ordine</strong></span> <span class='ocrx_word' id='word_1_202' title='bbox 1132 1579 1287 1638; x_wconf 90' lang='lat' dir='ltr'><strong>illud</strong></span> <span class='ocrx_word' id='word_1_203' title='bbox 1332 1580 1495 1639; x_wconf 87' lang='lat' dir='ltr'><strong>certo</strong></span> <span class='ocrx_word' id='word_1_204' title='bbox 1541 1579 1943 1657; x_wconf 75' lang='lat' dir='ltr'><strong>cognoscitur,</strong></span> <span class='ocrx_word' id='word_1_205' title='bbox 1988 1578 2147 1639; x_wconf 87' lang='lat' dir='ltr'><strong>libro</strong></span> <span class='ocrx_word' id='word_1_206' title='bbox 2197 1578 2230 1637; x_wconf 94' lang='grc' dir='ltr'>Ι</span> <span class='ocrx_word' id='word_1_207' title='bbox 2277 1580 2354 1639; x_wconf 90' lang='lat' dir='ltr'><strong>de</strong></span> 
     </span>
     <span class='ocr_line' id='line_1_17' title="bbox 317 1666 2355 1746; baseline -0 -19"><span class='ocrx_word' id='word_1_208' title='bbox 317 1668 717 1745; x_wconf 74' lang='lat' dir='ltr'><strong>testamentis,</strong></span> <span class='ocrx_word' id='word_1_209' title='bbox 764 1667 936 1727; x_wconf 88' lang='lat' dir='ltr'><strong>libris</strong></span> <span class='ocrx_word' id='word_1_210' title='bbox 971 1668 1034 1727; x_wconf 96' lang='lat' dir='ltr'><strong>II</strong></span> <span class='ocrx_word' id='word_1_211' title='bbox 1080 1672 1144 1727; x_wconf 87' lang='lat' dir='ltr'><strong>et</strong></span> <span class='ocrx_word' id='word_1_212' title='bbox 1179 1667 1273 1727; x_wconf 91' lang='grc' dir='ltr'><strong>ΙΠ</strong></span> <span class='ocrx_word' id='word_1_213' title='bbox 1319 1668 1392 1727; x_wconf 93' lang='lat' dir='ltr'><strong>de</strong></span> <span class='ocrx_word' id='word_1_214' title='bbox 1437 1668 1674 1746; x_wconf 85' lang='lat' dir='ltr'><strong>legatis,</strong></span> <span class='ocrx_word' id='word_1_215' title='bbox 1718 1668 1873 1727; x_wconf 89' lang='lat' dir='ltr'><strong>libro</strong></span> <span class='ocrx_word' id='word_1_216' title='bbox 1909 1666 1997 1726; x_wconf 91' lang='lat' dir='ltr'><strong>IV</strong></span> <span class='ocrx_word' id='word_1_217' title='bbox 2045 1666 2119 1726; x_wconf 89' lang='lat' dir='ltr'><strong>de</strong></span> <span class='ocrx_word' id='word_1_218' title='bbox 2166 1666 2355 1726; x_wconf 87' lang='lat' dir='ltr'><strong>liber-</strong></span> 
     </span>
     <span class='ocr_line' id='line_1_18' title="bbox 317 1754 2353 1835; baseline -0 -19"><span class='ocrx_word' id='word_1_219' title='bbox 317 1758 448 1816; x_wconf 87' lang='lat' dir='ltr'><strong>tate</strong></span> <span class='ocrx_word' id='word_1_220' title='bbox 501 1757 738 1835; x_wconf 88' lang='lat' dir='ltr'><strong>relicta,</strong></span> <span class='ocrx_word' id='word_1_221' title='bbox 793 1756 1000 1816; x_wconf 91' lang='lat' dir='ltr'><strong>eodem</strong></span> <span class='ocrx_word' id='word_1_222' title='bbox 1051 1759 1112 1817; x_wconf 91' lang='lat' dir='ltr'><strong>et</strong></span> <span class='ocrx_word' id='word_1_223' title='bbox 1155 1756 1493 1834; x_wconf 87' lang='lat' dir='ltr'><strong>insequenti</strong></span> <span class='ocrx_word' id='word_1_224' title='bbox 1538 1757 1692 1816; x_wconf 88' lang='lat' dir='ltr'><strong>libro</strong></span> <span class='ocrx_word' id='word_1_225' title='bbox 1738 1756 1813 1816; x_wconf 90' lang='lat' dir='ltr'><strong>de</strong></span> <span class='ocrx_word' id='word_1_226' title='bbox 1858 1754 2163 1831; x_wconf 86' lang='lat' dir='ltr'><strong>emptione</strong></span> <span class='ocrx_word' id='word_1_227' title='bbox 2208 1774 2353 1816; x_wconf 86' lang='lat' dir='ltr'><strong>ven-</strong></span> 
     </span>
     <span class='ocr_line' id='line_1_19' title="bbox 320 1844 2357 1923; baseline 0 -18"><span class='ocrx_word' id='word_1_228' title='bbox 320 1845 565 1923; x_wconf 85' lang='lat' dir='ltr'><strong>ditione,</strong></span> <span class='ocrx_word' id='word_1_229' title='bbox 601 1845 757 1903; x_wconf 91' lang='lat' dir='ltr'><strong>libro</strong></span> <span class='ocrx_word' id='word_1_230' title='bbox 792 1844 878 1904; x_wconf 90' lang='lat' dir='ltr'><strong>VI</strong></span> <span class='ocrx_word' id='word_1_231' title='bbox 915 1844 990 1905; x_wconf 89' lang='lat' dir='ltr'><strong>de</strong></span> <span class='ocrx_word' id='word_1_232' title='bbox 1026 1845 1312 1905; x_wconf 80' lang='lat' dir='ltr'><strong>societate</strong></span> <span class='ocrx_word' id='word_1_233' title='bbox 1351 1847 1413 1904; x_wconf 90' lang='lat' dir='ltr'><strong>et</strong></span> <span class='ocrx_word' id='word_1_234' title='bbox 1450 1846 1522 1904; x_wconf 91' lang='lat' dir='ltr'><strong>de</strong></span> <span class='ocrx_word' id='word_1_235' title='bbox 1558 1845 1690 1904; x_wconf 89' lang='lat' dir='ltr'><strong>iure</strong></span> <span class='ocrx_word' id='word_1_236' title='bbox 1727 1845 1974 1920; x_wconf 89' lang='lat' dir='ltr'><strong>dotium,</strong></span> <span class='ocrx_word' id='word_1_237' title='bbox 2010 1844 2168 1905; x_wconf 91' lang='lat' dir='ltr'><strong>libro</strong></span> <span class='ocrx_word' id='word_1_238' title='bbox 2199 1844 2357 1905; x_wconf 85' lang='lat' dir='ltr'><strong>Vm</strong></span> 
     </span>
     <span class='ocr_line' id='line_1_20' title="bbox 320 1931 2353 2010; baseline 0 -17"><span class='ocrx_word' id='word_1_239' title='bbox 320 1933 394 1995; x_wconf 92' lang='lat' dir='ltr'><strong>de</strong></span> <span class='ocrx_word' id='word_1_240' title='bbox 457 1932 695 2010; x_wconf 89' lang='lat' dir='ltr'><strong>tutelis,</strong></span> <span class='ocrx_word' id='word_1_241' title='bbox 756 1931 910 1994; x_wconf 91' lang='lat' dir='ltr'><strong>libro</strong></span> <span class='ocrx_word' id='word_1_242' title='bbox 964 1933 1051 1993; x_wconf 92' lang='lat' dir='ltr'><strong>IX</strong></span> <span class='ocrx_word' id='word_1_243' title='bbox 1114 1933 1186 1994; x_wconf 91' lang='lat' dir='ltr'><strong>de</strong></span> <span class='ocrx_word' id='word_1_244' title='bbox 1250 1933 1483 1994; x_wconf 86' lang='lat' dir='ltr'><strong>delictis</strong></span> <span class='ocrx_word' id='word_1_245' title='bbox 1545 1933 1797 2010; x_wconf 88' lang='lat' dir='ltr'><strong>privatis</strong></span> <span class='ocrx_word' id='word_1_246' title='bbox 1858 1933 2086 1994; x_wconf 87' lang='lat' dir='ltr'><strong>dictum</strong></span> <span class='ocrx_word' id='word_1_247' title='bbox 2141 1933 2353 1994; x_wconf 85' lang='lat' dir='ltr'><strong>fuisse.</strong></span> 
     </span>
     <span class='ocr_line' id='line_1_21' title="bbox 317 2021 2356 2102; baseline 0 -20"><span class='ocrx_word' id='word_1_248' title='bbox 317 2023 522 2100; x_wconf 87' lang='lat' dir='ltr'><strong>itaque</strong></span> <span class='ocrx_word' id='word_1_249' title='bbox 577 2041 941 2099; x_wconf 85' lang='lat' dir='ltr'><strong>quamquam</strong></span> <span class='ocrx_word' id='word_1_250' title='bbox 989 2022 1230 2099; x_wconf 89' lang='lat' dir='ltr'><strong>septimi</strong></span> <span class='ocrx_word' id='word_1_251' title='bbox 1273 2022 1416 2082; x_wconf 87' lang='lat' dir='ltr'><strong>libri</strong></span> <span class='ocrx_word' id='word_1_252' title='bbox 1458 2022 1708 2101; x_wconf 91' lang='lat' dir='ltr'><strong>nullum,</strong></span> <span class='ocrx_word' id='word_1_253' title='bbox 1755 2021 1968 2083; x_wconf 89' lang='lat' dir='ltr'><strong>decimi</strong></span> <span class='ocrx_word' id='word_1_254' title='bbox 2013 2023 2135 2082; x_wconf 87' lang='lat' dir='ltr'><strong>duo</strong></span> <span class='ocrx_word' id='word_1_255' title='bbox 2182 2023 2356 2102; x_wconf 80' lang='lat' dir='ltr'><strong>frag-</strong></span> 
     </span>
     <span class='ocr_line' id='line_1_22' title="bbox 317 2111 2352 2190; baseline 0 -19"><span class='ocrx_word' id='word_1_256' title='bbox 317 2115 524 2172; x_wconf 86' lang='lat' dir='ltr'><strong>menta</strong></span> <span class='ocrx_word' id='word_1_257' title='bbox 606 2129 860 2188; x_wconf 88' lang='lat' dir='ltr'><strong>quorum</strong></span> <span class='ocrx_word' id='word_1_258' title='bbox 933 2114 1353 2190; x_wconf 82' lang='lat' dir='ltr'><strong>argumentum</strong></span> <span class='ocrx_word' id='word_1_259' title='bbox 1417 2130 1537 2170; x_wconf 91' lang='lat' dir='ltr'><strong>non</strong></span> <span class='ocrx_word' id='word_1_260' title='bbox 1601 2114 1772 2188; x_wconf 85' lang='lat' dir='ltr'><strong>patet</strong></span> <span class='ocrx_word' id='word_1_261' title='bbox 1843 2115 2073 2189; x_wconf 82' lang='lat' dir='ltr'><strong>extant,</strong></span> <span class='ocrx_word' id='word_1_262' title='bbox 2159 2111 2352 2172; x_wconf 89' lang='lat' dir='ltr'><strong>nihilo</strong></span> 
     </span>
     <span class='ocr_line' id='line_1_23' title="bbox 318 2198 2354 2277; baseline 0 -17"><span class='ocrx_word' id='word_1_263' title='bbox 318 2200 518 2260; x_wconf 90' lang='lat' dir='ltr'><strong>minus</strong></span> <span class='ocrx_word' id='word_1_264' title='bbox 557 2198 946 2259; x_wconf 76' lang='lat' dir='ltr'><strong>Sabinianum</strong></span> <span class='ocrx_word' id='word_1_265' title='bbox 981 2200 1107 2260; x_wconf 87' lang='lat' dir='ltr'><strong>fere</strong></span> <span class='ocrx_word' id='word_1_266' title='bbox 1147 2199 1415 2260; x_wconf 87' lang='lat' dir='ltr'><strong>ordinem</strong></span> <span class='ocrx_word' id='word_1_267' title='bbox 1452 2200 1719 2277; x_wconf 84' lang='lat' dir='ltr'><strong>exemplo</strong></span> <span class='ocrx_word' id='word_1_268' title='bbox 1756 2200 1938 2260; x_wconf 87' lang='lat' dir='ltr'><strong>fuisse</strong></span> <span class='ocrx_word' id='word_1_269' title='bbox 1976 2200 2127 2260; x_wconf 85' lang='lat' dir='ltr'><strong>satis</strong></span> <span class='ocrx_word' id='word_1_270' title='bbox 2168 2219 2354 2276; x_wconf 83' lang='lat' dir='ltr'><strong>appa-</strong></span> 
     </span>
     <span class='ocr_line' id='line_1_24' title="bbox 318 2287 1776 2349; baseline -0.001 0"><span class='ocrx_word' id='word_1_271' title='bbox 318 2291 428 2349; x_wconf 68' lang='lat' dir='ltr'><strong>ret.</strong></span> <span class='ocrx_word' id='word_1_272' title='bbox 521 2289 593 2349; x_wconf 88' lang='lat' dir='ltr'><strong>de</strong></span> <span class='ocrx_word' id='word_1_273' title='bbox 639 2287 834 2348; x_wconf 91' lang='lat' dir='ltr'><strong>dubiis</strong></span> <span class='ocrx_word' id='word_1_274' title='bbox 879 2287 1058 2349; x_wconf 87' lang='lat' dir='ltr'><strong>rebus</strong></span> <span class='ocrx_word' id='word_1_275' title='bbox 1103 2289 1260 2348; x_wconf 87' lang='lat' dir='ltr'><strong>infra</strong></span> <span class='ocrx_word' id='word_1_276' title='bbox 1305 2287 1618 2349; x_wconf 89' lang='lat' dir='ltr'><strong>dicendum</strong></span> <span class='ocrx_word' id='word_1_277' title='bbox 1666 2291 1776 2348; x_wconf 87' lang='lat' dir='ltr'><strong>est.</strong></span> 
     </span>
    </p>
   </div>
   <div class='ocr_carea' id='block_1_3' title="bbox 1183 2465 1492 2525">
    <p class='ocr_par' dir='ltr' id='par_1_4' title="bbox 1183 2465 1492 2525">
     <span class='ocr_line' id='line_1_25' title="bbox 1183 2465 1492 2525; baseline 0.003 -1"><span class='ocrx_word' id='word_1_278' title='bbox 1183 2465 1400 2524; x_wconf 89' lang='lat' dir='ltr'><strong>Liber</strong></span> <span class='ocrx_word' id='word_1_279' title='bbox 1444 2465 1492 2525; x_wconf 95' lang='lat' dir='ltr'><strong>I.</strong></span> 
     </span>
    </p>
   </div>
   <div class='ocr_carea' id='block_1_4' title="bbox 819 2583 1844 2781">
    <p class='ocr_par' dir='ltr' id='par_1_5' title="bbox 819 2583 1844 2781">
     <span class='ocr_line' id='line_1_26' title="bbox 1065 2583 1597 2650; baseline 0.002 -1"><span class='ocrx_word' id='word_1_280' title='bbox 1065 2583 1164 2649; x_wconf 81' lang='lat' dir='ltr'><strong>De</strong></span> <span class='ocrx_word' id='word_1_281' title='bbox 1210 2585 1597 2650; x_wconf 79' lang='lat' dir='ltr'><strong>testamentis,</strong></span> 
     </span>
     <span class='ocr_line' id='line_1_27' title="bbox 819 2705 1844 2781; baseline 0 -18"><span class='ocrx_word' id='word_1_282' title='bbox 819 2705 934 2781; x_wconf 67' lang='lat' dir='ltr'><strong>Qua?</strong></span> <span class='ocrx_word' id='word_1_283' title='bbox 979 2709 1314 2765; x_wconf 74' lang='lat' dir='ltr'><strong>testamenta</strong></span> <span class='ocrx_word' id='word_1_284' title='bbox 1356 2706 1549 2779; x_wconf 78' lang='lat' dir='ltr'><strong>facere</strong></span> <span class='ocrx_word' id='word_1_285' title='bbox 1580 2707 1844 2779; x_wconf 74' lang='lat' dir='ltr'><strong>posswnt.</strong></span> 
     </span>
    </p>
   </div>
   <div class='ocr_carea' id='block_1_5' title="bbox 323 2814 2349 3602">
    <p class='ocr_par' dir='ltr' id='par_1_6' title="bbox 323 2814 2349 3164">
     <span class='ocr_line' id='line_1_28' title="bbox 504 2814 2346 2898; baseline -0.001 -16"><span class='ocrx_word' id='word_1_286' title='bbox 504 2819 559 2882; x_wconf 90' lang='lat'><strong>1.</strong></span> <span class='ocrx_word' id='word_1_287' title='bbox 613 2815 693 2881; x_wconf 93' lang='lat' dir='ltr'><strong>D.</strong></span> <span class='ocrx_word' id='word_1_288' title='bbox 732 2816 839 2897; x_wconf 88' lang='grc'><strong>28,</strong></span> <span class='ocrx_word' id='word_1_289' title='bbox 880 2816 936 2896; x_wconf 89' lang='grc'><strong>1,</strong></span> <span class='ocrx_word' id='word_1_290' title='bbox 973 2816 1033 2879; x_wconf 88' lang='grc'><strong>2.</strong></span> <span class='ocrx_word' id='word_1_291' title='bbox 1135 2814 1348 2879; x_wconf 86' lang='lat' dir='ltr'><strong>Labeo</strong></span> <span class='ocrx_word' id='word_1_292' title='bbox 1412 2814 1580 2879; x_wconf 90' lang='lat' dir='ltr'><strong>libro</strong></span> <span class='ocrx_word' id='word_1_293' title='bbox 1644 2814 1854 2898; x_wconf 86' lang='lat' dir='ltr'><strong>primo</strong></span> <span class='ocrx_word' id='word_1_294' title='bbox 1910 2814 2346 2898; x_wconf 86' lang='lat' dir='ltr'><strong>posteriorum</strong></span> 
     </span>
     <span class='ocr_line' id='line_1_29' title="bbox 323 2900 2349 2986; baseline 0.001 -19"><span class='ocrx_word' id='word_1_295' title='bbox 323 2926 362 2967; x_wconf 89' lang='lat' dir='ltr'><strong>a</strong></span> <span class='ocrx_word' id='word_1_296' title='bbox 418 2903 724 2969; x_wconf 86' lang='lat' dir='ltr'><strong>Iavoleno</strong></span> <span class='ocrx_word' id='word_1_297' title='bbox 781 2904 1301 2986; x_wconf 85' lang='lat' dir='ltr'><strong>epitomatorum.</strong></span> <span class='ocrx_word' id='word_1_298' title='bbox 1346 2938 1433 2950; x_wconf 94' lang='lat'>—</span> <span class='ocrx_word' id='word_1_299' title='bbox 1486 2900 1573 2967; x_wconf 79' lang='lat' dir='ltr'><strong>In</strong></span> <span class='ocrx_word' id='word_1_300' title='bbox 1626 2923 1693 2966; x_wconf 85' lang='lat' dir='ltr'><strong>eo</strong></span> <span class='ocrx_word' id='word_1_301' title='bbox 1746 2903 1852 2985; x_wconf 76' lang='lat' dir='ltr'><strong>qui</strong></span> <span class='ocrx_word' id='word_1_302' title='bbox 1902 2907 2159 2968; x_wconf 74' lang='lat' dir='ltr'><strong>testatur</strong></span> <span class='ocrx_word' id='word_1_303' title='bbox 2213 2905 2349 2969; x_wconf 72' lang='lat' dir='ltr'><strong>eius</strong></span> 
     </span>
     <span class='ocr_line' id='line_1_30' title="bbox 323 2992 2349 3075; baseline 0 -18"><span class='ocrx_word' id='word_1_304' title='bbox 323 2993 643 3075; x_wconf 72' lang='lat' dir='ltr'><strong>temporis,</strong></span> <span class='ocrx_word' id='word_1_305' title='bbox 696 3011 814 3072; x_wconf 79' lang='lat' dir='ltr'><strong>quo</strong></span> <span class='ocrx_word' id='word_1_306' title='bbox 862 2995 1286 3055; x_wconf 75' lang='lat' dir='ltr'><strong>testamentum</strong></span> <span class='ocrx_word' id='word_1_307' title='bbox 1327 2992 1507 3074; x_wconf 80' lang='lat' dir='ltr'><strong>facit,</strong></span> <span class='ocrx_word' id='word_1_308' title='bbox 1560 2992 1883 3073; x_wconf 71' lang='lat' dir='ltr'><strong>inteyritas</strong></span> <span class='ocrx_word' id='word_1_309' title='bbox 1924 2993 2171 3075; x_wconf 76' lang='lat' dir='ltr'><strong>mentis,</strong></span> <span class='ocrx_word' id='word_1_310' title='bbox 2216 3011 2349 3057; x_wconf 76' lang='lat' dir='ltr'><strong>non</strong></span> 
     </span>
     <span class='ocr_line' id='line_1_31' title="bbox 323 3079 1365 3164; baseline -0.002 -18"><span class='ocrx_word' id='word_1_311' title='bbox 323 3081 596 3164; x_wconf 68' lang='lat' dir='ltr'><strong>corporis</strong></span> <span class='ocrx_word' id='word_1_312' title='bbox 637 3080 884 3144; x_wconf 79' lang='lat' dir='ltr'><strong>sanitas</strong></span> <span class='ocrx_word' id='word_1_313' title='bbox 927 3079 1220 3160; x_wconf 77' lang='lat' dir='ltr'><strong>exiqenda</strong></span> <span class='ocrx_word' id='word_1_314' title='bbox 1263 3084 1365 3144; x_wconf 83' lang='lat' dir='ltr'><strong>est.</strong></span> 
     </span>
    </p>

    <p class='ocr_par' dir='ltr' id='par_1_7' title="bbox 323 3164 2349 3602">
     <span class='ocr_line' id='line_1_32' title="bbox 501 3164 2349 3253; baseline -0.001 -20"><span class='ocrx_word' id='word_1_315' title='bbox 501 3169 560 3233; x_wconf 82' lang='lat'><strong>2.</strong></span> <span class='ocrx_word' id='word_1_316' title='bbox 608 3165 687 3230; x_wconf 93' lang='lat' dir='ltr'><strong>D.</strong></span> <span class='ocrx_word' id='word_1_317' title='bbox 716 3168 822 3250; x_wconf 89' lang='grc'><strong>21,</strong></span> <span class='ocrx_word' id='word_1_318' title='bbox 848 3168 902 3249; x_wconf 87' lang='grc'><strong>1,</strong></span> <span class='ocrx_word' id='word_1_319' title='bbox 921 3166 1026 3232; x_wconf 86' lang='lat'><strong>53.</strong></span> <span class='ocrx_word' id='word_1_320' title='bbox 1098 3165 1441 3232; x_wconf 83' lang='lat' dir='ltr'><strong>Iavolenus</strong></span> <span class='ocrx_word' id='word_1_321' title='bbox 1488 3167 1655 3231; x_wconf 89' lang='lat' dir='ltr'><strong>libro</strong></span> <span class='ocrx_word' id='word_1_322' title='bbox 1696 3164 1908 3251; x_wconf 89' lang='lat' dir='ltr'><strong>primo</strong></span> <span class='ocrx_word' id='word_1_323' title='bbox 1956 3189 2035 3232; x_wconf 87' lang='lat' dir='ltr'><strong>ex</strong></span> <span class='ocrx_word' id='word_1_324' title='bbox 2069 3169 2349 3253; x_wconf 88' lang='lat' dir='ltr'><strong>posteri-</strong></span> 
     </span>
     <span class='ocr_line' id='line_1_33' title="bbox 323 3216 2344 3339; baseline -0 -17"><span class='ocrx_word' id='word_1_325' title='bbox 323 3257 544 3322; x_wconf 89' lang='lat' dir='ltr'><strong>oribus</strong></span> <span class='ocrx_word' id='word_1_326' title='bbox 590 3216 928 3319; x_wconf 90' lang='lat' dir='ltr'><strong>Labeonis.</strong></span> <span class='ocrx_word' id='word_1_327' title='bbox 988 3289 1064 3300; x_wconf 92' lang='lat'><em>-</em></span> <span class='ocrx_word' id='word_1_328' title='bbox 1126 3251 1249 3328; x_wconf 84' lang='lat' dir='ltr'><strong>Qui</strong></span> <span class='ocrx_word' id='word_1_329' title='bbox 1304 3256 1589 3319; x_wconf 83' lang='lat' dir='ltr'><strong>tertiana</strong></span> <span class='ocrx_word' id='word_1_330' title='bbox 1643 3258 1757 3318; x_wconf 85' lang='lat' dir='ltr'><strong>aut</strong></span> <span class='ocrx_word' id='word_1_331' title='bbox 1811 3261 2133 3339; x_wconf 84' lang='lat' dir='ltr'><strong>quartana</strong></span> <span class='ocrx_word' id='word_1_332' title='bbox 2176 3256 2344 3321; x_wconf 88' lang='lat' dir='ltr'><strong>febri</strong></span> 
     </span>
     <span class='ocr_line' id='line_1_34' title="bbox 325 3341 2343 3428; baseline 0.001 -20"><span class='ocrx_word' id='word_1_333' title='bbox 325 3348 442 3408; x_wconf 88' lang='lat' dir='ltr'><strong>aut</strong></span> <span class='ocrx_word' id='word_1_334' title='bbox 511 3342 803 3428; x_wconf 85' lang='lat' dir='ltr'><strong>podagra</strong></span> <span class='ocrx_word' id='word_1_335' title='bbox 873 3344 1258 3406; x_wconf 78' lang='lat' dir='ltr'><strong>vexarentur</strong></span> <span class='ocrx_word' id='word_1_336' title='bbox 1331 3343 1519 3426; x_wconf 81' lang='lat' dir='ltr'><strong>quive</strong></span> <span class='ocrx_word' id='word_1_337' title='bbox 1584 3341 1976 3407; x_wconf 85' lang='lat' dir='ltr'><strong>comitialem</strong></span> <span class='ocrx_word' id='word_1_338' title='bbox 2040 3345 2343 3410; x_wconf 88' lang='lat' dir='ltr'><strong>morbum</strong></span> 
     </span>
     <span class='ocr_line' id='line_1_35' title="bbox 323 3426 2343 3514; baseline 0 -17"><span class='ocrx_word' id='word_1_339' title='bbox 323 3430 658 3512; x_wconf 85' lang='lat' dir='ltr'><strong>haberent,</strong></span> <span class='ocrx_word' id='word_1_340' title='bbox 702 3449 784 3493; x_wconf 92' lang='lat' dir='ltr'><strong>ne</strong></span> <span class='ocrx_word' id='word_1_341' title='bbox 831 3428 1086 3512; x_wconf 89' lang='lat' dir='ltr'><strong>quidem</strong></span> <span class='ocrx_word' id='word_1_342' title='bbox 1132 3426 1234 3504; x_wconf 85' lang='lat' dir='ltr'><strong>his</strong></span> <span class='ocrx_word' id='word_1_343' title='bbox 1279 3428 1534 3513; x_wconf 76' lang='lat' dir='ltr'><strong>diebuS,</strong></span> <span class='ocrx_word' id='word_1_344' title='bbox 1582 3430 1814 3514; x_wconf 88' lang='lat' dir='ltr'><strong>quibus</strong></span> <span class='ocrx_word' id='word_1_345' title='bbox 1861 3433 2109 3498; x_wconf 90' lang='lat' dir='ltr'><strong>morbis</strong></span> <span class='ocrx_word' id='word_1_346' title='bbox 2156 3454 2343 3499; x_wconf 83' lang='lat' dir='ltr'><strong>vaca-</strong></span> 
     </span>
     <span class='ocr_line' id='line_1_36' title="bbox 327 3515 1242 3602; baseline -0.007 -18"><span class='ocrx_word' id='word_1_347' title='bbox 327 3522 490 3602; x_wconf 85' lang='lat' dir='ltr'><strong>rent,</strong></span> <span class='ocrx_word' id='word_1_348' title='bbox 525 3520 700 3584; x_wconf 84' lang='lat' dir='ltr'><strong>recte</strong></span> <span class='ocrx_word' id='word_1_349' title='bbox 747 3516 890 3582; x_wconf 85' lang='lat' dir='ltr'><strong>sani</strong></span> <span class='ocrx_word' id='word_1_350' title='bbox 936 3515 1242 3580; x_wconf 89' lang='lat' dir='ltr'><strong>dicentur.</strong></span> 
     </span>
    </p>
   </div>
  </div>
 </body>
</html>
