2575 3900
812 193 861 244 9.
902 187 1203 245 CAELIUS
1242 189 1550 246 SABINUS
2084 191 2222 256 255

780 360 835 418 2.
902 358 1091 418 Iuris
1138 357 1388 420 civilis
1433 357 1626 419 libri.

366 463 617 525 Praeter
669 465 893 524 librum
947 463 1023 524 ad
1077 465 1340 525 edictum
1395 465 1683 526 aedilium
1733 466 2034 526 curulium
2079 467 2228 526 iuris

186 572 429 631 quoque
486 554 681 616 civilis
735 553 923 614 libros
971 552 1243 614 Caelium
1300 554 1556 614 edidisse
1610 555 1844 632 reliqua
1889 556 2018 616 eius
2063 556 2227 634 frag-

185 647 395 703 menta
437 637 743 703 indicant.

839 724 941 791 De
983 725 1314 792 hereditate
1359 727 1576 793 liberti.

370 835 427 897 1.
474 831 616 898 Gai.
644 834 705 912 3,
736 834 837 898 70.
892 870 965 882 -
1016 881 1033 898 .
1064 884 1077 897 .
1126 835 1182 898 si
1229 856 1376 899 cum
1421 835 1644 900 liberis
1692 836 1827 902 suis
1875 835 2074 900 etiam
2121 857 2226 901 ex-

183 927 489 988 traneum
534 922 833 986 heredem
880 926 1197 1008 patronus
1243 924 1601 1010 reliquerit,
1647 922 1906 990 Caelius
1945 921 2226 990 Sabinus

188 1013 283 1078 ait
326 1015 472 1076 tota
508 1011 681 1076 bona
717 1034 834 1095 pro
872 1012 1166 1076 virilibus
1204 1013 1505 1098 partibus
1544 1012 1624 1078 ad
1661 1013 1904 1078 liberos
1942 1012 2227 1079 defuncti

182 1101 540 1186 pertinere,
605 1100 760 1185 quia
814 1122 961 1166 cum
1017 1104 1360 1166 extraneus
1416 1102 1606 1167 heres
1661 1101 2040 1185 intervenit,
2092 1125 2225 1167 non

184 1190 389 1254 habet
431 1189 535 1253 lex
571 1187 759 1254 Iunia
793 1191 1027 1274 locum,
1076 1188 1187 1254 sed
1226 1191 1863 1256 senatusconsultum
1901 1189 2018 1276 (sc.
2040 1189 2225 1278 Lupo

186 1284 257 1343 et
300 1276 519 1363 Largo
566 1279 942 1343 consulibus
988 1276 1285 1366 factum).

367 1372 442 1432 cf.
474 1371 605 1431 Gai.
634 1374 695 1450 3,
726 1374 827 1433 63.

1020 1455 1119 1522 De
1166 1457 1399 1540 Zeyatis.

368 1564 429 1630 2.
477 1561 618 1628 Gai.
638 1565 699 1648 2,
724 1563 868 1630 195.
904 1599 993 1612 —
1031 1613 1046 1630 .
1066 1612 1116 1630 ..
1166 1563 1445 1630 Sabinus
1495 1613 1510 1629 .
1531 1611 1546 1628 .
1594 1568 1660 1629 et
1697 1562 1961 1630 Cassius
2003 1566 2227 1629 ceteri-

187 1672 312 1736 que
360 1652 571 1718 nostri
615 1657 1085 1738 praeceptores,
1134 1655 1306 1737 quod
1352 1655 1448 1717 ita
1491 1653 1782 1739 legatum
1830 1654 1918 1719 sit
1953 1650 2068 1740 (sc.
2111 1675 2229 1737 per

184 1740 741 1826 vindicationem),
787 1741 1012 1808 statim
1058 1748 1213 1827 post
1248 1743 1494 1807 aditam
1528 1741 1953 1807 hereditatem
1988 1745 2228 1826 putant

185 1830 329 1894 fieri
384 1831 711 1916 legatarii,
766 1831 1021 1895 etiamsi
1071 1831 1328 1916 ignoret
1378 1831 1506 1895 sibi
1549 1832 1840 1914 legatum
1887 1851 2056 1914 esse,
2114 1831 2229 1896 sed

184 1924 619 2005 posteaquam
694 1919 913 1986 scierit
976 1923 1040 1985 et
1102 1920 1509 2007 (spreverit)
1570 1920 1890 2006 legatum,
1955 1920 2229 2005 proinde

187 2031 333 2075 esse
380 2013 571 2093 atque
618 2010 675 2074 si
720 2010 1010 2095 legatum
1056 2031 1193 2075 non
1238 2015 1431 2076 esset.

370 2104 444 2164 cf.
474 2102 603 2163 Gai.
634 2106 695 2179 2,
725 2106 872 2164 200.

370 2189 431 2253 3.
489 2187 569 2252 D.
598 2187 700 2269 15,
726 2189 787 2271 2,
820 2188 853 2252 1
903 2188 987 2269 ἓξ
1018 2187 1193 2254 5-7.
1285 2187 1609 2272 Ulpianus
1654 2188 1822 2253 libro
1873 2187 2228 2253 vicensimo

186 2298 367 2341 nono
418 2275 501 2340 ad
546 2276 826 2341 edictum
875 2274 973 2361 (P.
1002 2274 1180 2363 859).
1226 2314 1296 2323 —
1342 2275 1420 2342 In
1468 2277 1860 2342 alienatione
1909 2276 2230 2361 accipitur

186 2366 415 2448 utique
470 2365 791 2443 venditor,
848 2366 959 2450 qui
1014 2366 1267 2430 actione
1326 2366 1405 2431 de
1459 2365 1710 2449 peculio
1757 2367 1932 2431 intra
1981 2387 2227 2431 annum

186 2458 469 2519 tenetur.
552 2454 663 2518 sed
711 2458 777 2520 et
827 2456 883 2519 si
930 2454 1197 2519 donavit
1244 2476 1500 2519 servum
1546 2502 1562 2520 .
1591 2502 1608 2519 .
1653 2456 1722 2518 in
1767 2455 1989 2518 eadem
2028 2476 2229 2520 causa

188 2545 312 2607 est.
410 2542 568 2607 item
631 2543 817 2608 heres
884 2544 1019 2608 eius
1086 2545 1195 2628 qui
1260 2565 1518 2607 servum
1581 2544 1830 2627 legavit
1891 2564 2021 2607 non
2079 2565 2228 2608 cum

184 2631 469 2717 peculio·
558 2653 713 2696 nam
760 2632 816 2697 si
862 2654 1009 2698 cum
1054 2632 1307 2715 peculio
1353 2632 1456 2696 vel
1504 2632 1751 2714 legavit
1793 2632 1900 2695 vel
1945 2632 2228 2695 liberum

186 2742 334 2786 esse
388 2720 607 2805 iussit,
660 2721 1059 2806 quaestionis
1115 2720 1261 2785 fuit.
1363 2725 1428 2784 et
1483 2720 1640 2784 mihi
1697 2721 1912 2784 verius
1970 2720 2227 2785 videtur

184 2831 327 2875 non
371 2808 653 2875 dandam
697 2831 903 2895 neque
949 2811 1019 2875 in
1055 2810 1526 2875 manumissum
1563 2830 1770 2893 neque
1806 2808 1875 2873 in
1913 2830 2079 2893 eum,
2126 2810 2229 2873 cui

185 2900 483 2985 legatum
538 2899 625 2963 sit
676 2899 1001 2982 peculium
1055 2900 1132 2963 de
1187 2898 1441 2983 peculio
1497 2898 1836 2965 actionem.
1927 2920 2012 2962 an
2069 2918 2228 2983 ergo

183 2991 495 3054 teneatur
537 2986 771 3052 heres?
846 2992 911 3052 et
957 2989 1051 3053 ait
1094 2985 1390 3053 Caelius¹
1431 2988 1657 3073 teneri,
1703 2988 1856 3072 quia
1900 2988 2228 3072 peculium

184 3097 388 3162 penes
446 3097 595 3141 eum
651 3078 741 3142 sit
790 3077 902 3161 qui
948 3077 1261 3143 tradendo
1308 3076 1374 3142 id
1419 3077 1742 3164 legatario
1789 3098 1857 3141 se
1903 3076 2228 3142 liberavit.

866 3235 967 3302 De
1011 3238 1284 3303 libertate
1327 3238 1558 3303 relicta.

366 3344 431 3412 4.
496 3342 575 3410 D.
611 3343 716 3425 35,
758 3345 815 3424 1,
855 3345 957 3427 72,
998 3344 1053 3409 7.
1156 3344 1339 3409 Idem
1404 3342 1520 3431 (sc.
1561 3343 1992 3430 Papinianus)
2058 3344 2227 3410 libro

186 3438 423 3501 octavo
472 3434 721 3499 decimo
771 3432 1235 3510 Quaestionum
1284 3430 1385 3519 (P.
1413 3430 1593 3518 272).
1640 3468 1723 3478 —-
1771 3430 2033 3498 Falsam
2080 3454 2226 3498 con·

335 3578 364 3626 1
407 3572 506 3627 Fz.
546 3570 842 3628 Caecilius.
