2575 3900
826 213 877 260 4.
921 206 983 260 L.
1023 205 1388 260 NERATIUS
1423 204 1716 260 PRISCUS
2141 205 2267 268 297

438 373 550 434 His
631 373 885 432 maxime
956 373 1126 433 libris
1197 368 1432 432 Neratii
1504 367 1834 450 ‘responsa'
1907 392 1944 432 a
2013 374 2270 449 posteris

262 462 581 522 memoriae
615 460 855 539 prodita
890 461 1092 521 deberi
1128 461 1483 521 credendum
1522 464 1628 522 est.
1701 463 2036 522 afferuntur
2067 466 2272 523 autem

262 571 298 611 a
344 549 519 610 Celso
574 551 615 611 l.
651 549 910 610 XXXIII
954 550 1338 627 Digestorum
1384 549 1455 608 D.
1489 553 1591 623 50,
1622 553 1723 628 17,
1755 554 1876 611 191
1934 544 2270 630 (‘Neratius

264 639 571 700 consultus
603 686 615 698 .
647 684 660 698 .
692 687 703 698 .
734 631 1112 719 respondit'),
1157 657 1193 696 a
1235 638 1562 715 Pomponio
1609 638 1778 699 libris
1825 637 1920 697 ΠΙ
1964 642 2028 700 et
2061 638 2151 698 IV
2197 641 2274 701 ad

262 728 550 789 Sabinum
584 727 658 787 D.
692 729 792 805 35,
826 731 880 804 1,
913 729 969 802 6,
1001 729 1035 787 1
1068 730 1131 786 et
1155 726 1227 787 D.
1260 730 1362 800 30,
1395 729 1475 787 13
1515 721 1854 806 (Neratius
1890 721 2271 809 respondit'),

264 836 301 876 a
352 815 682 892 Papiniano
746 818 785 877 1.
826 815 1003 876 XVII
1064 819 1127 875 et
1179 815 1466 875 XXXVII
1521 815 1952 886 Quaestionum
2004 816 2074 876 D.
2118 820 2174 892 7,
2217 822 2273 890 1,

266 907 346 966 33
363 924 453 981 pr.
509 896 846 986 (Neratius
888 952 900 964 .
930 951 943 964 .
974 951 987 964 .
1024 897 1411 987 respondit')3
1473 904 1547 964 D.
1586 906 1646 980 4,
1689 907 1747 980 3,
1785 907 1867 965 19
1935 897 2272 986 (‘Neratius

262 994 505 1054 Priscus
569 997 631 1052 et
690 993 962 1052 Iulianus
1023 985 1539 1074 responderunt’),
1611 1011 1647 1052 a
1711 993 1899 1053 Paulo
1963 995 2002 1052 1.
2047 993 2135 1051 IV
2197 994 2276 1053 ad

265 1082 553 1142 Sabinum
597 1081 671 1141 D.
702 1083 804 1159 33,
833 1085 891 1160 7,
925 1083 1089 1158 13,1
1142 1075 1477 1161 (Neratius
1521 1073 1909 1162 respondit'),
1956 1082 1994 1141 1.
2033 1082 2151 1141 XII
2197 1084 2275 1142 ad

263 1171 525 1230 edictum
575 1167 649 1228 D.
688 1171 794 1248 41,
832 1172 888 1246 3,
919 1172 1062 1246 8pr.
1122 1165 1374 1248 (‘Labeo
1428 1170 1711 1230 Neratius
1764 1163 2273 1247 responderunt'),

263 1259 301 1317 1.
330 1259 361 1317 I
389 1259 465 1318 ad
492 1258 806 1318 Neratium
834 1257 904 1318 D.
935 1260 1039 1336 47,
1073 1260 1170 1328 19,
1204 1262 1239 1319 6
1271 1248 1702 1340 (‘respondit'),
1739 1258 2034 1336 Ulpianus
2061 1261 2100 1320 1.
2132 1259 2274 1318 XIX

264 1348 339 1407 ad
384 1347 646 1407 edictum
691 1347 761 1405 D.
795 1350 894 1426 10,
926 1349 983 1425 2,
1012 1349 1115 1421 20,
1147 1351 1181 1406 7
1231 1341 1566 1422 (Neratius
1595 1393 1608 1406 .
1638 1393 1652 1407 .
1681 1339 2057 1429 respondit').

440 1436 751 1511 Responsa
792 1436 1115 1495 maximam
1158 1439 1392 1511 partem
1436 1436 1510 1495 de
1556 1435 1686 1494 iure
1731 1436 1890 1496 civili
1937 1435 2080 1496 data
2116 1440 2274 1511 sunt,

265 1523 487 1584 additis
531 1523 837 1584 nonnullis
883 1525 980 1585 vel
1027 1525 1099 1582 de
1143 1520 1378 1600 peculio
1425 1525 1521 1584 vel
1567 1524 1640 1583 de
1685 1525 1748 1582 in
1790 1543 1919 1583 rem
1963 1543 2153 1602 verso,
2201 1524 2274 1584 de

267 1613 484 1690 quibus
530 1612 709 1672 rebus
754 1613 850 1672 vel
893 1611 1242 1672 Iavolenum
1285 1611 1458 1671 libris
1503 1631 1574 1671 ex
1615 1610 1819 1672 Cassio
1865 1613 2081 1672 dixisse
2124 1613 2276 1674 vidi-

264 1718 416 1760 mus,
502 1701 711 1760 attulit
745 1701 1012 1776 priorum
1048 1701 1197 1760 iuris
1233 1701 1645 1760 consultorum
1682 1701 2024 1776 sententias,
2071 1720 2158 1761 ex.
2185 1722 2275 1780 gr.

264 1788 524 1849 Fulcinii
589 1780 692 1870 (D.
732 1791 844 1867 39,
883 1791 950 1869 6,
987 1781 1103 1867 43)
1180 1793 1267 1865 et,
1331 1793 1404 1847 ut
1465 1789 1732 1848 conicere
1794 1789 1962 1868 licet,
2035 1790 2276 1852 Proculi

268 1869 369 1956 (D.
403 1879 505 1955 34,
534 1879 592 1951 2,
624 1879 725 1956 32,
754 1869 825 1959 5)
872 1881 935 1937 et
978 1877 1272 1937 Labeonis
1319 1869 1418 1960 (D.
1446 1878 1550 1951 41,
1581 1879 1639 1955 3,
1670 1869 1858 1958 8pr.).

445 1966 535 2025 De
572 1966 780 2027 iisdem
818 1967 997 2027 rebus
1034 1967 1095 2026 in
1131 1966 1405 2042 pluribus
1433 1966 1734 2026 interdum
1761 1967 1931 2027 libris
1959 1966 2280 2027 Neratium

269 2053 492 2114 dixisse
536 2053 834 2130 Ulpianus
888 2055 1062 2114 testis
1118 2059 1210 2115 est
1256 2046 1355 2135 (D.
1389 2057 1490 2131 14,
1523 2057 1577 2129 6,
1611 2059 1646 2115 7
1663 2051 1806 2136 pr.);
1862 2054 2020 2132 quod
2075 2059 2279 2116 autem

270 2142 605 2218 exemplum
661 2142 859 2220 affert,
913 2143 974 2200 id
1029 2144 1104 2201 ad
1161 2143 1741 2203 senatusconsultum
1787 2143 2278 2203 Macedonianum

268 2229 549 2306 pertinet.
639 2229 799 2307 quod
853 2230 1129 2290 similiter
1183 2229 1255 2289 de
1302 2230 1518 2308 legatis
1564 2235 1626 2290 et
1668 2232 1862 2307 primo
1911 2240 1973 2290 et
2018 2231 2277 2291 secundo

270 2317 424 2377 libro
497 2317 815 2376 Neratium
904 2318 1122 2378 dixisse
1205 2318 1479 2393 pluribus
1551 2318 1905 2395 fragmentis
1975 2321 2280 2397 probatur,

275 2406 498 2483 singuli
542 2405 683 2466 libri
729 2406 1051 2482 separatim
1097 2408 1159 2465 et
1204 2405 1481 2481 deinceps
1528 2406 1675 2465 editi
1716 2406 2012 2468 videntur.

450 2494 663 2553 Restat
715 2498 785 2553 ut
840 2493 911 2553 de
957 2494 1168 2552 incerti
1214 2494 1527 2553 cuiusdam
1572 2494 1766 2568 operis
1810 2494 2147 2570 fragmento
2191 2495 2280 2558 vi·-

271 2581 544 2660 deamuS,
625 2600 818 2641 nonne
890 2581 1332 2656 Responsorum
1414 2579 1583 2639 libris
1661 2580 2110 2640 attribuendum
2184 2584 2280 2642 sit.

269 2670 499 2729 Paulus
565 2670 723 2728 enim
781 2669 819 2729 1.
858 2668 1000 2726 XIV
1056 2668 1497 2744 Responsorum
1552 2667 1623 2727 D.
1664 2670 1766 2743 22,
1807 2673 1863 2745 1,
1904 2669 2004 2745 14,
2046 2673 2078 2727 1
2136 2669 2282 2729 haec

271 2757 461 2817 tradit
508 2752 544 2817 ³.
576 2800 590 2815 .
620 2804 632 2817 .
672 2757 898 2816 Paulus
945 2756 1253 2833 respondit
1289 2802 1302 2815 .
1333 2800 1347 2815 .
1378 2803 1390 2815 .
1428 2755 1714 2815 Neratius
1757 2756 1911 2816 libro
1956 2757 2148 2832 primo
2196 2758 2283 2815 ita

272 2846 504 2906 refert.
536 2892 548 2905 .
579 2839 619 2905 .'
700 2845 915 2923 quibus
960 2844 1160 2905 verbis
1204 2845 1648 2920 Responsorum
1695 2844 1914 2903 librum
1961 2844 2284 2922 significari

274 2934 403 2993 veri
439 2933 803 2993 simillimum
839 2934 1093 3012 videtur,
1141 2933 1413 3009 quamvis
1451 2932 1706 2992 Paulum
1741 2932 1803 2991 in
1839 2932 2284 3010 Responsorum

277 3041 511 3099 quoque
530 3022 701 3081 libris
719 3021 951 3081 Neratii
968 3039 1254 3097 responsa
1272 3022 1548 3081 attulisse
1567 3021 1767 3096 nullis,
1787 3026 2077 3096 quantum
2093 3022 2284 3099 videO,

275 3114 587 3188 praeterea
613 3109 971 3171 testimoniis
997 3110 1300 3186 probetur.
1358 3113 1422 3169 at
1448 3111 1509 3168 in
1537 3110 1630 3170 his
1656 3109 1803 3186 ipsis
1831 3110 2000 3170 libris
2028 3111 2285 3171 Paulum

276 3217 563 3275 responsa
596 3199 946 3276 neglexisse,
982 3217 1137 3276 quae
1170 3199 1269 3259 vel
1305 3198 1368 3257 in
1395 3198 1528 3257 aliis
1569 3198 1793 3272 attulit,
1828 3218 2001 3259 nemo
2028 3201 2282 3275 putabit.

453 3287 774 3348 Librorum
826 3288 1163 3363 fragmenta
1215 3286 1539 3347 secundum
1586 3287 1973 3346 Sabinianum
2019 3289 2286 3348 ordinem

277 3376 659 3452 proponenda
704 3375 862 3436 duxi.
908 3376 1245 3454 fragmenta
1291 3394 1474 3453 supra
1518 3396 1574 3451 p.
1606 3376 1730 3436 293
1779 3376 1971 3435 relata
2016 3377 2285 3453 quamvis

280 3465 411 3524 fieri
446 3465 728 3542 potuerit,
764 3468 835 3524 ut
870 3464 1003 3540 ipsa
1039 3483 1273 3541 quoque
1309 3464 1372 3523 in
1404 3464 1844 3540 Responsorum
1881 3463 2064 3524 libros
2101 3464 2287 3538 recip-

280 3556 543 3632 erentur,
586 3554 699 3613 hoc
743 3553 871 3612 loco
918 3570 1037 3611 non
1081 3552 1302 3611 iterum
1345 3552 1646 3629 proposui.
