2575 3900
1021 211 1071 260 3.
1108 203 1436 260 MINICIUS
2109 206 2237 270 267

217 365 431 431 Dama
502 389 617 451 per
688 367 1125 452 ignorantiam
1200 367 1362 432 mihi
1433 389 1552 453 pro
1625 389 1699 432 eo
1773 367 2048 433 traditus
2123 373 2239 434 est.

216 456 473 520 Priscus
522 456 616 520 ait
661 478 781 520 usu
826 479 929 521 me
977 479 1121 521 eum
1167 477 1299 520 non
1344 461 1709 541 capturum,
1757 457 1908 540 quia
1952 456 2018 520 id
2067 457 2239 541 quod

218 548 508 628 emptum
547 566 681 609 non
718 545 820 623 sit,
856 566 975 631 pro
1016 549 1305 629 emptore
1342 566 1462 608 usu
1493 545 1636 628 capi
1672 566 1802 610 non
1840 549 2086 630 potest3
2127 545 2239 610 sed

217 633 275 696 si
330 633 565 698 fundus
618 637 871 717 emptus
920 633 1007 699 sit
1052 639 1118 697 et
1163 633 1511 716 ampliores
1553 633 1716 698 fines
1762 634 2044 717 possessi
2090 635 2240 719 sint,

214 725 428 786 totum
465 741 585 787 usu
622 723 765 805 capi
778 721 819 804 ¹,
865 722 1171 806 quoniam
1209 723 1596 787 universitas
1637 722 1771 787 eius
1811 722 2238 806 possideatur,

212 832 345 875 non
398 810 691 896 singulae
736 814 973 894 partes.

962 969 1063 1035 De
1105 971 1490 1036 condictione.

398 1094 497 1158 14.
553 1092 633 1160 D.
675 1094 775 1175 13,
816 1097 871 1172 1,
913 1094 1013 1159 13.
1103 1093 1347 1158 Paulus
1403 1094 1568 1160 libro
1622 1095 2006 1179 trigensimo
2061 1116 2235 1160 nono

214 1181 295 1246 ad
353 1182 634 1246 edictum
681 1180 777 1268 (P.
817 1180 993 1266 567).
1042 1218 1125 1228 —
1172 1181 1273 1246 Ex
1331 1187 1600 1267 argento
1649 1184 1956 1267 subrepto
2003 1184 2237 1267 pocula

211 1270 388 1335 facta
435 1270 685 1334 condici
730 1292 920 1354 posse
966 1269 1296 1336 Fulcinius
1345 1272 1453 1336 ait.

391 1364 465 1427 cf.
504 1363 636 1424 Gai.
675 1366 730 1439 2,
771 1367 808 1424 ’7
817 1367 852 1424 9
913 1359 992 1424 ἢ.
1034 1365 1087 1424 si
1141 1383 1211 1424 ex
1266 1383 1417 1424 auro
1473 1367 1583 1425 aut
1636 1369 1883 1443 argento
1940 1384 2071 1424 meo
2127 1385 2236 1426 vas

212 1452 459 1529 aliquod
504 1453 714 1512 feceris
744 1499 756 1514 .
787 1498 800 1511 .
836 1499 874 1530 .,
932 1448 1317 1531 (quaeritur,
1361 1456 1568 1512 utrum
1613 1456 1790 1513 tuum
1836 1454 1915 1513 sit
1961 1454 2119 1531 quod
2166 1473 2238 1514 ex

209 1560 344 1601 meo
392 1536 714 1619 effeceris>
770 1561 846 1600 an
891 1561 1092 1600 meum
1121 1590 1132 1602 .
1164 1587 1178 1601 .
1209 1585 1224 1602 .
1254 1542 1357 1602 sed
1404 1561 1542 1601 eum
1571 1587 1585 1602 .
1614 1585 1629 1601 .
1658 1543 1828 1602 cuius
1874 1543 2130 1602 materia
2174 1547 2237 1602 et

212 1629 553 1688 substantia
620 1630 829 1706 fuerit,
902 1631 1055 1689 furti
1126 1630 1414 1690 adversus
1479 1649 1619 1689 eum
1683 1630 1785 1707 qui
1849 1631 2233 1707 subripuerit,

208 1719 435 1777 habere
472 1719 789 1793 actionem3
827 1738 934 1778 nec
971 1719 1169 1778 minus
1203 1719 1490 1779 adversus
1521 1719 1774 1778 eundem
1801 1719 2236 1779 condictionem

210 1806 267 1866 ei
330 1800 694 1882 competere'
758 1800 867 1889 (sc.
933 1807 1185 1867 maxime
1250 1807 1523 1869 diversae
1589 1808 1824 1867 scholae
1886 1808 2232 1868 auctoribus

210 1894 411 1956 visum
458 1889 596 1975 est).

333 2066 435 2132 De
478 2069 768 2133 missione
812 2069 882 2133 in
916 2072 1357 2151 possessionem
1400 2072 1494 2135 rei
1536 2073 1870 2136 servandae
1913 2090 2118 2135 causa.

393 2191 494 2256 15.
539 2190 615 2257 D.
644 2193 748 2271 42,
775 2194 835 2275 4,
867 2193 1018 2277 7pr.
1083 2192 1400 2278 Ulpianus
1438 2194 1605 2259 libro
1647 2196 2232 2280 quinquagensimo

208 2302 383 2346 nono
451 2279 533 2344 ad
598 2281 873 2345 edictum
940 2279 1039 2367 (P.
1083 2279 1305 2368 1389).
1365 2318 1440 2329 —
1511 2282 1842 2348 Fulcinius
1907 2283 2234 2348 existimat

208 2369 563 2435 creditores
608 2371 703 2433 rei
750 2371 1099 2434 servandae
1147 2392 1343 2435 causa
1380 2371 1612 2435 missos
1651 2372 1720 2436 in
1754 2373 2233 2454 possessionem

209 2479 289 2522 ex
336 2459 441 2522 his
492 2459 684 2522 rebus
734 2458 820 2523 ali
866 2480 999 2523 non
1046 2460 1292 2523 debere.

520 2757 600 2838 3.
680 2757 854 2861 (m)
910 2760 1340 2834 MINIoms
1396 2757 1929 2860 (NATALlsz).

390 2904 563 2976 Quod
607 2906 669 2964 in
715 2906 1037 2966 Iustiniani
1082 2907 1471 2982 Digestorum
1519 2906 1872 2984 fragmentis
1911 2900 2233 2967 ‘Minicius'

205 3016 247 3055 a
306 2994 639 3069 Pomponio
710 2994 786 3052 ad
852 2993 1139 3054 Sabinum
1202 2995 1488 3055 laudatur
1552 2989 1653 3068 (D.
1704 2998 1802 3072 19,
1846 3000 1902 3073 1,
1943 2999 1999 3073 6,
2036 2989 2107 3075 4)
2172 3002 2233 3057 et

202 3084 431 3143 Iuliani
496 3082 636 3141 libri
700 3076 796 3141 eex
858 3076 1121 3143 Minicio'
1184 3084 1283 3144 vel
1349 3077 1452 3144 ‘ad
1507 3078 1835 3143 Minicium'
1901 3085 2235 3144 afferuntur

207 3164 300 3253 (P.
340 3165 748 3251 843—882),
809 3171 1121 3248 disputant
1170 3173 1288 3233 viri
1343 3173 1528 3251 docti,
1591 3194 1738 3232 num
1798 3173 1850 3232 is
1908 3168 2229 3234 ‘Minicius'

201 3261 367 3321 idem
440 3260 522 3321 sit
591 3268 773 3338 atque
847 3261 943 3320 vel
1015 3260 1119 3319 ille
1195 3256 1495 3321 ‘Minicius
1562 3256 1842 3339 Natalis',
1915 3262 1992 3321 ad
2057 3283 2232 3339 quem

204 3349 534 3409 Traianum
588 3348 962 3423 rescripsisse
1018 3348 1313 3425 Ulpianus
1369 3351 1556 3410 refert
1611 3345 1709 3429 (D.
1752 3353 1807 3429 2,
1850 3352 1949 3429 12,
1991 3347 2080 3433 9),
2135 3353 2231 3412 vel

205 3433 297 3496 ‘L.
328 3436 605 3498 Minicius
633 3431 911 3513 Natalis',
940 3438 1011 3496 de
1042 3438 1208 3497 euius
1236 3438 1564 3499 honoribus
1593 3439 1720 3498 CIL
1737 3439 1813 3516 II,
1830 3441 2019 3499 4510.
2038 3441 2230 3499 4511.

350 3574 379 3622 1
424 3569 575 3625 Trib.
613 3568 783 3639 longo
820 3572 1072 3639 tempore
1110 3571 1253 3640 capi.
