2575 3900
911 203 963 253 8.
1000 196 1309 253 URSEIUS
1346 195 1592 252 FEROX
2136 198 2264 263 183

232 362 494 445 pissem,
541 358 741 425 Gaius
782 358 1047 425 Cassius
1092 360 1428 445 respondit
1467 360 1564 425 ita
1603 361 1860 425 demum
1896 360 2265 427 fideiussori

238 450 680 533 exceptionem
729 449 1033 533 dandam,
1082 450 1139 513 si
1186 473 1225 514 a
1270 449 1540 515 muliere
1583 454 1853 534 rogatus
1899 450 2148 514 fuisset.

414 544 759 619 Sequuntur
820 542 1003 603 haec:
1065 537 1358 603 ‘Iulianus
1428 546 1634 603 autem
1696 548 1857 603 reete
1915 546 2094 619 putat
2137 591 2150 604 .
2181 592 2194 605 .
2225 536 2262 604 .’

236 633 423 693 verba
469 626 653 692 ‘recte
698 624 897 707 putat’
948 651 985 691 a
1031 632 1398 693 Triboniano
1445 632 1650 692 addita
1695 633 1993 693 videntur.
2086 633 2268 693 aliter

236 722 511 797 Krueger
562 741 619 797 p.
664 724 792 782 160
836 741 892 781 n.
938 723 1060 781 116
1128 713 1344 804 (‘wohl
1406 720 1592 781 durch
1647 722 2038 797 Entstellung
2101 722 2268 781 einer

238 811 401 870 Nota
448 810 822 888 entstanden,
870 812 1029 869 etwa
1076 830 1160 885 80,
1208 811 1340 870 dass
1385 810 1586 870 hinter
1620 810 1892 871 Iulianus
1931 810 2038 870 der
2073 810 2266 870 Name

236 901 397 959 eines
462 918 579 959 von
631 899 833 958 Iulian
895 899 1300 977 angefflhrten
1353 900 1626 959 Juristen
1682 899 2057 975 ausgefallen
2110 892 2264 980 ist').

1079 1053 1178 1118 De
1216 1054 1429 1136 furtis.

415 1170 520 1235 33.
566 1168 645 1233 D.
673 1170 778 1251 47,
806 1170 867 1251 2,
894 1167 1001 1233 59.
1064 1167 1358 1233 Iulianus
1387 1168 1557 1235 libro
1590 1172 1818 1254 quarto
1851 1169 1930 1233 ad
1957 1128 2264 1235 Urseium

236 1258 545 1323 Ferocem
592 1255 689 1343 (P.
728 1254 903 1345 926).
956 1293 1031 1304 -
1085 1255 1156 1322 Si
1209 1258 1347 1323 filio
1401 1257 1684 1323 familias
1732 1257 1975 1323 furtum
2022 1257 2266 1323 factum

237 1350 673 1520 Ξὲῗῗέι.τθοὺθ
736 1368 877 1413 eum
930 1350 1175 1431 patrem
1231 1346 1518 1411 familias
1567 1346 1817 1417 ,factum
1874 1368 1950 1412 eo
2006 1348 2266 1413 nomine

417 1524 562 1589 ‘Sed
601 1532 661 1589 et
697 1530 751 1589 si
786 1550 883 1589 res
922 1529 978 1589 ei
1014 1530 1213 1589 locata
1250 1529 1538 1605 subrepta
1573 1528 1774 1603 fuerit,
1802 1531 1976 1605 pater
2001 1529 2266 1590 familias
2369 1515 2372 1519 Δ

236 1620 437 1679 factus
481 1618 687 1678 itidem
735 1638 913 1696 agere
959 1612 1226 1696 poterit'.

418 1722 521 1786 34.
566 1718 648 1784 D.
681 1720 783 1801 13,
811 1721 871 1802 6,
899 1720 1005 1785 20.
1095 1719 1273 1783 Idem
1323 1716 1443 1805 (sc.
1486 1716 1808 1807 Iulianus)
1855 1719 2023 1783 libro
2070 1721 2263 1785 tertio

240 1810 322 1876 ad
367 1807 673 1874 Urseium
716 1807 1021 1874 Ferocem
1070 1806 1170 1896 (P.
1210 1808 1388 1891 920).
1435 1844 1520 1854 —
1569 1808 1931 1893 Argentum
1989 1830 2262 1875 commo·

240 1898 463 1964 datum
512 1897 569 1963 si
617 1896 812 1983 [tam]
858 1897 1093 1964 idoneo
1154 1918 1340 1962 servo
1397 1918 1541 1962 meo
1597 1897 2008 1963 tradidissem
2064 1898 2144 1963 ad
2200 1903 2265 1964 te

235 1986 687 2072 perferendum
748 1989 847 2068 [ut
890 2009 1024 2052 non
1061 1986 1355 2051 debuerit
1392 1987 1534 2069 quis
1578 1988 1920 2052 aestimare
1958 1987 2267 2072 futurum,

236 2081 311 2141 ut
356 2099 396 2140 a
442 2077 822 2160 quibusdam
881 2075 1071 2141 malis
1122 2074 1498 2140 hominibus
1546 2075 1998 2160 deciperetur],
2063 2079 2266 2160 tuum,

236 2187 370 2231 non
436 2187 650 2230 meum
715 2164 1169 2230 detrimentum
1234 2161 1425 2247 esse²,
1489 2164 1547 2229 si
1609 2165 1676 2230 id
1741 2165 1899 2230 mali
1961 2166 2262 2231 homines

238 2255 758 2337 intercepissent.

416 2347 763 2408 Triboniani
809 2348 1229 2408 addidamenta
1273 2346 1522 2406 Pei-nice
1569 2346 1977 2423 deprehendit.

419 2448 523 2516 35.
568 2447 647 2514 D.
680 2450 779 2531 12,
808 2449 869 2528 5,
896 2449 957 2515 5.
1037 2449 1329 2513 Iulianus
1375 2447 1544 2512 libro
1592 2449 1789 2513 tertio
1836 2447 1917 2512 ad
1953 2448 2265 2515 Urseium

238 2537 545 2603 Ferocem
592 2537 693 2623 (P.
730 2535 910 2623 915).
960 2574 1057 2617 -.
1088 2535 1157 2602 Si
1214 2559 1252 2602 a
1308 2559 1492 2601 servo
1540 2557 1685 2601 meo
1732 2538 2076 2620 pecuniam
2123 2538 2264 2622 quis

240 2627 613 2712 accepisset,
656 2649 739 2692 ne
786 2627 1031 2692 furtum
1078 2627 1159 2691 ab
1190 2631 1284 2691 'eo
1332 2625 1576 2690 factum
1622 2624 1956 2710 indicaret,
2003 2625 2135 2691 sive
2173 2625 2264 2690 in-

240 2717 520 2782 dicasset
593 2716 727 2781 sive
801 2738 956 2800 non,
1028 2714 1483 2798 repetitionem
1549 2713 1687 2778 fore
1753 2713 1890 2779 eius
1953 2715 2264 2798 pecuniae

238 2805 551 2871 Proculus
598 2804 952 2890 respondit.

1030 2986 1250 3046 Liber
1293 2985 1476 3046 x—?

958 3106 1059 3172 De
1102 3107 1227 3190 {eye
1267 3106 1550 3188 Aquilia.

419 3222 548 3287 36⁸.
614 3221 844 3288 Collat.
886 3222 987 3306 12,
1028 3223 1085 3305 7,
1123 3222 1181 3287 9.
1281 3221 1601 3307 Ulpianus
1666 3221 1836 3286 libro
1891 3220 2118 3287 XVIII
2184 3221 2264 3287 ad

243 3309 523 3376 edictum
570 3307 669 3398 (P.
702 3307 883 3398 623).
938 3348 1013 3359 -
1065 3362 1080 3377 .
1110 3362 1124 3375 .
1164 3312 1216 3376 si
1265 3312 1376 3395 qui
1423 3311 1591 3375 servi
1637 3311 1938 3396 inquilini
1983 3311 2262 3376 insulam

386 3510 414 3556 1
458 3503 608 3559 Trib.
644 3503 695 3558 is
731 3495 1172 3574 paterfamilias
1208 3503 1391 3557 factus
1421 3545 1434 3558 .
1462 3540 1476 3556 .
1507 3505 1656 3572 aget.

386 3579 418 3626 2
462 3575 611 3630 Trib.
650 3573 768 3632 erit.
