2575 3900
703 185 753 235 4.
793 178 850 234 C.
880 177 1172 232 CASSIUS
1209 176 1583 232 LONGINUS
2074 180 2155 243 17

175 391 301 425 ...,
356 350 417 405 ut
457 347 652 406 Nerva.
697 339 926 406 Cassio'
973 345 1046 404 D.
1078 347 1179 423 25,
1211 348 1268 420 2,
1302 349 1357 404 1.
1448 339 1712 406 ‘Cassius
1761 340 1927 406 dicit'
1985 347 2057 406 D.
2102 350 2157 425 2,

171 439 222 511 4,
239 439 290 514 4,
310 438 361 497 2.
420 430 710 495 ‘Cassium
737 435 977 494 audisse
1006 452 1066 493 se
1096 433 1391 494 dicentem
1418 433 1625 495 Aristo
1652 429 1763 494 ait'
1800 436 1869 496 D.
1891 437 1951 513 4,
1975 439 2031 511 8,
2051 438 2156 496 40.

167 518 405 584 ‘Cassius
451 529 510 584 et
555 522 792 583 Caelius
835 523 1093 582 Sabinus
1131 568 1145 582 .
1177 569 1190 582 .
1222 567 1254 581 .-
1282 517 1587 582 dixerunt'
1634 523 1708 582 D.
1741 527 1843 600 35,
1878 528 1933 600 1,
1966 526 2067 599 72,
2099 528 2156 585 7.

164 606 399 672 ‘Cassius
440 606 644 688 negat'
698 613 772 671 D.
811 614 924 689 40,
967 614 1022 684 7,
1061 615 1126 686 2,
1171 615 1224 669 1.
1327 604 1618 686 ‘negavit'
1678 612 1752 671 D.
1795 616 1904 690 19,
1944 615 2010 691 2,
2054 615 2157 673 32.

162 696 394 776 ‘probat'
461 701 592 761 Gai.
632 704 689 776 3,
732 703 876 762 140.
931 700 1006 758 D.
1050 702 1147 776 14,
1187 703 1245 775 3,
1285 703 1344 776 5,
1386 703 1484 759 12.
1554 702 1653 774 29,
1696 704 1754 777 2,
1792 703 1895 775 21,
1934 704 1990 761 3.
2050 705 2154 774 43,

161 792 252 867 24,
290 795 380 867 11,
417 794 471 851 6.
563 785 799 850 ‘sensit'
844 789 917 849 D.
956 791 1016 864 5,
1054 791 1120 862 3,
1160 791 1245 849 40
1261 809 1347 864 pr.
1406 791 1515 866 33,
1556 790 1625 866 9,
1666 792 1809 866 5pr.
1901 784 2156 850 ‘definit'

160 878 224 938 D.
256 881 348 957 38,
379 883 477 954 16,
508 882 567 955 1,
601 881 700 939 10.
747 880 850 954 43,
884 880 984 950 12,
1017 882 1072 952 1,
1104 881 1159 937 3.
1243 872 1473 936 ‘Cassio
1509 872 1761 953 placuit'¹
1803 877 1935 940 Grai.
1966 880 2023 956 3,
2055 883 2154 939 71.

157 961 363 1028 ‘Cassio
397 970 460 1028 et
493 968 725 1043 Pegaso
763 959 982 1042 placet'
1028 967 1100 1026 D.
1133 969 1190 1042 2,
1226 969 1281 1042 1,
1315 970 1415 1040 11,
1446 968 1503 1025 2.
1578 961 1797 1026 ‘cassii
1834 963 2155 1028 sententia?

156 1054 221 1113 D.
241 1059 334 1132 43,
356 1059 451 1131 24,
474 1060 576 1133 11,
602 1060 657 1115 1.
725 1049 942 1114 ‘Cassii
968 1058 1030 1114 et
1057 1055 1277 1114 Iuliani
1306 1049 1625 1114 sententia'
1665 1055 1736 1116 D.
1767 1058 1872 1133 41,
1893 1059 1952 1132 2,
1976 1060 2029 1133 1,
2056 1060 2154 1117 14.

164 1138 432 1204 ‘Cassius’
479 1145 552 1204 D.
586 1146 689 1223 33,
720 1148 777 1222 7,
809 1146 910 1222 12,
941 1147 1040 1203 17.

310 1234 378 1292 In
428 1235 666 1294 Nervae
701 1231 1044 1306 ,sententiis
1108 1232 1209 1292 vel
1268 1232 1631 1307 accipiendis
1684 1234 1784 1293 vel
1836 1233 2154 1294 reiciendis

157 1317 401 1381 Cassium
451 1341 899 1399 nonnumquam
951 1321 1129 1380 aliter
1183 1321 1438 1380 sensisse
1493 1321 1766 1380 videmus
1816 1324 1997 1398 atque
2052 1323 2157 1382 Sa.-

155 1408 354 1471 binum.
469 1415 535 1470 at
604 1411 669 1469 in
752 1410 887 1470 aliis
979 1413 1232 1486 uterque
1314 1409 1580 1470 Nervam
1663 1410 1909 1488 reliquit
1990 1402 2154 1492 (Gai.

160 1498 213 1570 2,
253 1501 364 1560 195
427 1493 708 1558 ‘Sabinus
771 1499 1012 1575 quidem
1075 1502 1137 1558 et
1200 1497 1445 1558 Cassius
1479 1541 1495 1558 .
1534 1544 1547 1558 .
1587 1544 1629 1575 .,
1691 1499 1895 1560 Nerva
1959 1493 2123 1559 vero'
2139 1523 2154 1577 3

160 1587 212 1663 3,
239 1589 346 1648 133
385 1583 640 1648 ‘Nervae
669 1587 894 1663 placuit
920 1633 932 1646 .
964 1586 1184 1646 Sabino
1212 1590 1418 1647 autem
1444 1590 1508 1646 et
1536 1581 1783 1647 Cassio'.
1855 1588 1927 1648 D.
1958 1590 2062 1667 41,
2096 1592 2153 1666 1,

158 1677 208 1751 7,
247 1680 275 1736 7
329 1676 450 1737 Gai.
527 1671 752 1737 ‘Nerva
814 1678 877 1735 et
938 1676 1224 1736 Proculus
1286 1678 1507 1752 putant
1548 1720 1563 1735 .
1603 1722 1617 1735 .
1656 1699 1695 1752 ‚3
1772 1675 2027 1736 Sabinus
2092 1682 2155 1737 et

157 1760 410 1826 Cassius’.
468 1766 543 1824 D.
560 1768 664 1843 30,
683 1767 838 1841 26,2
869 1765 1076 1839 Pomp.
1106 1758 1390 1823 ‘Sabinus
1418 1765 1657 1840 quidem
1687 1767 1750 1824 et
1778 1763 2024 1825 Cassius
2048 1811 2060 1826 .
2082 1809 2098 1825 .
2120 1810 2154 1842 .,

157 1849 416 1914 Proculus
462 1859 526 1913 et
561 1846 832 1935 Nerva'),
879 1853 945 1912 in
989 1853 1126 1912 aliis
1173 1858 1417 1913 secutus
1463 1857 1557 1912 est
1602 1844 1704 1934 (D.
1740 1855 1839 1930 18,
1875 1858 1928 1928 1,
1961 1857 2042 1914 57
2060 1875 2149 1930 pr.

161 1932 354 2004 ‘Nerva
389 1943 647 2003 Sabinus
685 1934 1010 2023 Cassius');
1071 1937 1270 2002 semel
1308 1940 1551 2002 Cassius
1599 1942 1866 2003 eiusdem
1916 1946 2152 2003 senten·

159 2029 284 2089 tiam
308 2034 466 2093 solus
497 2032 808 2108 amplexus
837 2034 931 2091 est
950 2022 1052 2112 (D.
1074 2034 1176 2109 25,
1197 2035 1255 2107 2,
1280 2034 1313 2090 1
1349 2026 1730 2107 ‘quibusdam
1758 2033 2153 2092 existimanti-

158 2116 255 2178 bus
281 2163 332 2180 ..
363 2168 394 2199 .,
429 2125 502 2181 ut
535 2122 740 2182 Nerva
776 2119 1001 2195 CassiO,
1041 2166 1054 2179 .
1084 2164 1098 2179 .
1130 2165 1144 2180 .
1173 2120 1329 2197 aliis,
1366 2122 1437 2179 ut
1472 2119 1691 2180 Sabino
1730 2124 1792 2179 et
1825 2114 2149 2202 Proculo').

311 2208 545 2270 Cassius
621 2213 799 2286 atque
866 2208 1122 2269 Sabinus
1186 2228 1223 2269 a
1289 2208 1502 2268 ceteris
1576 2209 1839 2268 eiusdem
1912 2210 2150 2270 scholae

161 2299 309 2369 quasi
355 2299 654 2375 principes
711 2300 772 2357 et
833 2301 1107 2357 auctores
1172 2297 1632 2375 distinguuntur
1689 2291 1850 2378 (Gai.
1891 2301 1925 2358 1
1947 2345 1962 2373 ,
2004 2301 2147 2360 196.

162 2385 340 2461 2,195
371 2382 649 2446 ‘Sabinus
679 2431 693 2445 .
713 2433 726 2447 .
757 2389 820 2445 et
847 2385 1087 2445 Cassius
1116 2386 1415 2463 ceterique
1443 2386 1635 2446 nostri
1660 2380 2153 2469 praeceptores').

159 2474 370 2550 accedit,
404 2475 566 2552 quod
603 2476 777 2535 ambo
804 2476 988 2551 vulgo
1017 2475 1461 2551 coniunguntur
1491 2467 1652 2556 (Gai.
1681 2478 1741 2550 4,
1774 2478 1903 2535 114
1943 2470 2151 2553 ‘vulgo

161 2560 350 2622 dicitur
400 2564 623 2625 Sabino
678 2568 741 2623 et
794 2562 998 2623 Cassio
1055 2558 1362 2643 placere').
1454 2564 1637 2623 semel
1682 2562 1872 2622 Cassii
1926 2583 2150 2623 nomen

166 2646 352 2711 Sabino
400 2654 813 2730 praepositum
865 2655 984 2728 est,
1040 2652 1272 2712 scilicet
1315 2672 1351 2711 a
1401 2652 1724 2727 Pomponio
1781 2650 1855 2709 D.
1884 2653 1989 2728 45,
2020 2654 2078 2728 3,
2112 2654 2147 2710 6

167 2729 268 2816 (‘et
306 2738 478 2801 Cassii
529 2746 594 2801 et
639 2735 882 2801 Sabini'.
974 2741 1046 2800 cf.
1081 2740 1155 2800 D.
1199 2743 1299 2816 17,
1340 2743 1397 2817 2,
1436 2742 1537 2815 29,
1582 2741 1618 2797 2
1666 2737 1805 2814 Uip.
1878 2733 2147 2799 ‘Cassius

160 2830 348 2899 putat.
376 2832 534 2906 quod
569 2830 659 2889 ita
696 2830 936 2889 demum
968 2830 1216 2907 valebit,
1257 2833 1328 2888 ut
1364 2832 1427 2888 et
1462 2827 1719 2887 Sabinus
1757 2827 1982 2905 scribit,
2022 2821 2149 2910 si').

309 2917 493 2978 Cassii
534 2919 864 2978 sententiae
904 2919 1229 2978 laudantur
1271 2938 1309 2977 a
1337 2918 1621 2979 Iavoleno
1655 2908 1749 2997 (in
1780 2916 1955 2977 libris
1993 2937 2145 2994 quos

159 3020 218 3061 ex
257 3004 447 3067 Cassio
497 3000 711 3088 fecit),
752 3008 828 3065 ab
874 3006 1085 3068 Urseio
1133 2999 1243 3088 (D.·
1265 3010 1323 3084 7,
1353 3009 1545 3084 4,,10,
1586 2997 1679 3088 5),
1738 3006 1811 3065 ab
1857 3005 2144 3066 Aristone

161 3082 243 3169 (D.
279 3097 371 3172 17,
408 3098 466 3171 2,
497 3097 600 3171 29,
631 3088 727 3176 2),
782 3115 818 3154 a
870 3095 1106 3156 Iuliano
1163 3087 1319 3178 (tam
1370 3094 1544 3155 libris
1600 3113 1747 3169 quos
1805 3112 1878 3153 ex
1929 3094 2147 3155 Urseio

163 3178 292 3257 fecit,
326 3202 400 3243 sc.
436 3184 591 3243 libro
628 3185 662 3243 1
688 3184 760 3243 D.
791 3187 1140 3261 3ο,104,1,
1176 3186 1240 3243 11
1266 3186 1340 3243 D.
1372 3186 1473 3258 24,
1504 3185 1563 3256 3,
1591 3186 1693 3258 59,
1730 3183 1819 3241 IV
1847 3184 1918 3242 D.
1952 3187 2055 3259 16,
2087 3188 2144 3261 1,

170 3271 326 3350 16,1,
369 3273 422 3330 V
459 3273 532 3332 D.
563 3274 669 3349 40,
697 3276 798 3349 12,
832 3275 946 3351 30,
1000 3294 1182 3351 quam
1232 3275 1305 3333 iis
1362 3291 1513 3349 quos
1567 3290 1641 3331 ex
1694 3270 1933 3331 Minicio
1988 3272 2151 3345 fecit,

167 3362 294 3417 certe
332 3360 417 3419 IV
455 3361 526 3420 D.
561 3365 663 3437 19,
702 3364 760 3441 2,
798 3356 938 3442 32),
992 3382 1030 3421 a.
1082 3361 1410 3440 Pomponio
1458 3353 1614 3441 (tam
1657 3360 1829 3419 libris
1878 3379 2025 3436 quos
2073 3361 2153 3421 ad

172 3442 413 3508 Sabinum
467 3450 736 3528 scripsit,
794 3451 1022 3511 scilicet
1075 3452 1229 3511 libro
1274 3450 1371 3509 ΙΠ
1414 3449 1487 3508 D.
1520 3452 1623 3521 22,
1656 3452 1713 3523 6,
1744 3450 1801 3523 3,
1835 3450 1898 3522 13
1958 3450 2059 3522 35,
2094 3452 2147 3517 1,

177 3532 288 3612 6,1,
326 3537 379 3596 v
405 3539 476 3599 D.
507 3540 610 3615 30,
642 3542 744 3619 26,
776 3541 832 3618 2,
878 3539 966 3599 VI
994 3539 1068 3598 D.
1096 3543 1201 3616 34,
1231 3542 1287 3615 2,
1318 3542 1421 3612 21,
1452 3540 1511 3612 2,
1546 3536 1691 3595 xlx
1718 3535 1789 3594 D.
1821 3537 1926 3606 46,
1957 3536 2015 3609 3,
2048 3536 2147 3608 17,

254 3644 434 3695 Itu-ispr.
462 3648 697 3689 antohndr.
725 3649 824 3689 rell.
854 3649 924 3689 ed.
952 3648 1152 3689 Bremer.
1197 3647 1261 3698 11,
1289 3649 1329 3687 2.
1691 3636 1722 3681 2
