2575 3900
345 189 475 254 282
549 189 612 243 V.
651 188 949 244 NERVAE
985 190 1079 244 ET
1116 188 1418 244 TRAIANI
1453 189 1671 244 TEMP.
1707 189 1898 245 IURJS
1936 188 2291 246 CONSULTI

518 352 649 419 25?
695 351 770 416 D.
790 353 896 435 21,
919 353 975 435 1,
994 351 1100 418 50.
1175 350 1468 418 Iulianus
1505 352 1672 418 libro
1711 356 1940 438 quarto
1979 373 2057 418 ex
2092 352 2358 420 Minicio

343 440 442 526 (P.
470 437 647 526 864).
698 475 772 488 -
823 401 1175 506 Varicosus
1222 462 1417 506 sanus
1462 463 1594 507 non
1639 448 1756 506 est.

1188 597 1287 666 De
1330 619 1513 682 aqua.

519 707 647 772 26?
723 706 802 771 D.
836 706 944 787 43,
983 705 1087 784 20,
1123 705 1181 786 5,
1224 706 1278 770 1.
1386 705 1564 770 Idem
1637 703 1751 791 (sc.
1798 704 2112 791 Iulianus)
2186 708 2358 774 libro

344 801 575 881 quarto
635 816 711 859 ex
758 793 1020 859 Minicio
1068 793 1163 878 (Ρ.
1193 791 1372 880 869).
1424 830 1501 842 -
1547 793 1729 860 Inter
1773 793 1931 860 duos
1977 795 2088 880 qui
2132 796 2358 860 eodem

345 886 485 950 rivo
532 905 763 968 aquam
811 883 1001 948 certis
1046 881 1224 949 horis
1271 883 1619 966 separatim
1664 883 1996 968 ducebant,
2047 885 2359 966 convenit,

343 978 417 1038 ut
486 971 868 1057 permutatis
940 971 1110 1036 inter
1182 991 1249 1035 se
1313 972 1716 1056 temporibus
1780 994 1946 1056 aqua
2009 976 2359 1038 uterentur.

343 1083 601 1147 quaere,
647 1081 792 1125 cum
838 1059 1110 1145 amplius
1155 1057 1433 1125 bienni0¹
1479 1060 1574 1124 ita
1618 1060 1964 1146 duxissent,
2007 1064 2082 1125 ut
2127 1065 2360 1127 neuter

342 1172 564 1215 eorum
622 1169 764 1213 suo·
793 1152 1080 1233 tempore
1136 1169 1289 1212 usus
1347 1151 1541 1230 esset,
1587 1169 1742 1214 num
1788 1149 1886 1214 ius
1933 1149 2156 1216 utendi
2203 1151 2358 1214 ami-

344 1240 601 1306 sissent.
689 1237 956 1322 negavit
1002 1236 1311 1301 amisisse.

1018 1417 1106 1476 Ex
1151 1417 1372 1477 Iuliani
1416 1418 1569 1478 libro
1614 1417 1687 1478 V.

1066 1534 1165 1602 De
1208 1538 1345 1602 iure
1387 1538 1636 1602 dotium.

518 1645 601 1710 27
614 1643 648 1708 *Ρ
694 1642 770 1709 D.
791 1643 892 1722 23,
912 1644 973 1724 3,
988 1642 1096 1708 49.
1172 1641 1355 1707 Idem
1400 1640 1513 1728 (sc.
1542 1640 1861 1729 Iulianus)
1907 1642 2075 1708 libro
2122 1645 2352 1730 quinto

344 1756 423 1798 ex
457 1731 722 1798 Minicio
754 1728 849 1818 (P.
880 1730 1055 1816 870).
1089 1767 1165 1778 -
1198 1729 1321 1797 Vir
1356 1733 1437 1798 ab
1475 1754 1568 1814 eo,
1606 1733 1718 1815 qui
1751 1732 1940 1797 uxori
1976 1733 2111 1796 eius
2142 1732 2360 1798 dotem

343 1822 557 1886 facere
586 1817 841 1906 (dareP)
871 1821 1150 1904 volebat,
1187 1823 1428 1886 certam
1463 1821 1801 1904 pecuniam
1841 1841 1916 1884 eo
1943 1821 2204 1884 nomine
2243 1823 2360 1884 sfi-

344 1910 604 1995 pulatus
652 1913 775 1993 est,
821 1908 1046 1974 deinde
1093 1912 1423 1993 acceptam
1471 1929 1613 1975 eam
1657 1908 1830 1975 fecit.
1912 1908 2360 1994 quaerebatur,

344 2004 595 2064 essetne
641 2020 717 2062 ea
761 1999 1030 2083 pecunia
1073 1998 1142 2061 in
1188 1998 1426 2063 dotem.
1512 1999 1880 2082 respondit,
1926 1998 1980 2063 si
2027 2002 2362 2083 acceptam

351 2110 480 2155 non
528 2087 785 2152 fecisset
820 2092 884 2151 et
916 2087 1270 2170 promissor
1309 2086 1616 2151 solvendo
1654 2108 1794 2152 esse
1830 2086 2119 2170 desisset,
2166 2108 2362 2172 quae-

344 2197 654 2259 reremus,
696 2197 780 2240 an
826 2176 1011 2258 culpa
1056 2175 1274 2239 mariti
1321 2196 1398 2239 ea
1438 2175 1710 2259 pecunia
1746 2179 1967 2241 exacta
2002 2197 2132 2242 non
2170 2180 2362 2241 esset.

343 2289 479 2331 cum
534 2288 674 2329 vero
728 2271 1032 2345 acceptam
1085 2268 1253 2343 fecit,
1315 2269 1648 2328 omnimodo
1702 2268 2034 2345 periculum
2088 2269 2165 2329 ad
2220 2288 2361 2330 eum

342 2358 692 2437 pertinebit3
738 2356 977 2432 perinde
1026 2356 1185 2416 enim
1229 2359 1338 2429 est,
1385 2374 1455 2416 ac
1500 2357 1550 2415 si
1596 2358 1892 2434 acceperit
1931 2359 2247 2433 pecuniam
2296 2362 2362 2419 et

345 2447 593 2508 eandem
638 2445 986 2521 promissori
1030 2445 1357 2505 donaverit.

518 2531 624 2596 28.
669 2529 745 2595 D.
765 2529 871 2611 24,
893 2530 949 2610 1,
967 2528 1071 2594 39.
1151 2527 1439 2593 Iulianus
1486 2527 1654 2593 libro
1701 2529 1928 2612 quinto
1973 2550 2050 2593 ex
2085 2526 2357 2596 Minicio

342 2616 440 2706 (P.
480 2616 656 2705 871).
710 2654 785 2665 -
840 2616 961 2681 Vir
1016 2617 1199 2681 uxori
1254 2616 1596 2700 pecuniam
1651 2637 1797 2682 cum
1854 2617 2092 2684 donare
2146 2618 2364 2699 vellet,

342 2707 641 2792 permisit
680 2707 757 2789 ei,
804 2709 875 2771 ut
921 2727 959 2769 a
1005 2704 1289 2771 debitore
1339 2726 1454 2770 suo
1502 2704 1864 2789 stipuletur.
1940 2706 2054 2771 illa
2099 2727 2244 2771 cum
2293 2666 2364 2771 id’

341 2796 617 2879 fecisset,
663 2796 1035 2896 priusquam
1081 2793 1422 2878 pecuniam
1459 2793 1757 2878 auferret,
1804 2793 2146 2858 divortium
2185 2794 2360 2859 fecit.

346 2905 603 2967 quaero,
639 2887 859 2947 utrum
896 2883 995 2945 vir
1032 2903 1174 2946 eam
1214 2902 1531 2946 summam
1567 2884 1785 2966 petere
1824 2882 2054 2947 debeat
2085 2904 2169 2947 an
2195 2881 2363 2968 (ex)

345 2992 421 3035 ea
463 2971 892 3056 promissione
939 2974 1204 3055 propter
1250 2970 1612 3035 donationis
1660 2991 1920 3035 causam
1969 2971 2137 3036 actio
2179 2971 2363 3036 nulla

348 3064 534 3125 esset.
623 3057 1038 3143 respondi<t>
1092 3060 1352 3123 inanem
1405 3058 1603 3124 fuisse
1659 3080 1798 3125 eam
1856 3058 2359 3143 stipulationem.

523 3151 640 3211 Sed
678 3152 727 3211 si
754 3152 1075 3225 promissor
1109 3152 1348 3212 mulieri
1383 3152 1664 3231 ignorans
1701 3152 1996 3232 solvisset,
2033 3152 2084 3211 si
2116 3152 2360 3229 quidem

345 3240 595 3316 pecunia
664 3242 884 3317 exstat,
957 3240 1255 3301 vindicare
1321 3259 1451 3300 eam
1515 3241 1748 3302 debitor
1809 3243 2024 3317 potest.
2135 3242 2237 3301 sed
2305 3241 2358 3301 si

346 3328 607 3388 actiones
654 3347 792 3389 suas
838 3330 1055 3390 marito
1100 3332 1407 3404 praestare
1455 3337 1702 3405 paratus
1750 3332 1859 3407 est,
1907 3329 2028 3391 doli
2073 3330 2218 3390 mali
2264 3348 2362 3389 ex-

348 3418 617 3494 ceptione
674 3436 737 3478 se
792 3417 1058 3477 tuebitur
1110 3417 1361 3494 ideoque
1409 3419 1660 3479 maritus
1705 3420 1858 3478 hanc
1903 3419 2213 3493 pecuniam
2259 3418 2361 3477 de-

497 3557 524 3605 1
568 3552 717 3608 Trib.
754 3552 1003 3622 tempore
1041 3550 1400 3607 servitutibus
1437 3550 1747 3622 praefinito,
