2575 3900
164 1049 288 1147 ΙΠ.
355 1051 596 1150 GAII
663 1049 1115 1148 CLAUDII
1175 1049 1649 1149 NERONIS
1716 1050 2152 1149 GALBAE

301 1227 773 1326 OTHONIS
837 1227 1327 1326 VITELLII
1400 1226 2003 1327 TEMPORUM

691 1404 986 1504 IURIS
1063 1403 1596 1504 CONSULTI

319 1626 562 1687 Sueten.
620 1624 808 1705 Calig.
867 1627 970 1686 34.
1084 1625 1174 1685 De
1236 1625 1387 1686 iuris
1446 1670 1460 1684 .
1512 1671 1524 1684 .
1586 1627 1899 1701 consultis,
1982 1629 2153 1703 quasi

169 1713 422 1775 scientiae
480 1735 691 1776 eorum
747 1734 981 1775 omnem
1037 1733 1213 1776 usum
1268 1714 1602 1774 aboliturus
1659 1732 1833 1791 saepe
1888 1716 2155 1791 iactavit,

169 1818 218 1859 se
269 1805 606 1865 mehercule
679 1804 1057 1877 effecturum,
1128 1822 1205 1863 ne
1275 1803 1421 1880 quid
1490 1803 1851 1879 respondere
1921 1805 2155 1881 possint

169 1895 375 1965 praeter
418 1913 576 1954 eum.

320 1982 544 2043 Seneca
622 1982 685 2041 in
765 1982 1245 2059 apocolocyntosi
1314 1983 1396 2041 12
1482 1972 1791 2062 (Petronii
1873 1985 1985 2044 sat.
2061 1984 2150 2043 ed.

170 2066 468 2132 Buecheler
514 2092 572 2147 p.
612 2062 772 2152 234)
826 2072 901 2130 de
954 2089 1158 2129 rerum
1217 2072 1354 2146 post
1400 2068 1638 2130 Claudii
1682 2074 1939 2131 mortem
1985 2074 2153 2132 statu

171 2162 370 2218 narrat:
438 2155 706 2237 ‘Agatho
754 2165 818 2219 et
860 2159 1038 2236 pauci
1083 2158 1369 2219 causidici
1413 2158 1757 2235 plorabant,
1815 2160 1920 2219 sed
1973 2162 2152 2236 plane

173 2262 232 2302 ex
269 2248 468 2309 animo.
561 2248 971 2309 iurisconsulti
1017 2266 1090 2307 ex
1143 2247 1407 2307 tenebris
1451 2247 1878 2323 procedebant,
1923 2249 2153 2328 pallidi,

173 2336 410 2417 graciles,
454 2338 559 2397 vix
604 2338 864 2397 animam
905 2336 1214 2411 habentes,
1261 2339 1551 2412 tanquam
1586 2336 1691 2413 qui
1726 2338 1861 2395 tum
1896 2337 2151 2397 maxime

172 2424 579 2487 reviviscerent.
653 2445 724 2486 ex
767 2425 862 2484 his
901 2441 1054 2485 unus
1091 2444 1227 2485 cnm
1263 2426 1513 2486 vidisset
1548 2425 1747 2501 capita
1782 2426 2152 2486 conferentes

178 2512 228 2569 et
269 2512 532 2575 fortunas
585 2532 727 2574 snas
782 2514 1160 2591 deplorantes
1221 2513 1576 2590 causidicos,
1639 2513 1871 2573 accedit
1924 2517 1985 2574 et
2039 2515 2150 2574 ait:

179 2596 407 2662 dicebam
452 2603 650 2665 vobis:
698 2622 815 2662 non
860 2621 1093 2678 semper
1139 2601 1482 2662 Saturnalia
1528 2595 1744 2660 erunt'.

181 2771 221 2818 1.
255 2766 516 2827 Curtilius.
552 2801 620 2813 —-
671 2778 721 2827 2.
761 2770 964 2826 Varius
1000 2771 1284 2828 Lucullus.
1332 2800 1400 2811 —
1448 2775 1497 2825 3.
1543 2767 1617 2823 Μ.
1659 2766 1921 2824 Cocceius
1964 2766 2152 2825 Nerva

175 2834 236 2891 Μ.
262 2840 294 2894 f.
330 2872 390 2882 —
427 2849 481 2899 4.
521 2843 580 2899 C.
612 2842 831 2898 Cassius
864 2842 1166 2925 Longinus.
1205 2872 1272 2882 —-
1312 2845 1360 2895 5.
1398 2839 1625 2924 Pedius..
1652 2870 1722 2922 ς·-
1760 2844 1809 2897 6.
1847 2837 2149 2910 Longinus.

179 2936 232 2948 —
265 2916 306 2967 7.
340 2913 616 2969 Proculus.
648 2945 715 2955 -
754 2919 803 2971 8.
834 2912 1063 2969 Urseius
1091 2912 1282 2969 Ferox.
1314 2943 1381 2953 —
1411 2916 1460 2968 9.
1488 2913 1803 2969 Atihcinus.
1833 2942 1901 2953 —-
1932 2916 2015 2969 10.
2042 2911 2151 2967 Fu-

685 2985 867 3040 fidius.
895 3016 953 3027 -
981 2988 1063 3041 11.
1102 2984 1367 3041 Caninius
1402 2982 1644 3039 Rebilus.

833 3216 903 3297 1.
959 3219 1461 3295 CARTILIUS

325 3363 468 3425 iuris
503 3366 809 3427 consultus
835 3365 1095 3445 ignotuS,
1131 3365 1248 3425 nisi
1273 3365 1433 3441 quod
1458 3364 1744 3425 Proculus
1772 3366 1834 3423 et
1858 3364 2149 3441 Ulpianus

187 3444 285 3507 eius
333 3454 652 3515 sententias
705 3455 980 3536 laudant,
1036 3454 1253 3531 quibus
1311 3454 1619 3513 sententiis
1673 3470 1959 3529 responsa
2012 3471 2147 3513 con-

189 3534 328 3599 tineri
363 3543 654 3604 videntur.

1658 3642 1684 3688 1
1698 3636 1730 3671 ¹·
1842 3650 1849 3657 ·
