<?xml version="1.0" encoding="UTF-8"?>
<!DOCTYPE html PUBLIC "-//W3C//DTD XHTML 1.0 Transitional//EN"
    "http://www.w3.org/TR/xhtml1/DTD/xhtml1-transitional.dtd">
<html xmlns="http://www.w3.org/1999/xhtml" xml:lang="en" lang="en">
 <head>
  <title>
</title>
<meta http-equiv="Content-Type" content="text/html;charset=utf-8" />
  <meta name='ocr-system' content='tesseract 3.04.00' />
  <meta name='ocr-capabilities' content='ocr_page ocr_carea ocr_par ocr_line ocrx_word'/>
</head>
<body>
  <div class='ocr_page' id='page_1' title='image "./iurisprudentiae00unkngoog_0287.png"; bbox 0 0 2575 3900; ppageno 0'>
   <div class='ocr_carea' id='block_1_1' title="bbox 1035 150 2258 217">
    <p class='ocr_par' dir='ltr' id='par_1_1' title="bbox 1035 150 2258 217">
     <span class='ocr_line' id='line_1_1' title="bbox 1035 150 2258 217; baseline 0.007 -8"><span class='ocrx_word' id='word_1_1' title='bbox 1035 158 1085 209; x_wconf 88' lang='grc'>8.</span> <span class='ocrx_word' id='word_1_2' title='bbox 1123 150 1472 209; x_wconf 82' lang='lat' dir='ltr'>VIVIANUS</span> <span class='ocrx_word' id='word_1_3' title='bbox 2130 152 2258 217; x_wconf 80' lang='grc'>241</span> 
     </span>
    </p>
   </div>
   <div class='ocr_carea' id='block_1_2' title="bbox 227 314 2268 1018">
    <p class='ocr_par' dir='ltr' id='par_1_2' title="bbox 228 314 2268 843">
     <span class='ocr_line' id='line_1_2' title="bbox 229 314 2268 401; baseline 0.001 -22"><span class='ocrx_word' id='word_1_4' title='bbox 229 320 551 381; x_wconf 86' lang='lat' dir='ltr'>Proculum</span> <span class='ocrx_word' id='word_1_5' title='bbox 589 314 991 396; x_wconf 86' lang='lat' dir='ltr'>respondisse’</span> <span class='ocrx_word' id='word_1_6' title='bbox 1020 320 1092 380; x_wconf 91' lang='lat' dir='ltr'>D.</span> <span class='ocrx_word' id='word_1_7' title='bbox 1113 322 1173 397; x_wconf 99' lang='lat'>4,</span> <span class='ocrx_word' id='word_1_8' title='bbox 1196 323 1253 398; x_wconf 88' lang='lat'>6,</span> <span class='ocrx_word' id='word_1_9' title='bbox 1277 322 1380 398; x_wconf 82' lang='lat'>35,</span> <span class='ocrx_word' id='word_1_10' title='bbox 1403 323 1460 396; x_wconf 87' lang='grc'>9,</span> <span class='ocrx_word' id='word_1_11' title='bbox 1489 314 1673 381; x_wconf 73' lang='lat' dir='ltr'>‘idem</span> <span class='ocrx_word' id='word_1_12' title='bbox 1708 320 1820 381; x_wconf 84' lang='lat' dir='ltr'>ait:</span> <span class='ocrx_word' id='word_1_13' title='bbox 1858 321 2268 401; x_wconf 81' lang='lat' dir='ltr'>interrogatus</span> 
     </span>
     <span class='ocr_line' id='line_1_3' title="bbox 228 402 2262 488; baseline 0.001 -19"><span class='ocrx_word' id='word_1_14' title='bbox 228 409 525 470; x_wconf 85' lang='lat' dir='ltr'>Proculus</span> <span class='ocrx_word' id='word_1_15' title='bbox 561 411 633 469; x_wconf 90' lang='lat' dir='ltr'>de</span> <span class='ocrx_word' id='word_1_16' title='bbox 670 428 739 469; x_wconf 90' lang='lat' dir='ltr'>eo</span> <span class='ocrx_word' id='word_1_17' title='bbox 779 410 883 487; x_wconf 83' lang='lat' dir='ltr'>qui</span> <span class='ocrx_word' id='word_1_18' title='bbox 911 456 924 471; x_wconf 93' lang='lat'><strong>.</strong></span> <span class='ocrx_word' id='word_1_19' title='bbox 949 455 962 469; x_wconf 93' lang='lat'><strong>.</strong></span> <span class='ocrx_word' id='word_1_20' title='bbox 986 456 999 469; x_wconf 94' lang='lat'><strong>.</strong></span> <span class='ocrx_word' id='word_1_21' title='bbox 1028 402 1137 469; x_wconf 85' lang='lat' dir='ltr'>ait’</span> <span class='ocrx_word' id='word_1_22' title='bbox 1166 409 1240 471; x_wconf 90' lang='lat' dir='ltr'>D.</span> <span class='ocrx_word' id='word_1_23' title='bbox 1262 411 1367 486; x_wconf 87' lang='lat'>21,</span> <span class='ocrx_word' id='word_1_24' title='bbox 1390 413 1445 482; x_wconf 90' lang='lat'>1,</span> <span class='ocrx_word' id='word_1_25' title='bbox 1470 412 1572 483; x_wconf 78' lang='lat'>17,</span> <span class='ocrx_word' id='word_1_26' title='bbox 1591 412 1652 488; x_wconf 87' lang='lat'>4,</span> <span class='ocrx_word' id='word_1_27' title='bbox 1680 403 1950 487; x_wconf 76' lang='lat' dir='ltr'>‘quidam</span> <span class='ocrx_word' id='word_1_28' title='bbox 1977 410 2262 485; x_wconf 86' lang='lat' dir='ltr'>referunt,</span> 
     </span>
     <span class='ocr_line' id='line_1_4' title="bbox 230 497 2264 578; baseline 0 -19"><span class='ocrx_word' id='word_1_29' title='bbox 230 501 529 575; x_wconf 86' lang='lat' dir='ltr'>quantum</span> <span class='ocrx_word' id='word_1_30' title='bbox 576 501 802 578; x_wconf 87' lang='lat' dir='ltr'>repeto,</span> <span class='ocrx_word' id='word_1_31' title='bbox 848 497 1011 574; x_wconf 91' lang='lat' dir='ltr'>apud</span> <span class='ocrx_word' id='word_1_32' title='bbox 1051 498 1381 559; x_wconf 78' lang='lat' dir='ltr'>vivianum</span> <span class='ocrx_word' id='word_1_33' title='bbox 1429 498 1636 559; x_wconf 86' lang='lat' dir='ltr'>Sabini</span> <span class='ocrx_word' id='word_1_34' title='bbox 1681 501 1746 557; x_wconf 84' lang='lat' dir='ltr'>et</span> <span class='ocrx_word' id='word_1_35' title='bbox 1783 497 1976 559; x_wconf 86' lang='lat' dir='ltr'>Cassii</span> <span class='ocrx_word' id='word_1_36' title='bbox 2021 502 2084 559; x_wconf 86' lang='lat' dir='ltr'>et</span> <span class='ocrx_word' id='word_1_37' title='bbox 2120 499 2264 559; x_wconf 90' lang='lat' dir='ltr'>Pro·</span> 
     </span>
     <span class='ocr_line' id='line_1_5' title="bbox 230 583 2264 663; baseline 0 -16"><span class='ocrx_word' id='word_1_38' title='bbox 230 589 352 647; x_wconf 89' lang='lat' dir='ltr'>culi</span> <span class='ocrx_word' id='word_1_39' title='bbox 388 587 718 663; x_wconf 72' lang='lat' dir='ltr'><strong>expositam</strong></span> <span class='ocrx_word' id='word_1_40' title='bbox 754 606 885 647; x_wconf 85' lang='lat' dir='ltr'>esse</span> <span class='ocrx_word' id='word_1_41' title='bbox 923 588 986 647; x_wconf 90' lang='lat' dir='ltr'>in</span> <span class='ocrx_word' id='word_1_42' title='bbox 1014 587 1364 663; x_wconf 78' lang='lat' dir='ltr'><strong>quaestione</strong></span> <span class='ocrx_word' id='word_1_43' title='bbox 1397 586 1744 647; x_wconf 89' lang='lat' dir='ltr'>huiusmodi</span> <span class='ocrx_word' id='word_1_44' title='bbox 1771 583 2264 649; x_wconf 80' lang='lat' dir='ltr'>controversiam’</span> 
     </span>
     <span class='ocr_line' id='line_1_6' title="bbox 230 675 2263 752; baseline 0.001 -17"><span class='ocrx_word' id='word_1_45' title='bbox 230 677 304 736; x_wconf 91' lang='lat' dir='ltr'>D.</span> <span class='ocrx_word' id='word_1_46' title='bbox 327 680 432 751; x_wconf 84' lang='lat'>29,</span> <span class='ocrx_word' id='word_1_47' title='bbox 454 678 513 752; x_wconf 82' lang='lat'>7,</span> <span class='ocrx_word' id='word_1_48' title='bbox 542 678 624 735; x_wconf 87' lang='lat'>14</span> <span class='ocrx_word' id='word_1_49' title='bbox 637 696 744 751; x_wconf 92' lang='lat' dir='ltr'>pr.,</span> <span class='ocrx_word' id='word_1_50' title='bbox 780 675 956 735; x_wconf 90' lang='lat' dir='ltr'>illum</span> <span class='ocrx_word' id='word_1_51' title='bbox 992 676 1262 752; x_wconf 86' lang='lat' dir='ltr'><strong>priorum</strong></span> <span class='ocrx_word' id='word_1_52' title='bbox 1300 676 1449 735; x_wconf 88' lang='lat' dir='ltr'>iuris</span> <span class='ocrx_word' id='word_1_53' title='bbox 1486 675 1897 737; x_wconf 85' lang='lat' dir='ltr'>consultorum</span> <span class='ocrx_word' id='word_1_54' title='bbox 1934 679 2263 739; x_wconf 83' lang='lat' dir='ltr'>sententias</span> 
     </span>
     <span class='ocr_line' id='line_1_7' title="bbox 228 765 1356 843; baseline 0.001 -19"><span class='ocrx_word' id='word_1_55' title='bbox 228 767 291 824; x_wconf 85' lang='lat' dir='ltr'>et</span> <span class='ocrx_word' id='word_1_56' title='bbox 335 782 624 841; x_wconf 88' lang='lat' dir='ltr'>responsa</span> <span class='ocrx_word' id='word_1_57' title='bbox 671 765 1040 843; x_wconf 81' lang='lat' dir='ltr'>congessisse</span> <span class='ocrx_word' id='word_1_58' title='bbox 1086 768 1356 843; x_wconf 87' lang='lat' dir='ltr'>apparet.</span> 
     </span>
    </p>

    <p class='ocr_par' dir='ltr' id='par_1_3' title="bbox 227 853 2265 1018">
     <span class='ocr_line' id='line_1_8' title="bbox 406 853 2265 934; baseline 0.001 -22"><span class='ocrx_word' id='word_1_59' title='bbox 406 853 775 931; x_wconf 83' lang='lat' dir='ltr'>Fragmenta</span> <span class='ocrx_word' id='word_1_60' title='bbox 825 854 1048 930; x_wconf 89' lang='lat' dir='ltr'>partim</span> <span class='ocrx_word' id='word_1_61' title='bbox 1103 854 1181 913; x_wconf 86' lang='lat' dir='ltr'>ad</span> <span class='ocrx_word' id='word_1_62' title='bbox 1226 854 1494 913; x_wconf 87' lang='lat' dir='ltr'>edictum</span> <span class='ocrx_word' id='word_1_63' title='bbox 1537 854 1866 934; x_wconf 70' lang='lat' dir='ltr'>praetoria,</span> <span class='ocrx_word' id='word_1_64' title='bbox 1917 855 2139 931; x_wconf 86' lang='lat' dir='ltr'>partim</span> <span class='ocrx_word' id='word_1_65' title='bbox 2187 855 2265 913; x_wconf 91' lang='lat' dir='ltr'>ad</span> 
     </span>
     <span class='ocr_line' id='line_1_9' title="bbox 227 941 1871 1018; baseline 0 -16"><span class='ocrx_word' id='word_1_66' title='bbox 227 941 496 1002; x_wconf 89' lang='lat' dir='ltr'>edictum</span> <span class='ocrx_word' id='word_1_67' title='bbox 541 942 830 1002; x_wconf 87' lang='lat' dir='ltr'>aedilium</span> <span class='ocrx_word' id='word_1_68' title='bbox 876 942 1178 1003; x_wconf 83' lang='lat' dir='ltr'>curulium</span> <span class='ocrx_word' id='word_1_69' title='bbox 1223 942 1510 1003; x_wconf 83' lang='lat' dir='ltr'>videntur</span> <span class='ocrx_word' id='word_1_70' title='bbox 1553 943 1871 1018; x_wconf 87' lang='lat' dir='ltr'>pertinere.</span> 
     </span>
    </p>
   </div>
   <div class='ocr_carea' id='block_1_3' title="bbox 743 1172 1752 1250">
    <p class='ocr_par' dir='ltr' id='par_1_4' title="bbox 743 1172 1752 1250">
     <span class='ocr_line' id='line_1_10' title="bbox 743 1172 1752 1250; baseline 0.002 -18"><span class='ocrx_word' id='word_1_71' title='bbox 743 1177 798 1234; x_wconf 93' lang='lat'>1.</span> <span class='ocrx_word' id='word_1_72' title='bbox 862 1172 969 1233; x_wconf 87' lang='lat' dir='ltr'>Ad</span> <span class='ocrx_word' id='word_1_73' title='bbox 1014 1173 1329 1235; x_wconf 84' lang='lat' dir='ltr'>edictum</span> <span class='ocrx_word' id='word_1_74' title='bbox 1372 1174 1752 1250; x_wconf 80' lang='lat' dir='ltr'>praetoris.</span> 
     </span>
    </p>
   </div>
   <div class='ocr_carea' id='block_1_4' title="bbox 224 1296 2263 2357">
    <p class='ocr_par' dir='ltr' id='par_1_5' title="bbox 224 1296 2263 2357">
     <span class='ocr_line' id='line_1_11' title="bbox 408 1296 2262 1375; baseline 0.004 -22"><span class='ocrx_word' id='word_1_75' title='bbox 408 1296 652 1358; x_wconf 85' lang='lat' dir='ltr'>Viviani</span> <span class='ocrx_word' id='word_1_76' title='bbox 699 1316 846 1375; x_wconf 91' lang='lat' dir='ltr'>opus</span> <span class='ocrx_word' id='word_1_77' title='bbox 892 1299 1159 1375; x_wconf 91' lang='lat' dir='ltr'>amplum</span> <span class='ocrx_word' id='word_1_78' title='bbox 1204 1298 1448 1359; x_wconf 84' lang='lat' dir='ltr'>videtur</span> <span class='ocrx_word' id='word_1_79' title='bbox 1491 1298 1696 1371; x_wconf 83' lang='lat' dir='ltr'>fuisse,</span> <span class='ocrx_word' id='word_1_80' title='bbox 1748 1317 1883 1358; x_wconf 88' lang='lat' dir='ltr'>cum</span> <span class='ocrx_word' id='word_1_81' title='bbox 1931 1299 2004 1359; x_wconf 89' lang='lat' dir='ltr'>de</span> <span class='ocrx_word' id='word_1_82' title='bbox 2049 1299 2262 1361; x_wconf 85' lang='lat' dir='ltr'>iisdem</span> 
     </span>
     <span class='ocr_line' id='line_1_12' title="bbox 227 1386 2256 1467; baseline 0.002 -21"><span class='ocrx_word' id='word_1_83' title='bbox 227 1386 411 1446; x_wconf 90' lang='lat' dir='ltr'>rebus</span> <span class='ocrx_word' id='word_1_84' title='bbox 448 1387 688 1463; x_wconf 88' lang='lat' dir='ltr'>saepius</span> <span class='ocrx_word' id='word_1_85' title='bbox 721 1387 948 1447; x_wconf 89' lang='lat' dir='ltr'>dictum</span> <span class='ocrx_word' id='word_1_86' title='bbox 980 1388 1183 1448; x_wconf 88' lang='lat' dir='ltr'>fuerit.</span> <span class='ocrx_word' id='word_1_87' title='bbox 1251 1389 1414 1447; x_wconf 89' lang='lat' dir='ltr'>certe</span> <span class='ocrx_word' id='word_1_88' title='bbox 1442 1387 1740 1464; x_wconf 81' lang='lat' dir='ltr'>Ulpianus</span> <span class='ocrx_word' id='word_1_89' title='bbox 1766 1387 1841 1447; x_wconf 90' lang='lat' dir='ltr'>D.</span> <span class='ocrx_word' id='word_1_90' title='bbox 1857 1390 2083 1467; x_wconf 81' lang='lat'>43,24,</span> <span class='ocrx_word' id='word_1_91' title='bbox 2102 1391 2204 1466; x_wconf 91' lang='lat'>13,</span> <span class='ocrx_word' id='word_1_92' title='bbox 2223 1393 2256 1450; x_wconf 95' lang='lat'><strong>1</strong></span> 
     </span>
     <span class='ocr_line' id='line_1_13' title="bbox 228 1470 2260 1552; baseline 0.001 -17"><span class='ocrx_word' id='word_1_93' title='bbox 228 1476 341 1535; x_wconf 89' lang='lat' dir='ltr'>ait:</span> <span class='ocrx_word' id='word_1_94' title='bbox 387 1470 505 1535; x_wconf 74' lang='lat' dir='ltr'>‘est</span> <span class='ocrx_word' id='word_1_95' title='bbox 540 1475 701 1551; x_wconf 87' lang='lat' dir='ltr'>apud</span> <span class='ocrx_word' id='word_1_96' title='bbox 738 1475 1065 1536; x_wconf 85' lang='lat' dir='ltr'>Vivianum</span> <span class='ocrx_word' id='word_1_97' title='bbox 1100 1476 1525 1552; x_wconf 85' lang='lat' dir='ltr'>saepissime</span> <span class='ocrx_word' id='word_1_98' title='bbox 1562 1476 1824 1536; x_wconf 86' lang='lat' dir='ltr'>relatum</span> <span class='ocrx_word' id='word_1_99' title='bbox 1859 1477 2064 1538; x_wconf 90' lang='lat' dir='ltr'>heredi</span> <span class='ocrx_word' id='word_1_100' title='bbox 2101 1496 2260 1538; x_wconf 89' lang='lat' dir='ltr'>com-</span> 
     </span>
     <span class='ocr_line' id='line_1_14' title="bbox 226 1559 2263 1642; baseline 0 -17"><span class='ocrx_word' id='word_1_101' title='bbox 226 1567 435 1642; x_wconf 89' lang='lat' dir='ltr'>petere</span> <span class='ocrx_word' id='word_1_102' title='bbox 485 1564 597 1624; x_wconf 89' lang='lat' dir='ltr'>hoc</span> <span class='ocrx_word' id='word_1_103' title='bbox 641 1559 1069 1624; x_wconf 87' lang='lat' dir='ltr'>interdictum&#39;.</span> <span class='ocrx_word' id='word_1_104' title='bbox 1159 1566 1318 1624; x_wconf 91' lang='lat' dir='ltr'>idem</span> <span class='ocrx_word' id='word_1_105' title='bbox 1363 1565 1661 1641; x_wconf 78' lang='lat' dir='ltr'>Ulpianus</span> <span class='ocrx_word' id='word_1_106' title='bbox 1706 1564 1921 1625; x_wconf 87' lang='lat' dir='ltr'>iisdem</span> <span class='ocrx_word' id='word_1_107' title='bbox 1964 1566 2136 1626; x_wconf 90' lang='lat' dir='ltr'>libris</span> <span class='ocrx_word' id='word_1_108' title='bbox 2184 1568 2263 1626; x_wconf 90' lang='lat' dir='ltr'>ad</span> 
     </span>
     <span class='ocr_line' id='line_1_15' title="bbox 228 1649 2261 1731; baseline 0.001 -18"><span class='ocrx_word' id='word_1_109' title='bbox 228 1653 497 1713; x_wconf 87' lang='lat' dir='ltr'>edictum</span> <span class='ocrx_word' id='word_1_110' title='bbox 533 1651 947 1731; x_wconf 80' lang='lat'>0011.12,7,8</span> <span class='ocrx_word' id='word_1_111' title='bbox 993 1654 1207 1714; x_wconf 79' lang='lat' dir='ltr'>tradit:</span> <span class='ocrx_word' id='word_1_112' title='bbox 1253 1649 1433 1713; x_wconf 75' lang='lat' dir='ltr'>‘libro</span> <span class='ocrx_word' id='word_1_113' title='bbox 1470 1653 1560 1713; x_wconf 83' lang='lat' dir='ltr'>VI</span> <span class='ocrx_word' id='word_1_114' title='bbox 1602 1674 1670 1714; x_wconf 88' lang='lat' dir='ltr'>ex</span> <span class='ocrx_word' id='word_1_115' title='bbox 1708 1653 1964 1715; x_wconf 72' lang='lat' dir='ltr'>viviano</span> <span class='ocrx_word' id='word_1_116' title='bbox 2000 1657 2261 1715; x_wconf 89' lang='lat' dir='ltr'>relatum</span> 
     </span>
     <span class='ocr_line' id='line_1_16' title="bbox 228 1735 2262 1823; baseline 0.002 -22"><span class='ocrx_word' id='word_1_117' title='bbox 228 1735 364 1820; x_wconf 82' lang='lat' dir='ltr'>est&#39;,</span> <span class='ocrx_word' id='word_1_118' title='bbox 418 1741 509 1801; x_wconf 86' lang='lat' dir='ltr'>ita</span> <span class='ocrx_word' id='word_1_119' title='bbox 563 1747 633 1801; x_wconf 88' lang='lat' dir='ltr'>ut</span> <span class='ocrx_word' id='word_1_120' title='bbox 680 1741 948 1803; x_wconf 90' lang='lat' dir='ltr'>dubitari</span> <span class='ocrx_word' id='word_1_121' title='bbox 990 1743 1209 1823; x_wconf 78' lang='lat' dir='ltr'>possit,</span> <span class='ocrx_word' id='word_1_122' title='bbox 1252 1746 1460 1802; x_wconf 84' lang='lat' dir='ltr'>utrum</span> <span class='ocrx_word' id='word_1_123' title='bbox 1506 1744 1579 1802; x_wconf 93' lang='lat' dir='ltr'>de</span> <span class='ocrx_word' id='word_1_124' title='bbox 1625 1744 1754 1803; x_wconf 86' lang='lat' dir='ltr'>eius</span> <span class='ocrx_word' id='word_1_125' title='bbox 1802 1743 1906 1820; x_wconf 92' lang='lat' dir='ltr'>qui</span> <span class='ocrx_word' id='word_1_126' title='bbox 1951 1744 2262 1805; x_wconf 84' lang='lat' dir='ltr'>rettulerit</span> 
     </span>
     <span class='ocr_line' id='line_1_17' title="bbox 227 1830 2258 1911; baseline 0.002 -21"><span class='ocrx_word' id='word_1_127' title='bbox 227 1849 307 1890; x_wconf 87' lang='lat' dir='ltr'>an</span> <span class='ocrx_word' id='word_1_128' title='bbox 374 1830 448 1889; x_wconf 90' lang='lat' dir='ltr'>de</span> <span class='ocrx_word' id='word_1_129' title='bbox 504 1830 745 1890; x_wconf 86' lang='lat' dir='ltr'>Viviani</span> <span class='ocrx_word' id='word_1_130' title='bbox 809 1831 964 1891; x_wconf 87' lang='lat' dir='ltr'>libro</span> <span class='ocrx_word' id='word_1_131' title='bbox 1021 1831 1245 1891; x_wconf 89' lang='lat' dir='ltr'>dictum</span> <span class='ocrx_word' id='word_1_132' title='bbox 1301 1832 1397 1893; x_wconf 85' lang='lat' dir='ltr'>sit.</span> <span class='ocrx_word' id='word_1_133' title='bbox 1497 1831 1652 1891; x_wconf 90' lang='lat' dir='ltr'>illud</span> <span class='ocrx_word' id='word_1_134' title='bbox 1706 1831 1979 1911; x_wconf 84' lang='lat' dir='ltr'>Krueger</span> <span class='ocrx_word' id='word_1_135' title='bbox 2031 1853 2089 1911; x_wconf 92' lang='lat' dir='ltr'>p.</span> <span class='ocrx_word' id='word_1_136' title='bbox 2133 1835 2258 1895; x_wconf 89' lang='lat'>158</span> 
     </span>
     <span class='ocr_line' id='line_1_18' title="bbox 225 1912 2261 2002; baseline 0.003 -24"><span class='ocrx_word' id='word_1_137' title='bbox 225 1920 422 1999; x_wconf 81' lang='lat' dir='ltr'>magis</span> <span class='ocrx_word' id='word_1_138' title='bbox 484 1919 701 1996; x_wconf 88' lang='lat' dir='ltr'>probat</span> <span class='ocrx_word' id='word_1_139' title='bbox 764 1912 973 2002; x_wconf 77' lang='lat' dir='ltr'>(‘nach</span> <span class='ocrx_word' id='word_1_140' title='bbox 1028 1918 1323 2000; x_wconf 83' lang='lat' dir='ltr'>Analogie</span> <span class='ocrx_word' id='word_1_141' title='bbox 1390 1922 1494 1981; x_wconf 88' lang='lat' dir='ltr'>der</span> <span class='ocrx_word' id='word_1_142' title='bbox 1550 1920 1785 1981; x_wconf 65' lang='lat' dir='ltr'>ahnlich</span> <span class='ocrx_word' id='word_1_143' title='bbox 1839 1921 2261 1984; x_wconf 87' lang='lat' dir='ltr'>bezeichneten</span> 
     </span>
     <span class='ocr_line' id='line_1_19' title="bbox 224 2003 2259 2091; baseline 0.002 -24"><span class='ocrx_word' id='word_1_144' title='bbox 224 2007 455 2068; x_wconf 86' lang='lat' dir='ltr'>Werke</span> <span class='ocrx_word' id='word_1_145' title='bbox 501 2009 680 2088; x_wconf 85' lang='lat' dir='ltr'>ginge</span> <span class='ocrx_word' id='word_1_146' title='bbox 728 2003 859 2085; x_wconf 87' lang='lat' dir='ltr'>sie&#39;,</span> <span class='ocrx_word' id='word_1_147' title='bbox 906 2029 983 2070; x_wconf 91' lang='lat' dir='ltr'>sc.</span> <span class='ocrx_word' id='word_1_148' title='bbox 1018 2003 1138 2070; x_wconf 80' lang='lat' dir='ltr'>‘die</span> <span class='ocrx_word' id='word_1_149' title='bbox 1174 2011 1538 2089; x_wconf 79' lang='lat' dir='ltr'>Anfflhrung</span> <span class='ocrx_word' id='word_1_150' title='bbox 1573 2005 1856 2087; x_wconf 89' lang='lat' dir='ltr'>Ulpians&#39;</span> <span class='ocrx_word' id='word_1_151' title='bbox 1855 2057 1872 2091; x_wconf 91' lang='lat'>,</span> <span class='ocrx_word' id='word_1_152' title='bbox 1921 2006 2056 2072; x_wconf 78' lang='lat' dir='ltr'>‘auf</span> <span class='ocrx_word' id='word_1_153' title='bbox 2087 2012 2259 2072; x_wconf 91' lang='lat' dir='ltr'>einen</span> 
     </span>
     <span class='ocr_line' id='line_1_20' title="bbox 224 2097 2260 2178; baseline 0.003 -22"><span class='ocrx_word' id='word_1_154' title='bbox 224 2097 621 2157; x_wconf 89' lang='lat' dir='ltr'>Kommentar</span> <span class='ocrx_word' id='word_1_155' title='bbox 681 2117 756 2157; x_wconf 89' lang='lat' dir='ltr'>zu</span> <span class='ocrx_word' id='word_1_156' title='bbox 811 2097 1101 2160; x_wconf 84' lang='lat' dir='ltr'>Vivianus</span> <span class='ocrx_word' id='word_1_157' title='bbox 1166 2099 1311 2160; x_wconf 82' lang='lat' dir='ltr'>oder</span> <span class='ocrx_word' id='word_1_158' title='bbox 1373 2099 1471 2159; x_wconf 90' lang='lat' dir='ltr'>ein</span> <span class='ocrx_word' id='word_1_159' title='bbox 1533 2099 1690 2159; x_wconf 88' lang='lat' dir='ltr'>nach</span> <span class='ocrx_word' id='word_1_160' title='bbox 1743 2100 1968 2160; x_wconf 91' lang='lat' dir='ltr'>seinem</span> <span class='ocrx_word' id='word_1_161' title='bbox 2021 2100 2260 2178; x_wconf 79' lang='lat' dir='ltr'>System</span> 
     </span>
     <span class='ocr_line' id='line_1_21' title="bbox 225 2185 2258 2266; baseline 0.002 -20"><span class='ocrx_word' id='word_1_162' title='bbox 225 2186 626 2266; x_wconf 86' lang='lat' dir='ltr'>gearbeitetes</span> <span class='ocrx_word' id='word_1_163' title='bbox 681 2185 894 2263; x_wconf 84' lang='lat' dir='ltr'>Werk,</span> <span class='ocrx_word' id='word_1_164' title='bbox 950 2189 1161 2248; x_wconf 87' lang='lat' dir='ltr'>dessen</span> <span class='ocrx_word' id='word_1_165' title='bbox 1217 2186 1535 2249; x_wconf 86' lang='lat' dir='ltr'>Verfasser</span> <span class='ocrx_word' id='word_1_166' title='bbox 1589 2191 1747 2249; x_wconf 83' lang='lat' dir='ltr'>etwa</span> <span class='ocrx_word' id='word_1_167' title='bbox 1800 2190 1987 2250; x_wconf 82' lang='lat' dir='ltr'>durch</span> <span class='ocrx_word' id='word_1_168' title='bbox 2039 2189 2258 2251; x_wconf 87' lang='lat' dir='ltr'>Fehler</span> 
     </span>
     <span class='ocr_line' id='line_1_22' title="bbox 225 2261 2258 2357; baseline 0.002 -23"><span class='ocrx_word' id='word_1_169' title='bbox 225 2276 331 2334; x_wconf 90' lang='lat' dir='ltr'>der</span> <span class='ocrx_word' id='word_1_170' title='bbox 368 2261 833 2353; x_wconf 83' lang='lat' dir='ltr'>Uberlieferung</span> <span class='ocrx_word' id='word_1_171' title='bbox 876 2277 1043 2336; x_wconf 87' lang='lat' dir='ltr'>nicht</span> <span class='ocrx_word' id='word_1_172' title='bbox 1098 2280 1368 2356; x_wconf 80' lang='lat' dir='ltr'>genennt</span> <span class='ocrx_word' id='word_1_173' title='bbox 1412 2278 1656 2337; x_wconf 80' lang='lat' dir='ltr'>worden</span> <span class='ocrx_word' id='word_1_174' title='bbox 1658 2270 1740 2357; x_wconf 82' lang='lat'>⁹),</span> <span class='ocrx_word' id='word_1_175' title='bbox 1795 2296 1906 2357; x_wconf 84' lang='lat' dir='ltr'>ego</span> <span class='ocrx_word' id='word_1_176' title='bbox 1944 2279 2147 2355; x_wconf 87' lang='lat' dir='ltr'>potius</span> <span class='ocrx_word' id='word_1_177' title='bbox 2183 2280 2258 2338; x_wconf 92' lang='lat' dir='ltr'>de</span> 
     </span>
    </p>
   </div>
   <div class='ocr_carea' id='block_1_5' title="bbox 223 2363 2256 2531">
    <p class='ocr_par' dir='ltr' id='par_1_6' title="bbox 223 2363 2256 2531">
     <span class='ocr_line' id='line_1_23' title="bbox 223 2363 2255 2442; baseline 0.002 -20"><span class='ocrx_word' id='word_1_178' title='bbox 223 2364 415 2440; x_wconf 87' lang='lat' dir='ltr'>ipsius</span> <span class='ocrx_word' id='word_1_179' title='bbox 478 2363 721 2424; x_wconf 80' lang='lat' dir='ltr'>Viviani</span> <span class='ocrx_word' id='word_1_180' title='bbox 790 2384 967 2441; x_wconf 90' lang='lat' dir='ltr'>opere</span> <span class='ocrx_word' id='word_1_181' title='bbox 1031 2365 1358 2442; x_wconf 83' lang='lat' dir='ltr'>Ulpianum</span> <span class='ocrx_word' id='word_1_182' title='bbox 1423 2366 1646 2426; x_wconf 88' lang='lat' dir='ltr'>referre</span> <span class='ocrx_word' id='word_1_183' title='bbox 1707 2384 1845 2424; x_wconf 87' lang='lat' dir='ltr'>eum</span> <span class='ocrx_word' id='word_1_184' title='bbox 1910 2367 2043 2427; x_wconf 89' lang='lat' dir='ltr'>aliis</span> <span class='ocrx_word' id='word_1_185' title='bbox 2107 2367 2255 2428; x_wconf 83' lang='lat' dir='ltr'>viris</span> 
     </span>
     <span class='ocr_line' id='line_1_24' title="bbox 224 2453 2256 2531; baseline 0.003 -21"><span class='ocrx_word' id='word_1_186' title='bbox 224 2453 417 2513; x_wconf 88' lang='lat' dir='ltr'>doctis</span> <span class='ocrx_word' id='word_1_187' title='bbox 444 2455 799 2528; x_wconf 81' lang='lat' dir='ltr'>putaverim.</span> <span class='ocrx_word' id='word_1_188' title='bbox 858 2455 931 2514; x_wconf 90' lang='lat' dir='ltr'>cf.</span> <span class='ocrx_word' id='word_1_189' title='bbox 953 2454 1234 2514; x_wconf 87' lang='lat' dir='ltr'>Karlowa</span> <span class='ocrx_word' id='word_1_190' title='bbox 1258 2454 1309 2531; x_wconf 92' lang='lat' dir='ltr'>I,</span> <span class='ocrx_word' id='word_1_191' title='bbox 1330 2456 1477 2514; x_wconf 82' lang='lat'><strong>702.</strong></span> <span class='ocrx_word' id='word_1_192' title='bbox 1541 2454 1729 2514; x_wconf 90' lang='lat' dir='ltr'>Lenel</span> <span class='ocrx_word' id='word_1_193' title='bbox 1755 2454 1819 2513; x_wconf 93' lang='lat' dir='ltr'>P.</span> <span class='ocrx_word' id='word_1_194' title='bbox 1841 2455 1904 2515; x_wconf 96' lang='lat' dir='ltr'>II</span> <span class='ocrx_word' id='word_1_195' title='bbox 1931 2456 2039 2516; x_wconf 93' lang='lat' dir='ltr'>col.</span> <span class='ocrx_word' id='word_1_196' title='bbox 2065 2458 2256 2516; x_wconf 85' lang='lat'><strong>1225.</strong></span> 
     </span>
    </p>
   </div>
   <div class='ocr_carea' id='block_1_6' title="bbox 710 2609 1785 2690">
    <p class='ocr_par' dir='ltr' id='par_1_7' title="bbox 710 2609 1785 2690">
     <span class='ocr_line' id='line_1_25' title="bbox 710 2609 1785 2690; baseline 0 -17"><span class='ocrx_word' id='word_1_197' title='bbox 710 2609 887 2690; x_wconf 78' lang='lat' dir='ltr'>Quod</span> <span class='ocrx_word' id='word_1_198' title='bbox 928 2614 1122 2675; x_wconf 77' lang='lat' dir='ltr'>metus</span> <span class='ocrx_word' id='word_1_199' title='bbox 1164 2628 1357 2675; x_wconf 78' lang='lat' dir='ltr'>causa</span> <span class='ocrx_word' id='word_1_200' title='bbox 1399 2612 1608 2674; x_wconf 60' lang='lat' dir='ltr'>actum</span> <span class='ocrx_word' id='word_1_201' title='bbox 1650 2609 1785 2674; x_wconf 76' lang='lat' dir='ltr'>erit.</span> 
     </span>
    </p>
   </div>
   <div class='ocr_carea' id='block_1_7' title="bbox 218 2712 2256 3682">
    <p class='ocr_par' dir='ltr' id='par_1_8' title="bbox 218 2712 2256 3601">
     <span class='ocr_line' id='line_1_26' title="bbox 410 2712 2255 2800; baseline 0 -21"><span class='ocrx_word' id='word_1_202' title='bbox 410 2715 466 2780; x_wconf 90' lang='lat'>1.</span> <span class='ocrx_word' id='word_1_203' title='bbox 535 2712 615 2780; x_wconf 91' lang='lat' dir='ltr'>D.</span> <span class='ocrx_word' id='word_1_204' title='bbox 652 2715 714 2798; x_wconf 90' lang='lat'>4,</span> <span class='ocrx_word' id='word_1_205' title='bbox 750 2716 812 2795; x_wconf 88' lang='lat'>2,</span> <span class='ocrx_word' id='word_1_206' title='bbox 852 2715 955 2798; x_wconf 90' lang='lat'>14,</span> <span class='ocrx_word' id='word_1_207' title='bbox 991 2715 1051 2780; x_wconf 87' lang='lat'>5.</span> <span class='ocrx_word' id='word_1_208' title='bbox 1162 2713 1478 2800; x_wconf 78' lang='lat' dir='ltr'>Ulpianus</span> <span class='ocrx_word' id='word_1_209' title='bbox 1541 2713 1707 2780; x_wconf 90' lang='lat' dir='ltr'>libro</span> <span class='ocrx_word' id='word_1_210' title='bbox 1771 2713 2108 2781; x_wconf 90' lang='lat' dir='ltr'>undecimo</span> <span class='ocrx_word' id='word_1_211' title='bbox 2173 2714 2255 2779; x_wconf 90' lang='lat' dir='ltr'>ad</span> 
     </span>
     <span class='ocr_line' id='line_1_27' title="bbox 222 2800 2256 2890; baseline 0 -23"><span class='ocrx_word' id='word_1_212' title='bbox 222 2803 504 2868; x_wconf 88' lang='lat' dir='ltr'>edictum</span> <span class='ocrx_word' id='word_1_213' title='bbox 570 2800 671 2889; x_wconf 89' lang='lat' dir='ltr'>(P.</span> <span class='ocrx_word' id='word_1_214' title='bbox 712 2802 891 2890; x_wconf 85' lang='lat'><strong>377).</strong></span> <span class='ocrx_word' id='word_1_215' title='bbox 948 2841 1032 2850; x_wconf 94' lang='lat'>—</span> <span class='ocrx_word' id='word_1_216' title='bbox 1094 2803 1457 2889; x_wconf 81' lang='lat' dir='ltr'>Aliquando</span> <span class='ocrx_word' id='word_1_217' title='bbox 1505 2851 1522 2868; x_wconf 92' lang='lat'><strong>.</strong></span> <span class='ocrx_word' id='word_1_218' title='bbox 1559 2856 1572 2869; x_wconf 95' lang='lat'><strong>.</strong></span> <span class='ocrx_word' id='word_1_219' title='bbox 1621 2809 1687 2870; x_wconf 85' lang='lat' dir='ltr'>et</span> <span class='ocrx_word' id='word_1_220' title='bbox 1752 2804 1808 2868; x_wconf 90' lang='lat' dir='ltr'>si</span> <span class='ocrx_word' id='word_1_221' title='bbox 1876 2807 2086 2868; x_wconf 85' lang='lat' dir='ltr'>metus</span> <span class='ocrx_word' id='word_1_222' title='bbox 2151 2803 2256 2868; x_wconf 90' lang='lat' dir='ltr'>ad-</span> 
     </span>
     <span class='ocr_line' id='line_1_28' title="bbox 221 2891 2252 2978; baseline 0.001 -22"><span class='ocrx_word' id='word_1_223' title='bbox 221 2892 471 2956; x_wconf 91' lang='lat' dir='ltr'>hibitus</span> <span class='ocrx_word' id='word_1_224' title='bbox 551 2897 979 2978; x_wconf 77' lang='lat' dir='ltr'>proponatur,</span> <span class='ocrx_word' id='word_1_225' title='bbox 1062 2893 1404 2958; x_wconf 75' lang='lat' dir='ltr'>arbitrium</span> <span class='ocrx_word' id='word_1_226' title='bbox 1478 2893 1949 2958; x_wconf 76' lang='lat' dir='ltr'>absolutionem</span> <span class='ocrx_word' id='word_1_227' title='bbox 2025 2891 2252 2958; x_wconf 86' lang='lat' dir='ltr'>adfert.</span> 
     </span>
     <span class='ocr_line' id='line_1_29' title="bbox 224 2979 2256 3067; baseline 0.001 -23"><span class='ocrx_word' id='word_1_228' title='bbox 224 2981 381 3066; x_wconf 87' lang='lat' dir='ltr'>quid</span> <span class='ocrx_word' id='word_1_229' title='bbox 439 2979 613 3045; x_wconf 89' lang='lat' dir='ltr'>enim</span> <span class='ocrx_word' id='word_1_230' title='bbox 672 2981 728 3046; x_wconf 90' lang='lat' dir='ltr'>si</span> <span class='ocrx_word' id='word_1_231' title='bbox 782 2985 1020 3047; x_wconf 87' lang='lat' dir='ltr'>metum</span> <span class='ocrx_word' id='word_1_232' title='bbox 1072 2981 1330 3067; x_wconf 91' lang='lat' dir='ltr'>quidem</span> <span class='ocrx_word' id='word_1_233' title='bbox 1375 2981 1583 3047; x_wconf 88' lang='lat' dir='ltr'>Titius</span> <span class='ocrx_word' id='word_1_234' title='bbox 1631 2981 1928 3047; x_wconf 88' lang='lat' dir='ltr'>adhibuit</span> <span class='ocrx_word' id='word_1_235' title='bbox 1974 3003 2075 3046; x_wconf 91' lang='lat' dir='ltr'>me</span> <span class='ocrx_word' id='word_1_236' title='bbox 2121 3004 2256 3048; x_wconf 91' lang='lat' dir='ltr'>non</span> 
     </span>
     <span class='ocr_line' id='line_1_30' title="bbox 220 3069 2254 3155; baseline 0 -20"><span class='ocrx_word' id='word_1_237' title='bbox 220 3069 514 3152; x_wconf 80' lang='lat' dir='ltr'>conscie,</span> <span class='ocrx_word' id='word_1_238' title='bbox 567 3092 671 3135; x_wconf 88' lang='lat' dir='ltr'>res</span> <span class='ocrx_word' id='word_1_239' title='bbox 718 3076 935 3135; x_wconf 89' lang='lat' dir='ltr'>autem</span> <span class='ocrx_word' id='word_1_240' title='bbox 982 3072 1063 3136; x_wconf 88' lang='lat' dir='ltr'>ad</span> <span class='ocrx_word' id='word_1_241' title='bbox 1109 3093 1211 3135; x_wconf 92' lang='lat' dir='ltr'>me</span> <span class='ocrx_word' id='word_1_242' title='bbox 1256 3071 1580 3155; x_wconf 85' lang='lat' dir='ltr'>pervenit,</span> <span class='ocrx_word' id='word_1_243' title='bbox 1626 3075 1694 3136; x_wconf 88' lang='lat' dir='ltr'>et</span> <span class='ocrx_word' id='word_1_244' title='bbox 1737 3071 1898 3136; x_wconf 88' lang='lat' dir='ltr'>haec</span> <span class='ocrx_word' id='word_1_245' title='bbox 1943 3071 2014 3135; x_wconf 92' lang='lat' dir='ltr'>in</span> <span class='ocrx_word' id='word_1_246' title='bbox 2060 3072 2254 3137; x_wconf 86' lang='lat' dir='ltr'>rebus</span> 
     </span>
     <span class='ocr_line' id='line_1_31' title="bbox 218 3157 2252 3228; baseline 0 -5"><span class='ocrx_word' id='word_1_247' title='bbox 218 3157 525 3224; x_wconf 86' lang='lat' dir='ltr'>humanis</span> <span class='ocrx_word' id='word_1_248' title='bbox 570 3179 705 3223; x_wconf 91' lang='lat' dir='ltr'>non</span> <span class='ocrx_word' id='word_1_249' title='bbox 752 3164 852 3225; x_wconf 87' lang='lat' dir='ltr'>est</span> <span class='ocrx_word' id='word_1_250' title='bbox 899 3160 1035 3225; x_wconf 90' lang='lat' dir='ltr'>sine</span> <span class='ocrx_word' id='word_1_251' title='bbox 1085 3161 1232 3225; x_wconf 90' lang='lat' dir='ltr'>dolo</span> <span class='ocrx_word' id='word_1_252' title='bbox 1279 3161 1455 3225; x_wconf 85' lang='lat' dir='ltr'>malo</span> <span class='ocrx_word' id='word_1_253' title='bbox 1505 3162 1693 3228; x_wconf 62' lang='lat' dir='ltr'>meo?</span> <span class='ocrx_word' id='word_1_254' title='bbox 1761 3181 1975 3226; x_wconf 90' lang='lat' dir='ltr'>nonne</span> <span class='ocrx_word' id='word_1_255' title='bbox 2020 3160 2252 3226; x_wconf 90' lang='lat' dir='ltr'>iudicis</span> 
     </span>
     <span class='ocr_line' id='line_1_32' title="bbox 221 3247 2255 3335; baseline 0 -23"><span class='ocrx_word' id='word_1_256' title='bbox 221 3247 442 3312; x_wconf 83' lang='lat' dir='ltr'>officio</span> <span class='ocrx_word' id='word_1_257' title='bbox 490 3247 838 3314; x_wconf 81' lang='lat' dir='ltr'>absolvar?</span> <span class='ocrx_word' id='word_1_258' title='bbox 913 3252 1026 3314; x_wconf 87' lang='lat' dir='ltr'>aut</span> <span class='ocrx_word' id='word_1_259' title='bbox 1072 3249 1129 3314; x_wconf 90' lang='lat' dir='ltr'>si</span> <span class='ocrx_word' id='word_1_260' title='bbox 1177 3271 1398 3315; x_wconf 83' lang='lat' dir='ltr'>servus</span> <span class='ocrx_word' id='word_1_261' title='bbox 1446 3249 1516 3314; x_wconf 90' lang='lat' dir='ltr'>in</span> <span class='ocrx_word' id='word_1_262' title='bbox 1561 3249 1720 3335; x_wconf 87' lang='lat' dir='ltr'>fuga</span> <span class='ocrx_word' id='word_1_263' title='bbox 1765 3253 1883 3333; x_wconf 83' lang='lat' dir='ltr'>est,</span> <span class='ocrx_word' id='word_1_264' title='bbox 1931 3271 2151 3334; x_wconf 88' lang='lat' dir='ltr'>aeque,</span> <span class='ocrx_word' id='word_1_265' title='bbox 2199 3249 2255 3314; x_wconf 89' lang='lat' dir='ltr'>si</span> 
     </span>
     <span class='ocr_line' id='line_1_33' title="bbox 223 3334 2254 3423; baseline 0.001 -22"><span class='ocrx_word' id='word_1_266' title='bbox 223 3356 458 3401; x_wconf 81' lang='lat' dir='ltr'>cavero</span> <span class='ocrx_word' id='word_1_267' title='bbox 506 3334 735 3402; x_wconf 85' lang='lat' dir='ltr'>iudicis</span> <span class='ocrx_word' id='word_1_268' title='bbox 784 3337 998 3403; x_wconf 88' lang='lat' dir='ltr'>officio</span> <span class='ocrx_word' id='word_1_269' title='bbox 1048 3360 1169 3423; x_wconf 91' lang='lat' dir='ltr'>me,</span> <span class='ocrx_word' id='word_1_270' title='bbox 1216 3339 1271 3403; x_wconf 91' lang='lat' dir='ltr'>si</span> <span class='ocrx_word' id='word_1_271' title='bbox 1319 3340 1386 3404; x_wconf 90' lang='lat' dir='ltr'>in</span> <span class='ocrx_word' id='word_1_272' title='bbox 1433 3361 1643 3403; x_wconf 86' lang='lat' dir='ltr'>meam</span> <span class='ocrx_word' id='word_1_273' title='bbox 1679 3341 2076 3423; x_wconf 85' lang='lat' dir='ltr'>potestatem</span> <span class='ocrx_word' id='word_1_274' title='bbox 2114 3360 2254 3422; x_wconf 85' lang='lat' dir='ltr'>per-</span> 
     </span>
     <span class='ocr_line' id='line_1_34' title="bbox 218 3426 2253 3512; baseline -0 -21"><span class='ocrx_word' id='word_1_275' title='bbox 218 3426 499 3511; x_wconf 81' lang='lat' dir='ltr'>venerit,</span> <span class='ocrx_word' id='word_1_276' title='bbox 563 3427 1041 3511; x_wconf 83' lang='lat' dir='ltr'>restituturum,</span> <span class='ocrx_word' id='word_1_277' title='bbox 1105 3428 1360 3494; x_wconf 81' lang='lat' dir='ltr'>absolvi</span> <span class='ocrx_word' id='word_1_278' title='bbox 1414 3427 1679 3493; x_wconf 90' lang='lat' dir='ltr'>debebo.</span> <span class='ocrx_word' id='word_1_279' title='bbox 1768 3427 1938 3492; x_wconf 90' lang='lat' dir='ltr'>unde</span> <span class='ocrx_word' id='word_1_280' title='bbox 1995 3427 2253 3512; x_wconf 89' lang='lat' dir='ltr'>quidam</span> 
     </span>
     <span class='ocr_line' id='line_1_35' title="bbox 220 3514 2255 3601; baseline -0.001 -21"><span class='ocrx_word' id='word_1_281' title='bbox 220 3518 465 3598; x_wconf 82' lang='lat' dir='ltr'>putant</span> <span class='ocrx_word' id='word_1_282' title='bbox 527 3514 702 3580; x_wconf 91' lang='lat' dir='ltr'>bona</span> <span class='ocrx_word' id='word_1_283' title='bbox 764 3516 885 3582; x_wconf 79' lang='lat' dir='ltr'>fide.</span> <span class='ocrx_word' id='word_1_284' title='bbox 951 3520 1306 3601; x_wconf 82' lang='lat' dir='ltr'>emptorem</span> <span class='ocrx_word' id='word_1_285' title='bbox 1371 3516 1454 3581; x_wconf 91' lang='lat' dir='ltr'>ab</span> <span class='ocrx_word' id='word_1_286' title='bbox 1521 3539 1595 3581; x_wconf 90' lang='lat' dir='ltr'>eo</span> <span class='ocrx_word' id='word_1_287' title='bbox 1663 3517 1771 3600; x_wconf 90' lang='lat' dir='ltr'>qui</span> <span class='ocrx_word' id='word_1_288' title='bbox 1835 3517 1966 3580; x_wconf 83' lang='lat' dir='ltr'>vim</span> <span class='ocrx_word' id='word_1_289' title='bbox 2029 3515 2255 3579; x_wconf 86' lang='lat' dir='ltr'>intulit</span> 
     </span>
    </p>

    <p class='ocr_par' dir='ltr' id='par_1_9' title="bbox 324 3624 1934 3682">
     <span class='ocr_line' id='line_1_36' title="bbox 324 3624 1934 3682; baseline 0.002 -14"><span class='ocrx_word' id='word_1_290' title='bbox 324 3628 525 3678; x_wconf 77' lang='lat' dir='ltr'>Iutinpr.</span> <span class='ocrx_word' id='word_1_291' title='bbox 556 3631 791 3671; x_wconf 73' lang='lat' dir='ltr'>antehadr.</span> <span class='ocrx_word' id='word_1_292' title='bbox 821 3631 920 3672; x_wconf 84' lang='lat' dir='ltr'>rell.</span> <span class='ocrx_word' id='word_1_293' title='bbox 949 3631 1017 3671; x_wconf 84' lang='lat' dir='ltr'>ed.</span> <span class='ocrx_word' id='word_1_294' title='bbox 1046 3631 1245 3670; x_wconf 86' lang='lat' dir='ltr'>Bremer.</span> <span class='ocrx_word' id='word_1_295' title='bbox 1294 3630 1357 3682; x_wconf 90' lang='lat'>11,</span> <span class='ocrx_word' id='word_1_296' title='bbox 1379 3631 1414 3669; x_wconf 74' lang='lat'>2.</span> <span class='ocrx_word' id='word_1_297' title='bbox 1867 3624 1934 3673; x_wconf 83' lang='grc'>16</span> 
     </span>
    </p>
   </div>
  </div>
 </body>
</html>
