2575 3900
1048 158 1095 208 7.
1133 149 1512 208 PROGULUS
2164 155 2289 220 131

263 340 373 381 aus
423 320 558 381 dem
603 319 830 380 Fehlen
876 320 1040 380 einer
1086 319 1432 397 derartigen
1473 319 1703 381 Schrift
1757 321 1842 380 im
1883 320 2070 382 Index
2116 326 2294 400 auct,

262 410 520 471 sondern
565 409 719 469 auch
766 427 877 469 aus
913 408 1021 468 der
1057 408 1341 488 Stellung
1376 409 1482 469 der
1515 409 1880 488 Fragmente
1917 429 2016 470 am
2053 409 2290 471 Schlufs

260 499 366 559 des
413 493 645 558 Titels’.
720 497 994 574 Krueger
1037 519 1095 574 p.
1126 498 1255 560 154
1291 518 1347 559 n.
1379 501 1482 559 48.
1565 498 1754 560 Lenel
1789 517 1932 560 vero
1971 499 2058 559 ait
2095 491 2191 580 (P.
2227 501 2291 560 Π

260 589 369 648 col.
403 591 527 648 166
558 607 615 647 n.
645 577 744 669 2):
783 579 961 648 ‘Cum
989 633 1002 646 .
1032 634 1045 647 .
1075 587 1403 646 Proculum
1430 587 1726 648 Labeonis
1754 588 1942 648 libros
1968 588 2287 650 adnotasse

259 697 333 737 ex
359 677 569 736 multis
596 675 951 752 fragmentis
980 679 1227 749 constet,
1264 675 1717 753 inscriptionem
1745 676 2021 754 equidem
2050 681 2285 738 mutare

256 785 379 826 non
441 759 659 826 ausim'
724 783 835 824 nec
898 763 1207 826 dubitavit
1270 765 1392 825 alia
1454 765 1793 842 fragmenta
1846 756 1944 846 (P.
1993 759 2288 848 35——43)

256 855 469 915 iisdem
514 853 755 913 Proculi
798 853 971 914 libris
1017 853 1370 914 adscribere.

434 943 521 1002 At
566 942 726 1020 quod
769 942 1060 1003 Proculus
1106 942 1405 1003 Labeonis
1449 943 1634 1004 libros
1683 941 2092 1021 adnotavit,
2146 944 2286 1006 inde

257 1031 501 1092 minime
540 1031 805 1092 efficitur
842 1032 1095 1091 eundem
1132 1025 1229 1091 ‘ex
1264 1031 1703 1108 posterioribus
1740 1025 2063 1092 Labeonis'
2099 1051 2285 1093 novos

254 1121 445 1182 libros
487 1121 699 1181 fecisse
744 1121 809 1180 in
853 1121 1083 1197 hisque,
1136 1119 1201 1179 id
1244 1122 1402 1198 quod
1448 1121 1798 1182 Iavolenum
1840 1120 2052 1181 fecisse
2097 1121 2178 1196 H,
2226 1123 2286 1200 1,

252 1232 309 1288 p.
352 1212 480 1271 168
527 1209 809 1288 vidimus,
852 1208 1148 1270 Labeonis
1197 1209 1528 1270 sententias
1561 1211 1661 1269 vel
1706 1210 1992 1286 probasse
2027 1209 2128 1272 vel
2173 1210 2283 1270 im-

252 1299 554 1376 probasse.
627 1298 809 1358 immo
846 1298 993 1358 mihi
1029 1298 1271 1360 videtur
1297 1298 1588 1359 Proculus
1624 1299 1824 1374 potius
1873 1297 1949 1358 ad
1985 1298 2284 1362 Labeonis

255 1387 545 1465 quaedam
618 1386 821 1464 capita
887 1406 961 1447 ex
1025 1387 1324 1448 universis
1389 1387 1517 1448 eius
1582 1387 1755 1447 libris
1820 1388 2042 1448 selecta
2103 1390 2281 1448 notas

253 1476 655 1553 composuisse
712 1495 781 1536 ac
825 1479 1137 1552 tamquam
1181 1495 1406 1538 novum
1452 1494 1601 1553 opus
1648 1479 1711 1535 et
1757 1476 1932 1552 quasi
1977 1475 2280 1553 quoddam

253 1565 635 1626 corollarium
702 1584 948 1641 operum
1008 1565 1302 1626 Labeonis
1357 1583 1510 1642 quae
1563 1566 1707 1624 tune
1762 1565 1826 1623 in
1876 1565 2278 1640 plurimorum

250 1654 401 1714 iuris
452 1654 862 1715 studiosorum
905 1673 1027 1714 usu
1070 1657 1269 1730 erant,
1324 1654 1596 1714 edidisse.
1684 1653 1889 1730 itaque
1937 1671 2073 1712 cum
2119 1654 2281 1732 frag·

250 1745 521 1803 mentum
562 1742 719 1802 illud
762 1744 1044 1804 Iavoleno
1091 1743 1449 1820 attribuam,
1493 1742 1735 1803 Proculi
1779 1744 1956 1802 notas
2001 1761 2121 1801 non
2165 1761 2280 1818 per

251 1835 445 1892 certos
491 1832 785 1891 Labeonis
830 1833 1034 1906 libroS,
1080 1833 1185 1892 sed
1229 1851 1432 1891 rerum
1477 1831 1552 1892 iis
1597 1834 1994 1891 tractatarum
2041 1831 2276 1892 ratione

250 1920 462 1981 habita
507 1921 866 1982 distribuere
910 1922 1109 1982 visum
1155 1924 1265 1981 est.

428 2010 545 2081 Qui
616 2011 725 2070 illa
796 2014 993 2070 aetate
1058 2009 1354 2071 Labeonis
1427 2010 1755 2070 sententias
1821 2008 2272 2070 examinaturus

250 2104 405 2175 erat,
458 2118 596 2159 cum
652 2118 789 2159 eum
835 2099 1040 2159 Sabini
1094 2099 1424 2159 sententias
1467 2099 1784 2177 neglegere
1835 2117 1955 2158 non
2001 2098 2274 2174 potuisse

250 2192 557 2265 appareat,
600 2188 772 2248 nulla
816 2189 972 2248 ratio
1028 2192 1148 2267 est,
1212 2207 1320 2248 cur
1369 2190 1706 2267 fragmenta
1749 2187 1884 2264 illa,
1939 2186 2004 2246 in
2053 2187 2272 2264 quibus

247 2277 541 2337 Proculus
579 2276 868 2337 Sabinum
902 2277 1128 2351 laudat,
1173 2278 1296 2336 illis
1334 2278 1464 2337 eius
1499 2277 1657 2337 notis
1693 2295 1814 2335 non
1853 2276 2273 2339 attribuamus,

247 2367 581 2427 afferuntur
652 2368 857 2425 autem
921 2366 1211 2426 eiusmodi
1274 2366 1519 2427 Proculi
1581 2369 1761 2425 notae
1820 2384 1942 2424 non
2003 2383 2141 2425 raro
2208 2364 2273 2423 in

248 2455 419 2515 libris
466 2455 545 2515 ad
589 2454 892 2514 Sabinum.

424 2544 789 2621 Fragmenta
845 2543 1169 2603 secundum
1215 2542 1484 2603 ordinem
1531 2541 1922 2601 Sabinianum
1966 2542 2270 2617 proposui.

993 2696 1094 2763 De
1140 2698 1529 2763 testamentis.

428 2806 484 2870 1.
555 2803 633 2870 D.
679 2805 791 2886 29,
840 2805 910 2888 2,
957 2804 1043 2869 62
1058 2826 1151 2889 pr.
1258 2803 1598 2869 Iavolenus
1672 2803 1838 2869 libro
1901 2802 2113 2888 primo
2189 2823 2268 2868 ex

243 2892 709 2977 posterioribus
756 2894 1094 2958 Labeonis,
1143 2929 1227 2939 -
1282 2892 1600 2957 Antistius
1646 2890 1864 2957 Labeo
1912 2890 2027 2976 ait,
2073 2890 2129 2956 si
2173 2892 2270 2958 ita

240 2984 589 3047 institutus
638 2983 725 3046 sit
770 2982 851 3047 ‘si
897 2982 1238 3066 iuraverit,
1292 2982 1478 3046 heres
1527 2979 1712 3067 esto'‚
1759 2982 2052 3067 quamvis
2097 2982 2267 3046 iura-

243 3072 430 3154 verit,
473 3092 608 3135 non
652 3075 875 3135 tamen
922 3093 1069 3137 eum
1116 3072 1337 3136 statim
1384 3070 1686 3136 heredem
1733 3070 2044 3153 futurum,
2089 3076 2267 3135 ante-

242 3182 436 3245 quam
483 3181 603 3243 pro
649 3160 881 3224 herede
924 3160 1171 3245 aliquid
1210 3160 1498 3245 gesserit,
1545 3160 1696 3244 quia
1733 3159 2004 3225 iurando
2044 3160 2266 3224 volun-

237 3252 443 3313 tatem
482 3247 692 3333 magis
732 3270 916 3314 suam
956 3250 1320 3315 declarasse
1359 3248 1668 3314 videatur.
1743 3270 1864 3334 ego
1902 3251 2063 3333 puto
2103 3248 2263 3313 satis

238 3360 389 3401 eum
442 3359 562 3422 pro
616 3338 851 3403 herede
900 3338 1205 3423 gessisse,
1262 3337 1316 3403 si
1365 3341 1440 3403 ut
1483 3336 1672 3404 heres
1719 3337 2056 3422 iuraverit3
2111 3336 2265 3401 Pro·
2362 3420 2366 3426 .

240 3427 422 3491 culus
467 3426 655 3491 idem.

419 3522 493 3581 cf.
538 3520 784 3580 Pernice
828 3520 951 3601 111,
1001 3522 1086 3582 50
1105 3539 1189 3597 sq.

1867 3622 1940 3672 9*
