2575 3900
296 169 427 234 324
497 170 564 224 v.
602 168 903 224 NERVAE
944 169 1035 224 ET
1072 168 1378 224 mmm
1414 169 1627 226 TEMP.
1665 169 1858 225 mms
1898 129 2260 226 consuL'rl

1030 349 1132 416 De
1174 351 1580 418 servitutibus.

474 456 581 522 35.
627 455 704 521 D.
728 457 867 539 8,6,
889 457 989 523 12.
1082 455 1309 523 Celsus
1355 458 1522 524 libro
1567 457 1917 523 vicensimo
1963 457 2161 522 tertio
2212 457 2326 522 Di-

300 549 633 632 gestorum
679 542 779 632 (Ρ.
812 542 988 698 199.3
1033 582 1124 594 —
1164 545 1292 623 Qui
1335 545 1603 611 fundum
1654 547 1934 611 alienum
1979 547 2153 611 bona
2198 546 2326 610 fide

301 636 475 716 emit,
523 635 751 699 itinere
795 655 921 719 quo
1014 635 1075 699 ei
1110 634 1308 702 fundo
1344 635 1612 700 debetur
1647 657 1802 700 usus
1841 639 1966 701 est:
2011 635 2330 700 retinetur

299 724 365 788 id
413 724 514 788 ius
560 724 838 806 itineris,
885 727 1079 808 atque
1126 723 1342 809 etiam,
1387 725 1444 788 si
1489 725 1776 809 precario
1826 727 1940 790 aut
1974 724 2041 788 vi
2077 724 2324 790 deiecto

300 812 561 878 domino
607 811 921 898 possidet3
975 812 1213 878 fundus
1260 813 1433 878 enim
1480 813 1760 898 qualiter
1807 834 1875 878 se
1919 812 2167 878 habens
2215 813 2329 897 ita,

300 906 375 966 ut
412 903 481 966 in
518 923 633 966 suo
672 901 903 966 habitu
937 923 1279 985 possessus
1318 905 1437 986 est,
1472 901 1574 966 ius
1611 923 1744 966 non
1774 901 2085 987 deperdit,
2121 923 2326 987 neque

299 991 514 1073 refert,
557 991 728 1055 iuste
771 1011 889 1054 nec
934 1012 1017 1055 ne
1052 990 1406 1075 possideat,
1450 991 1562 1076 qui
1597 991 1796 1054 talem
1833 1013 1980 1054 eum
2016 991 2327 1074 possidet.

300 1100 497 1164 quare
535 1078 769 1144 fortius
808 1082 875 1143 et
912 1079 968 1144 si
1006 1101 1175 1164 aqua
1210 1101 1327 1163 per
1361 1080 1574 1144 rivum
1603 1100 1722 1144 sua
1750 1083 1978 1163 sponte
2005 1079 2329 1164 perfluxit,

302 1171 405 1233 ius
463 1189 669 1252 aquae
726 1167 1050 1233 ducendae
1105 1169 1436 1233 retinetur.
1528 1168 1699 1253 quod
1755 1173 1821 1233 et
1867 1165 2109 1234 Sabino
2155 1172 2328 1233 recte

298 1257 530 1341 placet,
583 1260 657 1320 ut
703 1256 872 1340 apud
917 1256 1257 1323 Neratium
1305 1257 1474 1322 libro
1521 1261 1753 1343 quarto
1799 1257 2326 1322 Membranarum

298 1345 611 1430 scriptum
658 1349 773 1409 est.

866 1451 968 1516 De
1016 1452 1447 1518 centumvirali
1489 1451 1759 1517 iudicio?

479 1558 583 1623 36.
630 1557 708 1623 D.
737 1558 843 1641 44,
874 1561 931 1640 1,
960 1559 1065 1623 21.
1156 1556 1463 1623 Neratius
1512 1558 1677 1623 libro
1727 1564 1960 1643 quarto
2007 1558 2332 1624 Membra-

299 1669 552 1712 narum.
620 1682 696 1694 —
763 1646 883 1711 Rei
955 1647 1217 1712 maioris
1292 1648 1599 1749 pecuniae
1663 1647 2126 1731 praeiudicium
2190 1648 2332 1712 fieri

301 1736 582 1819 videtur,
637 1757 778 1800 cum
828 1758 903 1800 ea
951 1735 1242 1821 quaestio
1289 1740 1358 1800 in
1404 1736 1709 1801 iudicium
1758 1736 2115 1820 deducitur,
2163 1758 2328 1822 quae

300 1826 404 1979 gel
463 1829 605 1889 tota
649 1826 753 1888 vel
800 1846 877 1888 ex
924 1824 1140 1910 aliqua
1183 1828 1372 1910 parte
1419 1824 1776 1891 communis
1822 1830 1924 1890 est
1969 1827 2332 1944 quaestioni

343 1936 377 1980 e
422 1935 492 1979 re
539 1913 788 1980 maiori.

479 2009 554 2070 cf.
600 2007 786 2068 Lenel
831 2008 1024 2067 Edict.
1053 2027 1110 2084 p.
1140 2010 1288 2069 415.

891 2180 991 2246 De
1034 2181 1160 2246 doli
1202 2181 1362 2246 mali
1405 2183 1760 2264 exceptione.

482 2290 585 2355 37.
633 2287 708 2353 D.
730 2288 837 2372 44,
854 2289 919 2371 4,
944 2289 1130 2372 llpr.
1194 2285 1504 2353 Neratius
1540 2286 1706 2352 libro
1747 2293 1977 2373 quarto
2016 2286 2335 2353 Membra-

304 2400 555 2444 narum.
601 2413 676 2423 —
721 2374 791 2442 Si
837 2382 1218 2460 procurator
1265 2378 1421 2461 agit,
1467 2377 1544 2441 de
1592 2376 1741 2441 dolo
1786 2377 1923 2441 eius
1962 2377 2169 2461 excipi
2203 2399 2337 2442 non

307 2468 526 2549 debet,
583 2467 735 2551 quia
791 2466 1004 2530 aliena
1057 2464 1139 2529 lis
1196 2470 1300 2530 est
1344 2466 1524 2552 isque
1569 2466 1663 2530 rei
1709 2470 2046 2531 extraneus
2057 2516 2075 2550 ,
2129 2487 2336 2551 neque

310 2558 560 2622 alienus
616 2556 801 2622 dolus
851 2576 1081 2620 nocere
1128 2554 1316 2619 alteri
1362 2555 1572 2619 debet.
1665 2555 1719 2618 si
1765 2561 1916 2641 post
1961 2556 2143 2619 litem
2191 2576 2338 2620 con—

306 2650 619 2711 testatam
669 2645 813 2709 dolo
862 2644 1014 2728 quid
1061 2643 1317 2727 fecerit,
1369 2666 1452 2708 an
1498 2643 1789 2728 exceptio
1839 2665 1913 2708 eo
1960 2644 2222 2709 nomine
2267 2645 2340 2708 in

308 2735 615 2800 iudicium
662 2732 997 2798 obicienda
1044 2734 1147 2811 sit,
1198 2732 1481 2797 dubitari
1524 2736 1761 2817 potest,
1808 2733 1958 2816 quia
2003 2733 2140 2797 litis
2187 2755 2337 2798 con-

307 2824 663 2888 testatione
719 2844 821 2887 res
877 2822 1319 2907 procuratoris
1371 2821 1449 2886 fit
1504 2842 1774 2905 eamque
1831 2843 1945 2885 suo
2001 2822 2132 2886 iam
2181 2844 2336 2906 quo-

308 2911 653 2976 dammodo
696 2912 955 2976 nomine
993 2911 1347 2994 exequitur.
1431 2912 1496 2973 et
1531 2910 1746 2995 placet
1784 2910 1861 2975 de
1898 2912 2340 2994 procuratoris

306 2999 458 3064 'dolo
516 2998 961 3084 excipiendum
1017 3021 1173 3064 esse.
1275 2998 1447 3063 idem
1505 3000 1581 3063 de
1638 3002 1879 3078 tutore,
1943 3000 2053 3083 qui
2109 2999 2341 3084 pupilli

308 3089 569 3154 nomine
616 3091 793 3172 aget,
840 3086 1175 3153 dicendum
1222 3094 1338 3153 est.

488 3181 561 3240 D.
592 3183 692 3255 44,
724 3185 783 3260 4,
813 3183 872 3257 4,
906 3184 1006 3241 18.
1099 3182 1392 3259 Ulpianus
1436 3181 1591 3241 libro
1641 3182 2124 3261 septuagensimo
2171 3186 2340 3243 sexto

310 3270 385 3330 ad
420 3270 681 3330 edictum
709 3263 804 3351 (P.
829 3265 1045 3351 1680).
1138 3270 1490 3342 Quaesitum
1529 3272 1636 3347 est,
1683 3290 1761 3329 an
1807 3271 1879 3330 de
1935 3271 2343 3347 procuratoris

312 3359 478 3431 dolo,
537 3360 640 3436 qui
695 3359 770 3417 ad
826 3359 1122 3437 agendum
1177 3362 1420 3419 tantum
1473 3359 1650 3418 datus
1708 3362 1826 3437 est,
1883 3360 2076 3437 excipi
2129 3360 2342 3437 possit.

314 3450 377 3506 et
419 3452 570 3524 puto
616 3451 779 3507 recte
825 3447 1079 3526 defendi,
1126 3449 1179 3508 si
1224 3446 1466 3525 quidem
1512 3447 1575 3505 in
1615 3467 1740 3506 rem
1781 3468 1950 3508 suam
1985 3453 2345 3526 procurator

316 3536 494 3597 datus
542 3536 646 3615 sit,
705 3536 889 3597 etiam
936 3536 1007 3596 de
1052 3536 1382 3613 praeterito
1429 3536 1556 3595 eius
1604 3536 1765 3615 dolo,
1810 3537 1922 3598 hoc
1968 3542 2060 3598 est
2105 3539 2155 3599 si
2200 3542 2342 3599 ante
