2575 3900
328 143 458 208 332
530 142 596 197 V.
634 142 935 198 NERVAE
972 141 1067 197 ΕΤ
1104 143 1410 198 TRAIANI
1447 143 1660 199 TEMP.
1697 142 1890 199 Imus
1927 140 2288 198 CONSUL'I'I

682 312 1133 371 Incertorum
1180 312 1536 372 librorum
1580 313 2004 390 fragmenta.

966 430 1065 496 De
1108 433 1309 514 operis
1353 431 1720 497 libertorum.

509 556 609 620 62.
656 553 735 619 D.
764 555 869 638 38,
903 558 958 634 1,
984 556 1091 621 49.
1165 555 1366 620 Gaius
1411 556 1578 620 libro
1624 556 1942 640 singulari
1979 556 2056 620 de
2093 557 2364 622 casibus

329 641 431 732 (P.
460 643 548 729 5).
601 680 676 692 -
729 643 1023 710 Duorum
1069 644 1341 710 libertus
1378 648 1596 729 potest
1629 645 1848 729 aliquo
1886 666 2038 710 casu
2077 645 2356 730 singulis

332 733 617 797 diversas
665 754 895 818 operas
942 755 1073 798 uno
1118 739 1412 818 tempore
1456 734 1524 797 in
1573 733 1852 799 solidum
1899 733 2103 816 edere,
2149 733 2355 798 veluti

334 821 389 887 si
435 821 739 887 librarius
786 822 872 887 sit
918 826 984 886 et
1028 822 1144 888 alii
1190 825 1466 906 patrono
1512 822 1830 887 librorum
1867 821 2356 888 scribendorum

334 931 563 994 operas
610 911 787 990 edat,
838 912 1002 976 alter
1046 932 1199 977 vero
1244 930 1514 996 peregre
1561 933 1708 976 cum
1757 911 1891 976 suis
1937 911 2364 996 proficiscens

334 1021 564 1084 operas
613 1000 944 1065 custodiae
992 999 1219 1066 domus
1269 1000 1328 1065 ei
1372 1000 1702 1083 indixerit3
1749 999 1912 1064 nihil
1951 1000 2122 1064 enim
2159 1002 2370 1083 vetat,

333 1088 485 1153 dum
522 1088 808 1154 custodit
849 1088 1129 1173 domum,
1163 1089 1369 1153 libros
1405 1089 1699 1154 scribere.
1773 1088 1898 1155 hoc
1926 1090 2020 1153 ita
2049 1087 2360 1153 Neratius

333 1176 520 1242 libris
567 1177 1096 1242 Membranarum
1142 1178 1420 1260 scripsit.

1060 1336 1159 1403 De
1201 1339 1336 1402 iure
1379 1337 1631 1404 dotium.

515 1461 647 1548 635.
696 1461 771 1527 D.
810 1462 917 1543 24,
956 1463 1015 1544 3,
1059 1463 1135 1525 17
1155 1483 1249 1544 pr.
1332 1459 1574 1525 Paulus
1619 1461 1786 1526 libro
1825 1461 2099 1546 septimo
2139 1461 2221 1526 ad
2251 1460 2366 1528 Sa·

336 1551 561 1615 binum
586 1550 684 1633 (P.
704 1549 953 1633 1766b).
987 1586 1062 1598 -
1100 1601 1113 1614 .
1136 1603 1149 1616 .
1171 1599 1185 1613 .
1209 1551 1265 1613 si
1295 1571 1478 1615 socer
1506 1571 1583 1614 ex
1611 1550 2036 1633 promissione
2067 1573 2102 1615 a
2121 1553 2371 1616 marito

338 1640 787 1723 conveniatur,
833 1638 1001 1703 solet
1048 1639 1291 1722 quaeri,
1338 1662 1420 1703 an
1467 1637 1637 1702 idem
1685 1638 1744 1702 ei
1781 1638 1991 1704 honor
2027 1640 2364 1705 habendus

338 1730 424 1792 sit
472 1727 587 1816 (sc.
624 1731 699 1793 ut
745 1729 813 1792 in
852 1727 917 1791 id
957 1728 1297 1792 damnetur
1334 1728 1502 1812 quod
1550 1728 1760 1792 facere
1807 1725 2075 1814 potest).
2162 1727 2366 1793 Nera-

338 1818 469 1882 tius
532 1817 717 1882 libris
782 1815 1307 1881 Membranarum
1382 1820 1447 1880 et
1512 1815 1820 1882 Proculus
1887 1818 2176 1882 scribunt
2238 1817 2367 1882 hoc

337 1906 579 1971 iustum
627 1926 782 1971 esse.

519 2012 653 2079 63¹³.
698 2012 777 2078 D.
806 2014 912 2093 42,
945 2015 1003 2097 1,
1030 2012 1135 2078 21.
1211 2011 1449 2077 Paulus
1490 2012 1657 2077 libro
1699 2016 1882 2077 sexto
1922 2013 2002 2077 ad
2031 2012 2364 2078 Plautium

340 2102 437 2189 (P.
473 2098 721 2188 11311’).
771 2137 853 2147 —
902 2098 1084 2167 Sicut
1112 2149 1126 2164 .
1156 2150 1172 2166 .
1202 2122 1350 2166 cum
1395 2102 1633 2166 marito
1683 2102 1919 2187 agitur,
1966 2104 2061 2166 ita
2107 2108 2172 2165 et
2218 2123 2366 2166 cum

341 2213 581 2277 socer0,
625 2197 700 2256 ut
743 2212 877 2257 non
921 2191 1095 2255 ultra
1137 2190 1486 2255 facultates
1536 2189 1890 2255 damnetur.
1981 2213 2062 2255 an
2110 2190 2168 2255 si
2215 2212 2364 2256 cum

342 2302 563 2346 socero
613 2301 690 2344 ex
736 2279 1163 2363 promissione
1211 2278 1381 2343 dotis
1427 2281 1676 2363 agatur,
1723 2278 1793 2343 in
1836 2278 1904 2343 id
1945 2280 2110 2362 quod
2147 2278 2365 2345 facere

341 2373 586 2456 potest,
650 2368 1048 2433 damnandus
1114 2367 1244 2432 sit?
1348 2366 1518 2450 quod
1579 2365 1830 2433 itideml
1890 2391 2165 2453 aequum
2223 2390 2364 2433 esse

346 2458 617 2527 videtur.
712 2456 823 2522 sed
870 2457 997 2522 alio
1045 2457 1181 2521 iure
1227 2456 1488 2540 utimur,
1539 2459 1613 2519 ut
1660 2460 1724 2520 et
1770 2455 2075 2522 Neratius
2121 2458 2378 2525 scribit.

1094 2614 1193 2680 De
1238 2617 1620 2681 condictione.

523 2744 626 2807 64.
673 2741 752 2806 D.
786 2742 885 2821 12,
914 2742 976 2820 4,
1006 2741 1066 2823 3,
1094 2741 1153 2805 5.
1226 2739 1549 2823 Ulpianus
1587 2738 1759 2804 libro
1800 2741 2150 2805 vicen‘simo
2183 2743 2376 2805 sexto

345 2832 426 2897 ad
472 2832 752 2897 edictum
791 2828 888 2915 (P.
919 2828 1127 2912 77212).
1180 2866 1254 2875 —
1309 2826 1378 2893 Si
1416 2829 1582 2894 liber
1617 2828 1833 2913 hom0,
1881 2830 1991 2914 qui
2030 2830 2202 2895 bona
2241 2827 2380 2893 fide

346 2920 689 3002 serviebat,
727 2919 884 2984 mihi
922 2919 1262 3014 pecuniam
1297 2917 1559 2998 dederit,
1596 2923 1669 2982 ut
1705 2939 1854 2982 eum
1890 2917 2381 2999 manumittam,

347 3016 412 3075 et
473 3009 714 3091 fecero,
778 3011 1005 3091 postea
1068 2982 1262 3071 liber‘
1295 3007 1606 3089 probatus
1673 3030 1756 3071 an
1816 3006 1976 3071 mihi
2033 3006 2367 3072 condicere

347 3097 572 3182 possit,
621 3096 965 3181 quaeritur.
1047 3100 1111 3159 et
1148 3094 1444 3160 Iulianus
1480 3095 1649 3159 libro
1690 3096 2027 3161 undecimo
2067 3093 2368 3181 Digesto-

346 3209 489 3251 rum
548 3185 775 3251 scribit
830 3190 1191 3267 competere
1239 3184 1633 3249 manumisso
1680 3184 2150 3268 repetitionem.
2242 3182 2378 3247 Ne

346 3277 555 3341 ratius
604 3275 801 3340 etiam
838 3273 1005 3338 libro
1045 3274 1100 3354 <.
1132 3323 1146 3340 .
1178 3274 1233 3354 .>
1274 3273 1795 3338 Membranarum
1834 3272 2032 3338 refert
2067 3272 2374 3338 Paridem

348 3365 821 3448 pantomimum
869 3384 907 3425 a
953 3361 1242 3426 Domitia
1288 3360 1566 3426 Neronis
1611 3362 1750 3427 filia
1795 3363 2040 3442 decem,
2097 3383 2261 3445 quae
2309 3362 2378 3425 ei

496 3526 522 3573 1
567 3520 661 3575 Fz.
702 3521 759 3573 et
794 3518 869 3571 id.
