2575 3900
334 177 417 242 70
470 176 565 233 ΙΙΙ.
596 177 746 232 GAII
774 177 1069 232 CLAUDII
1096 176 1368 233 NERON.
1389 176 1674 232 GALBAE
1694 176 2122 234 TEMP.1URIS
2143 173 2345 231 CONS.

330 363 460 426 qua
513 361 711 426 opera
759 361 963 424 aquae
1011 339 1364 405 mittendae
1413 363 1609 406 causa
1653 341 1918 425 publica
1962 341 2350 406 auctoritate

328 430 502 494 facta
557 429 715 513 sint,
778 429 848 493 in
902 449 1107 512 aquae
1161 430 1420 514 pluviae
1477 430 1788 496 arcendae
1845 431 2164 495 actionem
2219 450 2352 494 non

326 518 544 582 venire
590 518 660 584 in
707 517 1057 603 eademque
1102 539 1297 584 causa
1338 540 1477 584 esse
1515 541 1608 602 ea,
1655 539 1927 603 quorum
1967 518 2350 584 memoriam

325 609 617 672 vetustas
664 606 929 672 excedit.

509 704 652 769 136.
726 703 803 768 D.
842 704 947 786 39,
984 704 1043 786 3,
1085 706 1142 786 1,
1182 704 1283 769 11.
1397 703 1716 788 Ulpianus
1789 705 1959 770 libro
2036 705 2352 790 quinqua-

328 792 619 876 gensimo
665 793 856 857 tertio
906 793 985 856 ad
1027 754 1316 858 edictum
1351 790 1454 880 (P.
1491 791 1830 879 1285).-
1756 792 2052 858 —Idem
2092 790 2209 879 (sc.
2237 790 2354 858 Sa-

325 881 513 946 binus
543 879 837 968 Cassius)
875 881 1058 947 aiunt
1094 902 1326 966 aquam
1353 882 1693 967 pluviam'
1673 904 1743 946 111
1781 904 1897 947 suo
1936 884 2214 947 retinere
2251 882 2351 946 vel

326 970 840 1053 superficientem
879 966 1402 1071 (superfluentem
1414 968 1478 1057 2)
1515 992 1592 1035 ex
1629 970 1822 1036 vicini
1859 971 1926 1036 in
1964 992 2150 1035 suum
2191 969 2353 1035 deri-

324 1080 504 1140 vare,
551 1059 703 1122 dum
748 1080 909 1160 opus
955 1058 1027 1122 in
1073 1059 1282 1124 alieno
1326 1081 1456 1124 non
1501 1059 1637 1141 fiat,
1683 1059 1984 1125 omnibus
2030 1060 2132 1124 ius
2182 1080 2351 1140 esse,

324 1146 657 1233 prodesse
678 1147 851 1211 enim
907 1147 1033 1212 sibi
1078 1147 1541 1232 unusquisque,
1599 1109 1750 1213 dum
1808 1148 1918 1213 alii
1963 1170 2095 1213 non
2141 1152 2349 1231 nocet,

324 1257 458 1300 non
503 1235 901 1319 prohibetur,
947 1257 1065 1301 nec
1113 1258 1504 1321 quemquam
1548 1236 1672 1302 hoc
1717 1238 1977 1302 nomine
2022 1235 2247 1301 teneri.

507 1332 653 1398 137.
700 1332 777 1398 D.
798 1333 983 1417 39‚3,
1008 1336 1062 1416 1,
1084 1334 1187 1399 10.
1265 1332 1584 1418 Ulpianus
1620 1333 1772 1400 ibid.
1807 1369 1898 1382 —
1934 1332 2114 1397 Idem
2153 1334 2353 1418 aiunt,

328 1422 385 1486 si
442 1443 612 1505 aqua
664 1421 1052 1486 naturaliter
1109 1421 1431 1507 decurrat,
1488 1444 1691 1507 aquae
1737 1422 1995 1507 pluviae
2041 1421 2352 1488 arcendae

326 1510 650 1575 actionem
714 1532 991 1594 cessare3
1059 1510 1229 1596 quod
1295 1511 1350 1575 si
1411 1532 1604 1595 opere
1659 1511 1831 1577 facto
1890 1533 2059 1595 aqua
2115 1514 2228 1574 aut
2282 1510 2363 1594 in·

327 1599 720 1682 superiorem
776 1603 1028 1683 partem
1086 1599 1417 1684 repellitur
1472 1602 1588 1664 aut
1642 1600 1708 1664 in
1762 1599 2132 1665 inferiorem
2188 1597 2350 1663 deri-

325 1692 544 1771 vatur,
594 1709 801 1772 aquae
847 1688 1106 1772 pluviae
1154 1687 1466 1753 arcendae
1513 1687 1832 1754 actionem
1881 1691 2262 1773 competere.

507 1784 680 1850 138?
744 1783 823 1849 D.
854 1784 960 1869 39,
990 1786 1049 1867 3,
1081 1785 1138 1867 1,
1165 1785 1223 1850 9.
1316 1783 1637 1869 Ulpianus
1685 1784 1839 1850 ibid.
1885 1821 1974 1832 —
2020 1783 2244 1850 Sulcos
2292 1833 2306 1848 .
2335 1835 2352 1852 .

327 1875 651 1960 aquarios,
696 1874 807 1959 qui
852 1871 1062 1951 ἕλικες
1108 1874 1542 1960 appellantur,
1589 1875 1644 1939 si
1692 1874 1838 1960 quis
1881 1872 2099 1959 faciat,
2147 1895 2352 1960 aquae

330 1963 589 2047 pluviae
636 1964 890 2029 actione
938 1985 1084 2028 eum
1131 1964 1341 2028 teneri
1387 1964 1502 2027 ait.

514 2060 657 2145 139.
713 2059 789 2125 D.
821 2061 924 2146 39,
954 2061 1014 2143 3,
1048 2062 1148 2143 11,
1182 2062 1234 2126 1.
1316 2060 1557 2126 Paulus
1605 2061 1772 2126 libro
1809 2060 2352 2162 quadragensimo

328 2170 503 2213 nono
569 2137 646 2212 ad
711 2150 989 2215 edictum
1047 2149 1147 2235 (P.
1186 2146 1365 2235 634).
1423 2186 1508 2197 -
1564 2147 1826 2215 Cassius
1894 2151 2014 2232 ait,
2078 2150 2210 2214 sive
2275 2170 2354 2213 ex

330 2237 655 2303 communi
699 2237 900 2303 fundo
949 2239 1085 2303 sive
1132 2239 1458 2307 communi
1505 2260 1672 2323 aqua
1716 2242 1963 2321 noceat,
2010 2239 2112 2302 vel
2153 2260 2353 2302 unum

330 2347 475 2391 cum
513 2347 642 2390 uno
682 2347 872 2410 agere
909 2349 1099 2412 posse
1137 2326 1240 2391 vel
1280 2349 1479 2391 unum
1519 2327 1868 2412 separatim
1902 2349 2047 2392 cum
2077 2327 2353 2411 singulis

326 2415 431 2481 vel
479 2416 824 2499 separatim
875 2415 1167 2501 singulos
1213 2436 1360 2479 cum
1404 2437 1533 2479 uno
1569 2416 1671 2481 vel
1710 2416 2000 2500 singulos
2037 2437 2182 2480 cum
2221 2416 2354 2479 sin-

329 2503 517 2588 gulis.
600 2504 656 2568 si
702 2526 865 2568 unus
903 2505 1109 2590 egerit
1145 2506 1210 2569 et
1247 2503 1575 2568 restitutio
1617 2506 1827 2589 operis
1865 2504 2126 2589 litisque
2164 2504 2354 2568 aesti-

326 2593 530 2658 matio
577 2593 752 2659 facta
798 2594 912 2676 sit,
968 2597 1323 2658 ceterorum
1373 2594 1690 2658 actionem
1739 2614 2138 2674 evanescere;
2195 2592 2354 2657 item

333 2681 389 2746 si
434 2704 578 2748 cum
625 2704 754 2747 uno
803 2690 1015 2747 actum
1064 2681 1150 2745 sit
1186 2684 1255 2745 et
1293 2682 1347 2746 si
1385 2682 1603 2766 <non>
1643 2681 2058 2765 praestiterit,
2105 2686 2354 2746 ceteros

329 2769 597 2836 liberari
642 2772 859 2856 idque,
916 2769 1088 2854 quod
1136 2771 1456 2835 sociorum
1503 2771 1762 2835 nomine
1808 2770 2032 2834 datum
2079 2769 2191 2854 sit,
2237 2791 2357 2854 per

332 2859 647 2924 arbitrum
694 2859 1015 2924 communi
1063 2857 1410 2922 dividundo
1457 2858 1800 2941 reciperari
1843 2880 2052 2943 posse.

869 3056 963 3115 De
1005 3059 1346 3129 fluminibus
1392 3062 1444 3117 et
1486 3060 1809 3120 stillicidiis.

508 3175 651 3242 140.
726 3174 803 3239 D.
852 3175 956 3254 39,
998 3176 1058 3261 3,
1104 3177 1308 3258 1,19.
1416 3174 1740 3263 Ulpianus
1807 3178 1976 3242 libro
2041 3176 2357 3262 quinqua-

330 3264 625 3351 gensimo
686 3262 879 3330 tertio
939 3264 1018 3329 ad
1039 3226 1356 3331 ²’edictum
1412 3264 1508 3354 (P.
1504 3201 1770 3351 p.1285)
1828 3302 1904 3313 —
1967 3264 2228 3332 Cassius
2285 3320 2299 3332 .
2339 3318 2356 3333 .

329 3352 583 3435 scribit,
638 3354 695 3418 si
754 3375 922 3439 aqua
978 3375 1056 3418 ex
1111 3355 1400 3421 aedificio
1457 3355 1704 3420 urbano
1761 3358 1991 3419 noceat
2043 3355 2146 3419 vel
2193 3375 2356 3441 agro

322 3403 768 3596 *reg-‘aedificio
816 3444 1086 3529 rusticO,
1143 3445 1463 3530 agendum
1512 3444 1589 3508 de
1633 3442 2009 3508 fluminibus
2059 3447 2125 3509 et
2169 3444 2358 3509 stilli-

325 3553 383 3596 οι
430 3553 527 3597 ns.
