2575 3900
827 183 876 231 6.
923 172 1338 229 IAVOLENUS
1376 172 1670 228 PRISCUS
2124 173 2253 236 461

231 361 372 406 cum
423 359 490 405 eo
543 339 823 423 venierit,
877 343 1109 416 tamen,
1163 338 1221 402 si
1272 337 1551 402 venditor
1600 337 1737 401 dolo
1784 340 1975 412 caret,
2026 337 2262 417 prioris

230 430 521 511 empvtoris
573 448 763 494 causa
816 427 1095 492 absoluta
1147 430 1264 503 est,·
1320 427 1392 490 id
1440 426 1605 490 enim
1656 426 1855 490 solum
1898 427 2262 489 intuendum

231 524 346 602 est,
391 539 477 582 an
521 515 792 600 [priori]
837 516 1137 581 venditori
1180 515 1340 579 bona
1382 515 1503 597 fide
1542 513 1713 595 facta
1756 517 1842 579 sit
1883 516 2151 579 adiectio.

414 607 472 670 9.
514 605 590 670 D.
615 605 849 683 41‚4‚4
869 627 963 689 pr.
1028 603 1372 668 Iavolenus
1400 604 1567 667 libro
1589 602 1866 667 seeundo
1888 624 1967 667 ex
1986 602 2261 668 Plautio.

236 732 321 742 —
369 695 635 778 Emptor
678 694 866 776 fundi
898 697 1145 776 partem
1189 694 1320 757 eius
1363 693 1635 757 alienam
1679 713 1803 757 esse
1843 713 1971 756 non
2013 693 2264 774 iqnora—

232 790 420 849 verat.
517 803 873 867 responsum
925 787 1014 847 est
1063 781 1224 846 nihil
1267 802 1407 845 eum
1450 802 1525 846 ex
1569 801 1634 845 eo
1674 781 1874 861 fundo
1921 803 2037 845 usu
2054 779 2075 815 ¹
2117 802 2263 862 cap-

236 879 462 938 turum.
560 874 725 955 quod
783 873 877 937 ita
937 891 1150 936 verum
1213 891 1339 935 esse
1392 871 1697 954 existimo,
1760 871 1843 948 si,
1906 891 2061 951 quae
2103 890 2264 951 pars

234 963 448 1027 aliena
501 966 650 1026 esset
699 962 770 1024 in
823 982 888 1026 eo
945 961 1170 1043 fundO,
1234 964 1465 1041 emptor
1518 960 1940 1041 iynoraverat,·
1994 961 2157 1060 quod
2206 961 2264 1024 si

235 1056 466 1117 eertum
511 1051 708 1116 locum
753 1069 876 1114 esse
919 1051 1121 1132 sciret,
1163 1049 1437 1130 reliquas
1470 1053 1685 1172 partes
1724 1046 1881 1112 usu¹
1918 1049 2058 1128 capi
2085 1067 2264 1129 posse
2299 1037 2314 1056 ’

235 1161 364 1205 non
407 1140 631 1205 dubito.

424 1227 1032 1307 10.1bid.§1.—
1079 1225 1257 1291 Idem
1307 1226 1468 1290 iuris
1513 1229 1627 1310 est,
1679 1227 1738 1289 si
1782 1225 1863 1309 is,
1917 1226 2027 1306 qui
2072 1229 2263 1289 totum

233 1318 506 1399 fundum
568 1316 823 1401 emebat,
876 1337 994 1398 pro
1052 1316 1320 1380 indiviso
1361 1319 1609 1397 partem
1662 1315 1942 1395 aliquam
1994 1314 2264 1378 alienam

235 1427 362 1472 esse
423 1407 565 1482 scit;
641 1426 776 1468 eam
837 1405 1001 1468 enim
1063 1405 1393 1468 dumtaxat
1449 1425 1575 1468 non
1638 1404 1859 1488 capiet,
1928 1408 2265 1467 ceterarum

232 1496 518 1578 partium
562 1515 688 1558 non
732 1495 1094 1573 impedietur
1137 1490 1293 1555 usu²
1340 1494 1541 1574 capio.-

422 1585 521 1648 11.
563 1583 636 1646 D.
665 1583 760 1663 12,
781 1583 964 1664 6‚45.
1027 1581 1371 1645 Iavolenus
1403 1582 1566 1644 libro
1588 1580 1867 1643 seeundo
1890 1601 1964 1643 ex
1984 1578 2262 1646 Plautio.

237 1709 329 1720 -—
373 1673 449 1738 Si
493 1674 566 1754 is,
609 1673 717 1754 qui
751 1671 1140 1735 hereditatem
1176 1671 1448 1734 vendidit
1478 1674 1535 1733 et
1567 1669 1825 1749 emptori
1861 1669 2135 1752 tradidit,
2179 1671 2263 1752 id,

241 1763 403 1844 quod
442 1761 563 1826 sibi
606 1764 882 1824 mortuus
916 1759 1217 1840 debuerat,
1260 1779 1388 1823 non
1423 1759 1694 1840 retinuit,
1738 1762 2000 1839 repetere
2020 1759 2265 1840 poterit,

241 1852 390 1932 quia
416 1850 566 1933 plus
601 1849 793 1915 debito
828 1849 1095 1913 solutum
1120 1869 1237 1930 per
1272 1848 1707 1912 condictionem
1740 1851 1896 1911 recte
1921 1848 2263 1929 recipietur.

421 1972 494 2031 cf.
541 1971 785 2031 Pernioe
831 1969 947 2042 III,
991 1971 1110 2030 251
1162 1988 1218 2028 n.
1252 1972 1307 2028 2.

425 2084 524 2146 12.
557 2081 649 2146 ·D.
672 2081 774 2163 18,
801 2080 864 2164 4,
888 2082 948 2145 8.
1008 2078 1345 2144 Iavolenus
1373 2080 1540 2144 libro
1572 2080 1849 2144 seeundo
1879 2101 1957 2144 ex
1983 2079 2262 2144 Plautio.

243 2208 329 2217 —-
406 2168 584 2250 Quod
653 2172 711 2235 si
772 2169 953 2233 nulla
1013 2168 1314 2232 hereditas
1375 2170 1462 2232 ad
1518 2170 1888 2233 venditorem
1939 2170 2265 2251 pertinuit,

240 2266 546 2343 quantum
581 2260 837 2342 emptori
860 2261 1182 2339 praestare
1216 2254 1479 2336 debeat³‚
1516 2259 1607 2321 ita
1635 2259 1935 2339 distinqui
1961 2258 2265 2340 oportebit,

243 2355 338 2427 ut,
401 2350 456 2413 si
517 2353 605 2413 est
656 2349 899 2429 quidem
953 2346 1169 2429 aliq-ua
1221 2345 1547 2429 hereditas,
1611 2347 1716 2411 sed
1766 2348 1853 2410 ad
1901 2348 2267 2411 venditorem

245 2459 371 2502 non
403 2438 688 2519 pertinet,
733 2437 872 2517 ipsa
916 2438 1279 2513 aestimetur,
1324 2436 1382 2499 si
1424 2435 1603 2499 nulla
1647 2440 1751 2517 est,
1794 2435 1867 2500 de
1901 2455 2026 2516 qua
2062 2440 2267 2499 actum

246 2527 560 2607 videatur,
581 2526 857 2606 pretium
911 2526 1239 2589 dumtaxat
1287 2528 1345 2587 et
1392 2526 1448 2589 si
1490 2525 1644 2605 quid
1682 2524 1754 2587 in
1798 2544 1934 2588 eam
1978 2545 2109 2588 rem
2153 2525 2267 2588 im·

241 2635 501 2697 pensum
546 2619 635 2678 est
677 2618 908 2694 emptor
952 2634 994 2676 a
1037 2614 1341 2677 venditore
1384 2617 1797 2694 consequatur.

433 2704 534 2767 13.
587 2700 665 2767 D.
703 2703 801 2786 18,
829 2701 889 2784 4,
921 2702 1020 2766 10.
1109 2699 1453 2765 Iavolenus
1508 2702 1673 2765 libro
1732 2701 1941 2785 primo
1988 2700 2267 2765 seeundo

247 2814 326 2856 ex
363 2791 639 2856 Plautio,
671 2826 751 2836 —
797 2790 973 2869 Quod
1005 2790 1062 2854 si
1095 2790 1167 2853 in
1201 2792 1541 2856 venditione
1574 2790 1926 2855 hereditatis
1961 2791 2031 2854 id
2062 2794 2267 2853 actum

245 2886 351 2963 est,
395 2882 454 2945 si
496 2880 649 2962 quid
689 2880 851 2943 iuris
894 2883 1043 2943 esset
1084 2880 1428 2962 venditoris,
1472 2881 1675 2944 venire
1715 2899 1823 2943 nec
1858 2883 2070 2960 postea
2104 2879 2267 2961 quic-

247 2989 435 3052 quam
473 2970 776 3051 praestitu
811 2968 912 3031 iri.
975 2968 1256 3049 quamvis
1291 2969 1378 3033 ad
1408 2970 1774 3033 venditorem
1807 2968 2109 3032 hereditas
2142 2988 2269 3031 non

236 3059 635 3142 pertinuerit,
687 3056 850 3121 nihil
906 3061 1111 3120 tamen
1154 3076 1219 3121 eo
1265 3057 1594 3140 (nomine)
1629 3057 2066 3140 praestabitur,
2118 3057 2269 3138 quia

249 3149 320 3213 id
359 3151 566 3211 actum
609 3166 730 3211 esse
772 3145 1171 3225 manifestum
1213 3151 1327 3227 est,
1381 3152 1453 3209 ut
1492 3148 2000 3228 quemadmodum
2042 3146 2267 3210 emolu-

250 3240 521 3301 mentum
583 3236 1039 3319 neyotiationiS,
1099 3235 1190 3298 ita
1223 3235 1569 3316 periculum
1625 3237 1712 3301 ad
1760 3240 2083 3318 emptorem
2130 3254 2266 3315 per·

244 3329 480 3390 tineret.

399 3485 428 3533 1
469 3479 618 3535 Tm‘b.
655 3479 826 3547 longa.
860 3478 1230 3551 possessione.
1376 3485 1409 3533 2
1452 3482 1609 3537 Trib.
1642 3480 1818 3549 longa
1853 3478 2219 3551 possessione.

397 3555 429 3604 3
467 3550 562 3605 Fz.
599 3551 808 3606 debuit.
