2575 3900
325 186 457 251 232
501 186 595 242 IV.
624 186 1057 241 VESPASIANI
1086 184 1231 241 ΤΙΤΙ
1256 184 1650 241 DOMITIANI
1675 186 1891 241 TEMP.
1919 186 2112 242 IURIS
2142 188 2350 243 coNs.

327 350 560 416 emerit
604 353 672 414 et
714 350 770 414 is
808 350 1091 436 quinque
1128 350 1233 433 sit,
1278 350 1561 436 quinque
1596 350 1872 435 petenda
1909 348 2350 436 (retinenda‘t')

328 460 470 504 esse
526 438 697 523 apud
741 437 1076 505 Plautium
1128 438 1401 524 placuit,
1455 439 2023 524 quemadmodum,
2077 440 2134 505 si
2185 462 2352 505 mor-

328 533 481 593 tuus
528 531 654 614 est,
704 528 870 593 nihil
914 532 1239 612 peteretur
1284 526 1701 614 (retineretur
1711 528 1804 614 ?);
1861 527 1919 592 si
1962 549 2115 592 vero
2164 528 2354 613 quin-

329 617 534 683 decim
590 617 826 699 dignus
884 620 997 701 sit,
1052 638 1187 683 non
1238 618 1386 701 plus
1442 638 1636 703 quam
1691 616 1910 682 decem
1953 621 2172 701 potest
2215 618 2352 702 peti

330 702 720 793 (retineri‘P),
765 707 1073 792 quoniam
1119 708 1385 771 eatenus
1434 705 1708 771 donator
1752 706 2098 790 pauperior
2138 705 2352 773 factus

329 798 516 860 esset.

1054 901 1155 967 De
1198 922 1354 967 cura
1391 901 1639 983 furiosi.

510 1010 617 1075 34.
654 1008 732 1075 D.
749 1009 857 1091 40,
880 1009 1061 1093 1,13.
1133 1008 1529 1093 Pomponius
1556 1008 1724 1074 libro
1751 1010 1961 1092 primo
1990 1030 2069 1073 ex
2095 1008 2357 1074 Plautio

331 1097 433 1187 (P.
463 1095 643 1184 327).
696 1132 769 1145 -
824 1096 1059 1163 Servus
1096 1097 1324 1163 furiosi
1361 1097 1444 1162 ab
1481 1097 1764 1183 adgnato
1801 1103 2099 1164 curatore
2135 1120 2356 1162 manu-

330 1189 511 1253 mitti
565 1209 696 1253 non
752 1189 1000 1271 potest,
1055 1187 1208 1272 quia
1250 1186 1322 1250 in
1368 1186 1931 1251 administratione
1975 1186 2358 1270 patrimonii

334 1275 761 1342 manumissio
808 1297 938 1340 non
978 1278 1095 1340 est.
1178 1275 1237 1338 si
1274 1280 1490 1340 autem
1529 1298 1608 1340 ex
1640 1274 2124 1340 fideicommissi
2161 1296 2358 1341 causa

332 1365 596 1430 deberet
622 1365 995 1429 libertatem
1022 1363 1324 1448 furiosae,
1355 1363 1780 1428 dubitationis
1809 1364 2134 1429 tollendae
2159 1385 2359 1429 causa

332 1453 415 1519 ab
455 1454 738 1538 adgnato
774 1451 1304 1537 manmspandum¹
1340 1474 1615 1535 servum,
1652 1457 1725 1518 ut
1770 1453 1850 1517 ab
1890 1474 1966 1517 eo
1997 1453 2100 1517 cui
2124 1454 2360 1518 manci-

322 1538 560 1627 patus²
605 1545 777 1606 esset
822 1540 1345 1623 manumittatur,
1392 1538 1756 1607 Octavenus
1804 1541 1912 1605 ait.

511 1629 642 1697 35?
706 1629 787 1696 D.
832 1631 937 1712 46,
985 1631 1046 1714 3,
1094 1629 1204 1696 65.
1311 1628 1708 1713 Pomponius
1771 1629 1938 1695 libro
2001 1628 2213 1713 primo
2282 1652 2362 1695 ex

330 1718 592 1784 Plautio
641 1717 738 1804 (P.
779 1717 959 1806 328).
1010 1755 1087 1765 —
1136 1716 1209 1783 Si
1263 1718 1400 1782 filia
1455 1718 1685 1783 furiosi
1731 1741 1770 1784 a
1814 1719 1953 1783 viro
2002 1717 2361 1799 divorterit,

334 1809 579 1874 dictum
644 1812 743 1872 est
804 1808 907 1871 vel
972 1810 1211 1893 agnato
1277 1807 1562 1872 curatori
1624 1807 1960 1872 voluntate
2023 1806 2198 1871 filiae
2252 1808 2362 1872 vel

334 1896 506 1963 filiae
554 1898 995 1964 consentiente
1043 1899 1285 1982 agnato
1335 1894 1502 1962 solvi
1548 1895 1784 1962 dotem.

1150 2071 1250 2139 De
1296 2074 1544 2139 delictis.

514 2182 617 2247 36.
691 2180 773 2247 D.
818 2182 924 2262 47,
971 2181 1032 2261 2,
1079 2181 1183 2262 67,
1236 2182 1288 2248 1.
1396 2179 1637 2245 Paulus
1700 2180 1868 2246 libro
1936 2183 2212 2266 septimo
2281 2182 2364 2247 ad

335 2271 664 2336 Plautium
711 2269 809 2356 (P.
839 2265 1061 2356 1141).
1098 2306 1183 2316 —
1232 2267 1302 2334 Si
1337 2269 1394 2334 is
1432 2269 1534 2334 cui
1570 2290 1673 2333 res
1713 2270 2022 2355 subrepta
2057 2270 2164 2354 sit,
2209 2269 2364 2334 dum

341 2361 511 2446 apud
540 2359 746 2424 furem
776 2359 881 2438 sit,
908 2358 1243 2442 legaverat
1269 2379 1410 2423 eam
1441 2357 1603 2422 mihi
1627 2357 1787 2443 <per
1803 2357 2364 2444 vindicationem),

340 2472 443 2533 an,
473 2449 528 2512 si
555 2454 785 2533 postea
811 2448 916 2513 fur
944 2469 1087 2512 eam
1116 2450 1488 2530 contrectet,
1516 2446 1674 2511 furti
1703 2447 2022 2512 actionem
2045 2447 2364 2512 habeam?

341 2542 407 2603 et
463 2538 810 2602 secundum
858 2535 1168 2602 Octaveni
1225 2536 1613 2600 sententiam
1660 2535 1821 2600 mihi
1876 2535 1998 2601 soli
2051 2537 2365 2621 competit

340 2626 501 2692 furti
548 2627 746 2708 actio,
801 2648 946 2690 cum
991 2625 1179 2689 heres
1227 2646 1342 2688 suo
1390 2625 1649 2689 nomine
1694 2646 1829 2688 non
1872 2625 2140 2708 habeat,
2188 2625 2365 2711 quia,

341 2736 743 2800 quacumque
802 2715 1053 2780 ratione
1118 2709 1478 2777 dominium
1535 2715 1857 2777 mutatum
1921 2715 2035 2798 sit,
2099 2715 2364 2780 domino

339 2807 701 2885 competere
746 2801 907 2866 furti
952 2803 1275 2866 actionem
1323 2805 1597 2866 constat.
2417 2867 2425 2875 ,

519 2891 625 2955 37.
669 2890 750 2955 D.
776 2890 932 2955 ibid.
958 2893 999 2970 ἓ
1028 2891 1087 2954 2.
1131 2926 1207 2936 -
1253 2889 1426 2954 Eum
1463 2891 1575 2974 qui
1611 2889 1963 2954 mulionem
2001 2890 2149 2955 dolo
2186 2892 2362 2956 malo

342 2979 413 3042 in
448 2977 549 3041 ius
586 2983 901 3061 vocasset,
948 2981 1003 3042 si
1040 2980 1294 3044 interea
1330 2979 1544 3043 mulae
1581 2979 1916 3064 perissent,
1964 2978 2122 3043 furti
2155 2981 2363 3045 teneri

341 3069 589 3131 veteres
635 3066 1121 3150 responderunt.

523 3155 627 3220 38.
667 3154 746 3220 D.
771 3155 876 3238 48,
908 3155 1009 3234 19,
1028 3155 1133 3221 20.
1204 3155 1448 3220 Paulus
1475 3155 1642 3221 libro
1671 3159 1898 3222 octavo
1931 3157 2010 3220 ad
2035 3155 2366 3222 Plautium

343 3239 439 3329 (P.
482 3241 703 3328 1246).
749 3279 832 3289 —
883 3242 951 3309 Si
996 3266 1208 3329 poena
1254 3245 1446 3308 alicui
1491 3243 1835 3328 irrogatur,
1887 3249 2218 3330 receptum
2265 3250 2368 3310 est

345 3333 794 3397 commenticio
842 3333 1005 3413 iure,
1052 3355 1131 3396 ne
1180 3333 1259 3396 ad
1306 3333 1573 3398 heredes
1619 3337 1926 3397 transeat.

490 3494 517 3540 1
560 3488 711 3543 Trib.
748 3487 1101 3543 tradendum.

488 3565 520 3612 2
562 3559 711 3616 Trib.
748 3559 1014 3613 traditus.
