2575 3900
299 201 426 267 152
461 202 556 258 ΠΙ.
577 202 729 258 GAII
746 203 1045 260 CLAUDII
1064 203 1338 260 NERON.
1358 203 1645 260 GALBAE
1662 204 1876 262 TEMP.
1896 206 2089 263 IURIS
2110 207 2316 267 CONS.

293 366 518 431 haberi
554 365 865 432 Proculus
912 368 1023 433 ait.
1096 369 1207 433 sed
1244 390 1378 433 non
1414 390 1606 454 posse
1641 369 1973 453 prohiberi
2011 370 2313 456 vicinum,

294 477 421 540 quo
468 456 679 522 minus
725 457 1053 522 balineum
1100 457 1346 522 habeat
1391 457 1738 523 secundum
1783 459 2100 543 parietem
2146 481 2317 527 com-

292 565 580 620 munem,
647 545 941 628 quamvis
998 568 1288 612 umorem
1346 548 1561 631 capiat
1614 548 1854 632 paries;
1917 567 2051 613 non
2104 549 2316 633 magis

288 654 479 717 quam
536 632 591 698 si
647 634 747 699 vel
805 635 874 699 in
930 635 1215 701 triclinio
1274 657 1390 700 suo
1447 637 1551 700 vel
1607 637 1701 700 in·
1730 637 2023 703 cubiculo
2081 659 2316 722 aquam

292 722 663 786 effunderet.

1019 794 1120 860 De
1163 796 1300 860 iure
1342 797 1593 862 dotium.

475 898 578 965 51.
625 897 701 964 D.
733 899 839 982 24,
868 901 928 984 3,
964 900 1061 981 15,
1100 901 1141 965 2
1179 905 1245 966 et
1284 902 1364 967 17
1382 924 1474 987 pr.
1549 902 1791 968 Paulus
1829 903 2000 968 libro
2039 903 2318 987 septimo

290 988 372 1054 ad
423 986 734 1054 Sabinum
779 986 880 1075 (P.
922 986 1142 1075 1766).
1190 1025 1274 1038 -—-
1322 989 1557 1057 Socero
1586 1041 1601 1056 .
1630 1041 1674 1076 .,
1729 1014 1876 1057 cum
1933 1013 2062 1076 quo
2116 1013 2318 1057 nurus

289 1077 367 1142 de
412 1077 564 1143 dote
611 1077 775 1162 agit,
819 1077 990 1142 idem
1036 1080 1243 1144 honor
1287 1080 1586 1164 habetur,
1627 1084 1701 1144 ut
1743 1081 1814 1144 in
1860 1081 1928 1145 id
1975 1080 2317 1146 damnetur

288 1166 458 1250 quod
496 1165 705 1230 facere
743 1171 975 1251 potest.
1015 1169 1025 1245 Ι
1068 1191 1147 1232 ex
1182 1168 1436 1234 diverso
1474 1169 1531 1233 si
1567 1190 1750 1234 socer
1778 1192 1856 1234 ex
1884 1170 2316 1254 promissione

290 1277 329 1319 a
372 1255 608 1321 marito
656 1258 1110 1340 conveniatur,
1156 1256 1325 1322 solet
1371 1258 1609 1343 quaeri,
1655 1281 1739 1323 an
1783 1258 1955 1324 idem
2003 1259 2062 1322 ei
2105 1258 2319 1324 honor

288 1343 621 1408 habendus
661 1343 745 1408 sit
782 1343 896 1429 (sc.
926 1349 999 1408 ut
1034 1346 1103 1410 in
1140 1345 1204 1410 id
1244 1346 1586 1411 damnetur
1613 1347 1782 1430 quod
1811 1346 2024 1412 facero
2051 1344 2316 1434 potest).

290 1430 597 1497 Neratius
634 1433 819 1497 libris
859 1431 1381 1500 Membranarum
1419 1441 1484 1500 et
1514 1434 1822 1501 Proculus
1861 1436 2155 1501 scribunt
2190 1436 2318 1501 hoc

300 1522 544 1586 iustum
590 1543 748 1586 esse.

466 1611 569 1676 52.
634 1609 794 1677 Ibid.
841 1614 881 1692 ξ
924 1613 980 1676 1.
1025 1648 1100 1659 -
1141 1611 1307 1676 Item
1365 1613 1421 1677 si
1475 1614 1708 1678 mulier
1761 1634 1837 1678 ex
1884 1612 2316 1698 promissione

293 1701 739 1778 conveniatur,
793 1701 1001 1786 magis
1056 1701 1300 1786 placuit
1349 1702 1810 1767 defendendam
1857 1724 2003 1766 eam
2048 1723 2164 1785 per
2210 1723 2317 1766 ex-

291 1789 672 1873 ceptionem.
770 1789 941 1853 idem
1001 1793 1066 1854 et
1128 1790 1441 1856 Proculus
1507 1790 1600 1856 ait
1655 1788 1874 1878 [sicuti
1934 1813 2081 1857 cum
2136 1792 2317 1857 socia

290 1877 442 1961 fuit,
524 1877 782 1942 dabitur
859 1879 918 1941 ei
992 1879 1310 1965 exceptio,
1395 1879 1691 1966 quamvis
1766 1881 1902 1945 iure
1977 1879 2155 1945 civili
2229 1879 2320 1944 sit

302 1967 637 2051 obligata}
2326 2006 2332 2017 ‚

471 2057 575 2121 53.
624 2055 704 2121 D.
732 2056 839 2137 45,
872 2058 927 2138 1,
956 2058 1059 2121 21.
1141 2056 1538 2142 Pomponius
1587 2058 1756 2123 libro
1805 2058 2030 2141 quinto
2069 2056 2318 2123 decimo

294 2144 374 2209 ad
431 2143 743 2210 Sabinum
800 2141 899 2232 (P.
938 2141 1117 2231 620).
1161 2180 1250 2192 -
1302 2144 1372 2209 si
1429 2146 1707 2211 divortio
1763 2147 1940 2212 facto
1998 2167 2098 2227 ea,
2157 2166 2328 2229 quae

293 2234 455 2299 nihil
501 2235 571 2299 in
616 2234 763 2299 dote
809 2234 1065 2316 habeat,
1113 2233 1281 2299 dotis
1329 2235 1585 2300 nomine
1632 2240 1891 2301 centum
1940 2235 2078 2299 dari
2122 2235 2324 2317 stipu-

295 2324 481 2404 letur,
530 2322 632 2388 vel
672 2344 835 2407 quae
872 2326 1132 2387 centum
1170 2322 1504 2387 dumtaxat
1539 2324 1798 2409 habeat,
1834 2324 2110 2389 ducenta
2147 2322 2322 2389 dotis

296 2413 556 2477 nomine
604 2411 745 2476 dari
783 2411 1155 2496 stipuletur,
1200 2412 1514 2477 Proculus
1553 2413 1663 2496 ait,
1711 2414 1765 2477 si
1806 2413 2080 2477 ducenta
2117 2413 2322 2495 stipu-

298 2499 468 2565 letur
515 2521 678 2585 quae
726 2504 983 2565 centum
1029 2500 1289 2586 habeat,
1336 2502 1470 2566 sine
1518 2501 1712 2567 dubio
1761 2506 2021 2566 centum
2065 2501 2321 2585 quidem

292 2590 360 2653 in
410 2589 872 2673 obligationem
919 2590 1153 2669 venire,
1200 2591 1332 2655 alia
1378 2594 1595 2656 autem
1637 2595 1894 2656 centum
1935 2591 2186 2655 actione
2223 2591 2319 2654 rei

295 2677 585 2744 απογίιιε1
636 2678 870 2743 deberi.

473 2766 578 2833 54.
615 2766 693 2831 D.
710 2769 816 2851 24,
832 2768 892 2847 3,
912 2769 1083 2851 10,1.
1127 2768 1309 2833 Idem
1331 2763 1879 2854 (sc.Pomponius)
1900 2767 2066 2833 libro
2096 2766 2326 2851 quinto

297 2856 543 2920 decimo
593 2856 672 2919 ad
721 2854 1033 2921 Sabinum
1082 2856 1181 2933 (P.
1210 2858 1389 2941 616).
1439 2892 1524 2903 -—
1574 2855 1638 2920 Si
1687 2856 1786 2921 vir
1832 2878 2096 2921 uxorem
2143 2877 2336 2931 suam·

299 2943 630 3021 occiderit,
675 2946 768 3009 rei
811 2942 1103 3009 uxoriae²
1150 2945 1471 3009 actionem
1519 2945 1861 3010 heredibus
1907 2944 2127 3010 uxoris
2175 2944 2326 3009 dan·

297 3032 443 3097 dam
492 3054 632 3097 esse
676 3031 987 3098 Proculus
1036 3034 1144 3097 ait.

676 3182 771 3239 De
815 3181 1119 3240 donatione
1162 3182 1314 3240 inter
1357 3183 1549 3241 virum
1595 3185 1646 3241 et
1687 3200 1940 3243 uxorem.

476 3280 578 3348 55.
636 3281 713 3346 D.
752 3281 857 3364 24,
898 3283 955 3364 1,
991 3279 1095 3363 31,
1132 3282 1188 3347 7.
1280 3281 1675 3366 Pomponius
1723 3283 1889 3347 libro
1937 3286 2169 3368 quarto
2218 3283 2325 3347 de·

299 3370 464 3437 cimo
522 3370 600 3435 ad
658 3368 967 3436 Sabinum
1024 3368 1123 3457 (P.
1163 3370 1344 3456 601).
1391 3408 1468 3417 -
1533 3370 1718 3449 Quod
1774 3373 2107 3457 legaturus
2163 3370 2324 3437 mihi

446 3516 473 3563 1
517 3510 668 3566 Trib.
709 3508 872 3566 dotis.

442 3587 473 3635 2
517 3582 669 3638 Trib.
707 3582 775 3636 de
814 3582 959 3639 dote.
