2575 3900
648 159 690 213 I.
730 157 1081 212 VETERUM
1119 157 1577 213 SENTENTIAE
1615 160 1708 214 ET
1745 159 1954 215 LIBRI.
2183 161 2314 226 515

295 320 546 388 debitor
626 321 964 404 pecuniam
1046 323 1267 400 solvit,
1354 322 1690 406 utriusque
1763 323 2310 390 demonstratione

295 413 588 474 cessante
654 411 869 492 potior
932 411 1278 475 habebitur
1339 432 1536 476 causa
1594 412 1732 476 eius
1785 413 2094 496 pecuniae
2151 435 2313 498 quae

293 499 412 562 sub
458 496 727 563 infamia
774 499 1057 581 debetur,
1102 522 1253 564 mox
1302 500 1437 565 eius
1487 521 1648 584 quae
1685 521 1963 584 poenam
2009 504 2311 586 continet,

288 587 482 652 tertio
545 610 707 671 quae
765 588 883 653 sub
931 588 1300 673 hypotheca
1346 588 1448 652 vel
1503 589 1769 672 pignore
1815 594 2150 656 contracta
2197 595 2312 658 est.

286 680 437 759 post
499 676 669 740 hune
736 677 1022 741 ordinem
1088 678 1303 761 potior
1364 677 1710 742 habebitur
1781 679 2045 764 propria
2119 703 2312 764 quam

289 765 503 829 aliena
530 787 741 847 causa,
768 766 969 830 veluti
994 765 1413 844 fideiussoriS,
1444 766 1611 851 quod
1643 769 1890 832 veteres
1918 768 2060 833 ideo
2098 768 2312 834 defini-

287 857 487 937 erunt,
552 854 721 938 quod
769 855 1114 919 verisimile
1165 855 1490 919 videretur
1534 855 1910 942 diligentem
1953 857 2311 923 debitorem

286 942 690 1008 admonitum
739 943 833 1008 ita
875 944 1208 1029 negotium
1252 966 1440 1008 suum
1487 948 1822 1029 gesturum
1865 947 2080 1014 fuisse.

745 1131 845 1196 De
888 1131 1265 1213 adquirendo
1311 1151 1519 1195 rerum
1563 1132 1852 1197 dominio.

464 1253 564 1320 53.
612 1255 689 1320 D.
726 1255 833 1338 41,
870 1255 930 1339 2,
982 1256 1037 1338 1,
1080 1255 1179 1321 16.
1240 1254 1483 1320 Paulus
1522 1255 1686 1320 libro
1726 1257 2308 1344 quinquagensimo

290 1345 517 1424 quarto
575 1344 654 1408 ad
711 1344 1006 1409 edictum.
1058 1381 1133 1390 —
1187 1343 1460 1408 Veteres
1508 1348 1897 1428 putaverunt
1940 1369 2072 1411 non
2116 1370 2307 1432 posse

289 1451 836 1584 figlsegffaffsrvum
864 1432 1328 1497 hereditarium
1350 1433 1700 1517 adquirere,
1729 1433 1898 1517 quod
1918 1435 2003 1500 sit
2021 1437 2306 1503 eiusdem

773 1671 873 1736 De
906 1673 1285 1756 possessione
1329 1677 1388 1736 et
1429 1675 1818 1756 usucapione.

457 1795 563 1861 54.
654 1795 734 1862 D.
778 1797 881 1878 41,
930 1797 989 1878 2,
1045 1797 1105 1876 3,
1164 1798 1263 1862 18.
1345 1791 1584 1862 Paulus
1639 1797 1806 1861 libro
1863 1798 2296 1885 quinquagen-

282 1883 446 1950 simo
503 1890 731 1970 quarto
790 1885 869 1953 ad
925 1886 1219 1953 edictum.
1291 1923 1366 1933 —
1438 1884 1506 1952 Si
1570 1907 1704 1952 rem
1761 1887 1931 1971 apud
1989 1891 2056 1954 te
2112 1889 2300 1975 depo·

281 1975 475 2039 sitam
520 1975 680 2039 furti
724 1974 1003 2041 faciendi
1041 1996 1236 2041 causa
1273 1976 1790 2061 contrectaveris,
1835 1977 2059 2043 desino
2097 1981 2304 2062 possi-

281 2063 445 2129 dere.
555 2064 667 2129 sed
741 2065 799 2128 si
872 2086 1013 2129 eam
1087 2066 1230 2130 loco
1305 2087 1436 2130 non
1502 2065 1777 2130 moveris
1842 2069 1907 2130 et
1978 2066 2300 2133 infitiandi

281 2153 569 2217 animum
633 2152 891 2237 habeas,
954 2155 1239 2238 plerique
1308 2160 1597 2219 veterum
1663 2205 1677 2219 .
1717 2205 1728 2217 .
1769 2201 1784 2218 .
1831 2156 2301 2239 responderunt

278 2263 720 2324 possessorem
766 2265 867 2306 me
914 2264 1193 2307 manere.
1223 2292 1236 2307 .
1267 2293 1281 2307 .

456 2352 529 2412 of.
572 2352 653 2431 11,
702 2355 739 2411 2
787 2374 845 2429 p.
884 2356 1029 2413 357.

458 2470 589 2536 55⁸.
645 2471 723 2536 D.
760 2472 910 2537 ibid.
958 2475 997 2553 ξ
1038 2472 1137 2538 19.
1169 2510 1252 2519 -
1283 2524 1296 2537 .
1329 2524 1342 2537 .
1372 2525 1386 2539 .
1433 2496 1473 2537 a
1510 2474 1830 2539 'veteribus
1877 2478 2296 2558 praeceptum

286 2563 411 2642 est,
459 2559 785 2624 neminem
832 2560 956 2625 sibi
1001 2562 1214 2644 ipsum
1262 2584 1526 2627 causam
1572 2563 1999 2645 possessionis
2044 2569 2294 2628 mutare

283 2668 492 2731 posse.

457 2761 590 2829 55¹0.
647 2763 723 2828 D.
780 2766 885 2848 41,
941 2766 1009 2849 2,
1078 2766 1178 2849 19,
1244 2769 1300 2832 1.
1392 2764 1738 2831 Marcellus
1792 2766 1960 2831 libro
2017 2768 2291 2852 septimo

286 2853 531 2917 decimo
586 2852 1025 2939 Digestorum.
1078 2892 1152 2900 —
1204 2904 1217 2919 .
1249 2902 1264 2919 .
1314 2856 1624 2939 scriptum
1681 2858 1779 2920 est
1832 2856 1999 2940 apud
2047 2862 2295 2924 veteres

282 2942 604 3008 neminem
652 2942 776 3007 sibi
826 2965 1085 3009 causam
1131 2944 1578 3028 possessionis·
1603 2966 1791 3029 posse
1837 2948 2104 3013 mutare.

1099 3131 1199 3196 De
1241 3132 1472 3197 itincre.

456 3253 558 3319 56.
625 3253 701 3321 D.
765 3254 871 3339 43,
940 3256 1038 3337 19,
1100 3256 1145 3319 4
1206 3278 1301 3340 pr.
1414 3255 1766 3321 Venuleius
1838 3257 2004 3323 libro
2077 3258 2289 3341 primo

275 3340 791 3408 Interdictorum.
852 3380 927 3390 —
988 3343 1255 3409 Veteres
1317 3346 1704 3410 nominatim
1767 3346 2158 3428 adiciebant,
2222 3348 2295 3408 ut

280 3452 355 3493 ea
418 3453 696 3516 quoque,
760 3454 922 3516 quae
988 3434 1067 3497 ad
1136 3434 1553 3499 refectionem
1615 3434 1805 3499 utilia
1868 3437 2112 3517 essent,
2185 3434 2294 3497 ad-

278 3520 567 3602 portanti
613 3521 709 3584 vis
753 3542 886 3585 non
930 3521 1129 3586 fieret.

1761 3626 1868 3679 33*
