2575 3900
382 180 468 244 26
524 181 618 236 111.
650 179 801 235 GAII
830 180 1122 236 CLAUDII
1142 179 1412 238 NERON.
1435 180 1724 237 GALBAE
1741 180 2172 238 TEMP.1URIS
2193 182 2399 240 CONS.

378 349 578 408 insula
630 350 695 408 in
749 367 867 425 quo
924 349 1277 427 cucurrerit,
1333 367 1489 409 uuus
1543 350 1794 428 quisque
1847 350 2091 410 modum
2133 351 2399 412 fluminis

376 438 621 497 maioris
668 456 988 514 agnoscere
1035 438 1238 516 debet,
1286 442 1349 498 et
1391 458 1523 499 eam
1568 439 1828 499 insulam
1872 439 1999 516 ipse
2047 439 2160 499 sibi
2210 440 2399 500 vindi-

383 526 569 602 cabit,
625 527 795 587 cuius
840 529 1066 586 terram
1110 527 1534 604 tempestative
1577 520 2064 605 praeoccupavit3
2117 529 2402 605 quoniam

379 634 499 676 non
535 615 893 690 possessoris
929 617 1315 694 neglegentia
1351 617 1454 676 sed
1489 617 1870 693 tempestatis
1899 617 2183 676 violentia
2219 637 2402 694 appa-

374 707 470 764 ret
515 698 875 782 abreptum.'

1123 787 1223 853 De
1254 789 1654 872 possessione.

556 913 654 976 17.
709 910 789 977 D.
826 913 934 992 41,
970 914 1031 994 2,
1071 914 1127 994 1,
1155 911 1215 976 5.
1307 911 1552 976 Paulus
1599 912 1770 976 libro
1817 913 2397 998 quinquagensimo

375 1005 605 1086 quarto
653 1001 735 1066 ad
782 1001 1065 1067 edictum
1114 998 1212 1086 (P.
1242 997 1422 1085 657).
1465 1036 1556 1049 -
1602 1051 1616 1064 .
1645 1050 1660 1066 .
1700 1001 2098 1086 adquirimus
2143 1022 2397 1086 posses-

374 1090 622 1156 sionem
666 1111 785 1176 per
831 1111 1089 1154 servum
1134 1093 1247 1154 aut
1282 1089 1507 1173 filium,
1554 1089 1665 1173 qui
1701 1090 1767 1154 in
1802 1094 2128 1174 potestate
2167 1094 2284 1174 est,
2331 1095 2400 1156 et

373 1179 631 1264 quidem
664 1200 902 1243 earum
948 1200 1189 1259 rerum,
1244 1201 1405 1262 quas
1452 1176 1863 1262 peculiariter
1907 1183 2151 1261 tenent,
2195 1179 2397 1244 etiam

368 1269 772 1352 ignorantes,
838 1269 1006 1333 sicut
1066 1265 1308 1332 Sabino
1377 1272 1444 1332 et
1499 1264 1724 1332 Cassio
1762 1317 1777 1331 .
1806 1317 1821 1332 .
1853 1318 1866 1332 .
1902 1268 2178 1352 placuit,
2242 1269 2398 1352 quia

368 1362 595 1422 nostra
640 1357 980 1421 voluntate
1026 1356 1495 1441 intellegantur
1537 1356 1885 1440 possidere,
1931 1357 2043 1442 qui
2080 1356 2171 1422 eis
2206 1378 2399 1440 pecu-

372 1446 532 1511 lium
579 1447 815 1510 habere
862 1445 1363 1530 permiserimus.

984 1640 1040 1696 2.
1100 1636 1195 1694 Ad
1240 1636 1339 1696 ius
1385 1636 1786 1696 honorarium.

896 1745 998 1811 De
1040 1748 1177 1812 iure
1220 1747 1474 1812 domum
1517 1747 1856 1812 revocandi.

548 1860 649 1927 18.
694 1861 771 1926 D.
800 1861 862 1946 5,
893 1861 949 1942 1,
979 1863 1085 1946 24,
1107 1864 1167 1927 2.
1238 1861 1419 1928 Idem
1452 1861 1571 1945 (sc.
1601 1857 1872 1948 Paulus)
1910 1861 2078 1926 libro
2109 1861 2395 1945 septimo

368 1950 615 2016 decimo
664 1951 744 2016 ad
782 1948 1112 2016 Plautium
1160 1950 1257 2034 (P.
1293 1951 1537 2037 12312).
1592 1990 1667 1999 —
1721 2003 1734 2016 .
1764 2000 1780 2015 .
1810 1953 1866 2017 si
1912 1951 2280 2036 postulatur
2324 1953 2398 2016 in

364 2060 500 2103 rem
552 2040 722 2105 actio
771 2039 1079 2105 adversus
1126 2041 1437 2126 legatum,
1485 2040 1793 2125 numquid
1831 2039 2045 2104 danda
2082 2040 2185 2122 sit,
2233 2062 2398 2124 quo-

362 2127 536 2191 niam
578 2149 655 2191 ex
689 2129 1019 2212 praesenti
1055 2129 1462 2214 possessione
1499 2128 1660 2193 haec
1698 2133 1866 2194 actio
1906 2129 2048 2193 est?
2123 2126 2398 2195 Cassius

361 2215 697 2298 respondit
732 2216 825 2279 sic
862 2215 1267 2297 servandum,
1306 2221 1398 2298 ut,
1435 2217 1490 2281 si
1531 2216 1926 2281 subducatur
1955 2216 2398 2282 ministerium

364 2302 441 2386 ei,
486 2324 615 2367 non
668 2303 755 2366 sit
803 2304 1208 2368 concedenda
1255 2304 1446 2384 actio,
1494 2305 1548 2365 si
1595 2325 1746 2369 vero
1795 2326 1874 2369 ex
1920 2305 2145 2369 multis
2186 2306 2393 2370 servis

364 2391 441 2455 de
489 2413 618 2456 uno
668 2401 928 2476 agatur,
974 2414 1101 2456 non
1151 2392 1238 2454 sit
1284 2390 1654 2454 inhibenda.

638 2569 761 2651 Qui
804 2570 932 2634 nisi
966 2589 1085 2650 pro
1130 2569 1311 2633 certis
1345 2568 1629 2649 personis
1671 2587 1748 2631 ne
1784 2568 2111 2649 postulent.

538 2700 609 2759 D.
652 2702 711 2771 3,
751 2702 807 2775 2,
850 2701 882 2757 1
950 2698 1251 2757 Praetoris
1314 2697 1500 2757 verba
1563 2697 1792 2756 dicunt:
1859 2690 1904 2755 ἵ
1945 2740 1959 2755 .
1998 2742 2014 2758 .
2070 2698 2175 2773 qui
2237 2699 2394 2760 artis

357 2789 626 2847 ludicrae
670 2787 1176 2863 pronuntiandive
1223 2804 1407 2845 causa
1449 2785 1514 2843 in
1559 2803 1836 2844 scaenam
1875 2778 2210 2862 prodierit?

540 2906 643 2969 19.
690 2904 767 2971 D.
797 2906 855 2985 3,
884 2906 943 2985 2,
971 2905 1127 2985 4pr.
1198 2902 1521 2986 Ulpianus
1559 2904 1728 2969 libro
1768 2909 1951 2969 sexto
1991 2904 2070 2973 ad
2105 2904 2393 2971 edictum

359 2990 457 3080 (P.
488 2988 699 3079 279b).
751 3030 824 3039 —
876 2992 1183 3055 Athletas
1232 3040 1246 3055 .
1285 3042 1298 3055 .
1348 2988 1622 3056 Sabinus
1678 2998 1744 3057 et
1799 2991 2061 3059 Cassius
2117 3016 2394 3079 respon-

358 3084 591 3147 derunt
654 3080 915 3145 omnino
981 3086 1189 3145 artem
1251 3078 1563 3144 ludicram
1627 3103 1757 3147 non
1822 3080 2060 3166 facere3
2124 3084 2390 3151 virtutis

358 3171 532 3238 enim
579 3169 793 3255 gratia
837 3170 960 3235 hoc
1005 3169 1235 3234 facere.

1038 3336 1131 3394 De
1175 3340 1394 3411 recepto
1441 3338 1700 3395 arbitrio.

534 3446 638 3511 20.
702 3445 781 3509 D.
820 3446 882 3528 4,
919 3446 979 3532 8,
1012 3448 1119 3511 40.
1210 3445 1604 3529 Pomponius
1670 3445 1839 3511 libro
1903 3445 2242 3510 undecimo
2309 3467 2390 3510 ex

356 3532 580 3600 Variis
602 3534 1019 3601 Lectionibus
1040 3534 1139 3620 (P.
1158 3533 1337 3622 832).
1359 3572 1442 3585 -
1466 3533 1730 3599 Arbiter
1750 3535 2031 3601 calendis
2059 3531 2388 3599 Ianuariis
