2575 3900
813 203 862 253 6.
908 196 1328 254 IAVOLENUS
1364 196 1661 254 PRISCUS
2113 198 2245 266 447

400 393 501 460 De
542 396 840 478 emptione
883 396 1224 462 venditione
1267 401 1325 462 et
1365 398 1439 462 de
1482 398 1776 463 mandato
1820 398 2073 462 emendi.

777 517 872 577 De
914 519 1086 591 fundi
1133 519 1355 578 emendi
1398 519 1689 579 mandata

408 626 514 691 37.
557 625 635 691 D.
655 628 828 707 17,1,
849 628 934 693 36
957 649 1051 710 pr.
1114 628 1453 693 Iavolenus
1482 628 1651 693 libro
1680 628 1957 711 septimo
1986 650 2065 692 ex
2093 626 2251 694 Cas·

230 716 348 782 sic.
371 752 452 761 —
475 714 584 800 (D.
611 717 710 799 17,
736 717 790 798 1,
810 716 918 782 35.
963 714 1267 781 Neratius
1285 716 1452 782 libro
1470 718 1695 801 quinto
1712 718 2251 784 Membranarum.

232 803 304 870 Si
356 804 653 887 fundum,
715 806 828 888 qui
883 826 960 869 ex
1017 812 1200 889 parte
1255 810 1406 870 tuus
1463 809 1589 891 est,
1647 804 1946 869 mandavi
1999 805 2123 873 tibi
2176 808 2252 869 ut

229 915 476 959 emeres
513 891 693 976 mihi,
729 916 948 959 verum
987 901 1089 959 est
1123 894 1503 959 mandatum
1538 916 1729 979 posse
1756 893 1851 959 ita
1879 895 2253 976 consistere,

229 986 306 1047 ut
349 982 508 1047 mihi
556 982 783 1048 ceteris
821 983 1120 1066 partibus
1158 983 1506 1067 redemptis
1545 984 1740 1047 etiam
1779 987 1960 1048 tuam
1998 987 2253 1067 partem

231 1075 562 1155 praestare
610 1070 864 1137 debeas,
948 1072 1059 1136 sed
1098 1072 1154 1136 si
1193 1071 1448 1156 quidem
1486 1076 1663 1137 certo
1701 1072 1912 1156 pretio
1950 1071 2254 1137 emendas

231 1181 342 1225 eas
398 1160 866 1243 mandaverim,
919 1161 1421 1243 quanticumque
1478 1162 1752 1226 aliorum
1806 1165 2025 1245 partes
2076 1160 2253 1225 rede·

232 1247 456 1334 meriS,
519 1249 614 1313 sic
673 1254 740 1313 ct
791 1253 903 1313 tua
957 1270 1110 1333 pars
1166 1248 1595 1331 coartabitur,
1658 1253 1733 1314 ut
1785 1272 1913 1314 non
1970 1249 2256 1314 abundet

234 1337 525 1402 mandati
582 1338 1038 1422 quantitatem,
1097 1337 1163 1401 in
1221 1360 1414 1423 quam
1468 1339 1591 1402 tibi
1646 1338 1985 1403 emendum
2040 1342 2254 1403 totum

234 1426 560 1493 mandavi.
606 1425 707 1491 sin
745 1429 962 1491 autem
999 1427 1179 1491 nullo
1217 1430 1392 1491 certo
1424 1427 1633 1511 pretio
1663 1428 2016 1492 constituto
2044 1448 2255 1491 emere

236 1512 358 1580 tibi
405 1516 842 1579 mandaverim
884 1521 1080 1600 tuque
1127 1537 1203 1579 ex
1251 1515 1523 1581 diversis
1567 1513 1793 1599 pretiis
1839 1517 2053 1599 partes
2092 1519 2255 1580 cete-

234 1626 452 1669 rorum
499 1604 869 1686 redemeris,
925 1607 991 1668 ct
1035 1609 1214 1668 tuam
1261 1608 1511 1687 partem
1560 1602 1683 1668 viri
1735 1604 1888 1668 boni
1936 1604 2256 1669 arbitratu

235 1690 575 1757 aestimato
634 1693 839 1775 pretio
895 1691 1037 1757 dari
1095 1690 1408 1786 oportet),
1462 1686 1559 1757 ita*
1608 1698 1679 1757 ut
1730 1713 1935 1758 omnes
1978 1712 2257 1795 summas

233 1782 498 1845 maiores
558 1785 616 1846 et
675 1781 944 1847 minores
1005 1787 1300 1847 coacervet
1358 1787 1417 1846 et
1476 1782 1569 1846 ita
1617 1783 1967 1864 portionem
2028 1782 2085 1846 ei
2148 1779 2257 1863 qui

233 1871 603 1935 mandatum
653 1871 916 1954 suscepit
955 1875 1236 1953 praestet.
1338 1872 1502 1954 quod
1550 1875 1609 1936 et
1650 1872 1927 1974 plerique
1969 1870 2256 1973 probant.

413 1958 614 2026 38.D
619 2008 634 2023 .
662 1958 814 2023 ibid.
843 1962 883 2040 ξ
910 1961 966 2025 1.
996 1997 1080 2006 -
1109 1959 1323 2026 Simili
1357 1961 1534 2026 modo
1570 1966 1628 2025 et
1660 1963 1731 2024 in
1765 1961 1880 2026 illa
1906 1961 2115 2046 specie,
2149 1959 2257 2026 ubi

237 2053 391 2113 certo
455 2051 654 2132 pretio
729 2049 840 2114 tibi
911 2070 1102 2114 emere
1163 2050 1464 2115 mandavi
1524 2055 1582 2114 et
1641 2049 1921 2114 aliarum
1976 2050 2257 2132 partium

236 2138 483 2202 nomine
534 2140 838 2204 commode
881 2140 1188 2221 neyotium
1226 2139 1471 2220 ¹qessisti
1514 2143 1571 2202 et
1614 2139 1802 2205 vilius
1846 2139 2087 2220 emeris,
2131 2139 2256 2220 pro

238 2231 348 2291 tua
398 2231 583 2308 parte
645 2232 887 2292 tantum
951 2228 1063 2293 tibi
1103 2232 1489 2311 praestatur,
1552 2229 1772 2310 quanti
1834 2229 2079 2292 interest
2130 2231 2259 2311 tua,

237 2316 560 2381 dummodo
623 2317 798 2381 intra
859 2318 930 2381 id
978 2318 1276 2399 pretium,
1339 2317 1504 2398 quod
1553 2317 1846 2381 mandato
1900 2317 2255 2381 continetur.

237 2405 389 2486 quid
428 2405 594 2468 enim
635 2407 755 2489 fiet,
797 2407 856 2471 si
899 2407 1114 2488 exiyuo
1150 2406 1349 2486 pretio
1393 2404 1477 2485 hi,
1520 2425 1661 2469 eum
1700 2404 1921 2485 quibus
1956 2405 2068 2469 tibi
2100 2425 2256 2469 eom-

239 2493 450 2558 munis
488 2491 726 2574 fundus
771 2499 919 2576 erat,
963 2515 1092 2559 rem
1129 2493 1360 2558 abicere
1392 2493 1484 2558 vel
1518 2494 1866 2558 necessitate
1898 2494 1989 2558 rei
2019 2493 2232 2575 famili
2235 2499 2258 2539 -’

239 2582 374 2646 aris
421 2581 514 2647 vel
556 2582 691 2647 alia
735 2601 923 2648 eausa
968 2581 1367 2667 coyerentur?
1456 2601 1583 2646 non
1626 2583 1815 2647 etiam
1860 2587 1927 2646 tu
1969 2583 2055 2646 ad
2097 2583 2259 2646 idem

242 2671 633 2752 dispendium
677 2672 1004 2737 deduceris.
1083 2672 1188 2737 sed
1227 2691 1335 2736 nec
1382 2671 1619 2736 lucrum
1664 2671 1778 2735 tibi
1812 2690 1888 2735 ex
1922 2669 2035 2735 hae
2070 2690 2259 2735 eausa

239 2759 581 2861 adquirere
631 2759 827 2843 debes,
887 2781 1025 2825 cum
1076 2760 1443 2824 mandatum
1489 2760 1838 2841 yratuitum
1889 2777 2015 2824 esse
2065 2759 2259 2836 debet‚·

239 2869 429 2929 neque
471 2849 644 2913 enim
689 2848 801 2913 tibi
844 2850 1278 2932 eoncedendum
1314 2853 1404 2914 est
1427 2852 1680 2950 propter
1714 2847 1823 2913 hoe
1856 2848 2261 2913 venditionem

240 2938 550 3091 {ingipedira
545 2939 759 3091 ᾱᾳῖιοά
792 2938 1246 3091 απῖοηοεὶονοοη
1260 2939 1393 3003 eius
1426 2939 1519 3002 rei
1552 2941 1880 3020 emptorem
1916 2957 2039 3003 esse
2071 2957 2261 3020 quam

397 3047 544 3090 man
587 3047 630 3090 a
653 3047 763 3091 um
806 3047 868 3092 es
934 3047 1291 3109 coynoveris.

422 3115 526 3180 39.
580 3114 660 3181 D.
685 3115 836 3180 ibid.
865 3118 906 3196 ξ
934 3115 994 3179 2.
1025 3152 1108 3162 -
1140 3115 1316 3197 Quod
1348 3115 1407 3180 si
1436 3114 1725 3199 fundum,
1769 3116 1878 3198 qui
1906 3137 2019 3198 per
2050 3119 2263 3198 partes

243 3205 429 3282 venit,
485 3206 804 3270 emendum
856 3205 966 3270 tibi
1013 3206 1430 3284 mandassem,
1484 3206 1588 3269 sed
1630 3205 1745 3286 ita,
1790 3210 1862 3269 ut
1910 3225 2036 3270 non
2080 3205 2264 3269 aliter

244 3253 538 3358 mandato
574 3298 797 3373 tenear,
841 3313 1048 3395 quam·
1064 3294 1124 3358 si
1159 3298 1352 3358 totum
1382 3292 1651 3374 fundum
1687 3313 1932 3378 emeres,
1976 3295 2035 3359 si
2071 3298 2264 3358 totum

245 3402 435 3447 emere
487 3402 612 3447 non
656 3384 968 3466 potueris:
1022 3383 1092 3447 in
1135 3382 1427 3465 partibus
1479 3384 1747 3448 emendis
1800 3382 1911 3447 tibi
1956 3383 2263 3485 neyotium

237 3471 564 3557 yesseris,
591 3473 716 3536 sive
783 3471 1068 3538 habueris
1127 3473 1199 3535 in
1261 3491 1327 3536 eo
1376 3471 1572 3550 fundo
1622 3476 1871 3553 partem
1936 3473 2059 3537 sive
2120 3491 2265 3552 non,

245 3564 304 3624 et
354 3536 602 3637 eveniet,
655 3565 729 3624 ut
777 3561 836 3626 is
887 3561 987 3625 eui
1037 3560 1156 3624 tale
1200 3561 1575 3626 mandatum·
1609 3562 1825 3625 datum
1870 3565 1957 3625 est
1992 3557 2262 3642 periculo
