2575 3900
343 171 473 235 502
550 170 615 227 V.
652 170 948 226 NERVAE
985 170 1078 224 ET
1113 170 1421 225 TRAIANI
1454 169 1670 226 TEMP.
1707 168 1897 225 IURIS
1937 167 2311 224 CONSULTI

345 342 608 399 ceterum
644 338 801 398 inter
837 357 938 398 eos
966 339 1068 414 qui
1095 341 1159 397 et
1185 338 1601 415 Epistularum
1628 341 1689 396 et
1716 335 2145 406 Quaestionum
2173 336 2375 396 libros

346 428 676 504 ediderunt,
693 426 1014 487 Africanus
1032 446 1266 505 quoque
1285 425 1689 486 numerandus
1704 431 1812 486 est.
1842 426 1917 484 ef.
1928 425 1993 484 P.
2012 429 2066 485 1.
2080 428 2115 485 2
2126 430 2250 484 —1
2262 428 2303 484 2
2316 429 2371 486 1.

342 517 523 576 huius
578 516 811 594 generis
862 517 1045 576 libros
1099 536 1243 575 num
1287 515 1617 575 Mommsen
1664 513 1727 575 Z.
1764 515 1803 575 f.
1842 512 1965 574 RG.
2002 513 2105 592 IX,
2142 516 2224 574 93
2260 533 2372 593 sq.,

344 605 441 664 cui
495 605 767 683 Krueger
817 626 874 680 p.
919 606 1040 664 132
1109 604 1540 681 adstipulatur,
1603 603 1939 663 scholarum
2004 602 2144 662 usui
2199 607 2369 663 reete

344 694 642 752 attribuat
687 686 1269 772 (‘Aufzeiehnungen
1314 693 1418 752 der
1463 711 1581 752 von
1630 693 1745 752 den
1778 691 2014 751 Horern
2058 691 2368 770 gethanen

345 782 581 858 Fragen
637 782 756 841 und
805 783 909 841 der
953 801 1073 843 von
1117 782 1251 841 dem
1298 781 1523 841 Lehrer
1569 781 1885 841 ertheilten
1929 775 2369 863 Antworten'),

340 871 405 930 in
449 871 674 931 incerto
720 871 1013 947 relinqu0.

526 959 835 1036 Capitibus
895 979 968 1019 ex
1028 960 1156 1018 iure
1219 958 1522 1035 praetorio
1582 958 1912 1034 desumptis
1965 958 2112 1018 iuris
2168 959 2367 1020 civilis

341 1051 634 1126 quaedam
680 1048 888 1108 addita
931 1067 1060 1108 esse
1106 1050 1374 1125 apparet.

1189 1242 1408 1302 Liber
1450 1240 1505 1303 1.

1035 1360 1136 1429 De
1178 1361 1357 1426 rebus
1400 1361 1659 1426 creditis.

521 1478 575 1541 1.
628 1475 708 1541 D.
741 1477 842 1556 12,
873 1477 928 1559 1,
961 1477 1104 1556 1,1.
1195 1475 1515 1560 Ulpianus
1560 1474 1727 1541 libro
1774 1475 2125 1541 vicensimo
2174 1480 2359 1542 sexto

342 1564 419 1630 ad
449 1565 728 1630 edictum
758 1563 856 1652 (P.
888 1563 1062 1652 755).
1092 1602 1176 1610 —
1207 1617 1220 1628 .
1251 1613 1266 1628 .
1298 1613 1313 1628 .
1352 1569 1426 1628 ut
1453 1565 1620 1629 libro
1648 1565 1858 1649 primo
1889 1563 2359 1639 Quaestionum

342 1652 567 1719 Celsus
613 1655 733 1738 ait,
781 1653 1074 1718 credendi
1119 1653 1443 1738 generalis
1490 1653 1840 1738 appellatio
1890 1656 2011 1718 est.

1159 1853 1381 1913 Liber
1424 1852 1534 1912 IV.

444 1974 620 2055 Quod
660 1995 798 2039 cum
842 1994 909 2039 eo
952 1974 1060 2056 qui
1104 1974 1174 2037 in
1217 1974 1428 2039 aliena
1458 1978 1752 2056 potestate
1770 1966 1883 2061 sest
1924 1975 2235 2058 neyotium

995 2067 1229 2145 aestum
1273 2083 1397 2129 esse
1440 2064 1691 2153 dicetur.

518 2176 602 2242 2?
656 2175 735 2241 D.
768 2178 870 2263 14,
897 2178 957 2253 6,
988 2178 1023 2241 7
1048 2199 1141 2261 pr.
1223 2177 1544 2261 Ulpianus
1587 2179 1754 2243 libro
1793 2178 2142 2243 vicensimo
2178 2198 2356 2243 nono

344 2268 425 2334 ad
481 2268 758 2331 edictum
816 2263 914 2352 (P.
943 2264 1158 2353 876b).
1209 2302 1286 2313 —
1339 2317 1353 2333 .
1383 2318 1397 2334 .
1446 2267 1501 2331 si
1556 2266 1728 2332 filius
1780 2266 2061 2331 familias
2106 2266 2359 2332 fideius-

345 2357 526 2441 serit,
578 2353 885 2420 Neratius
941 2356 1106 2420 libro
1161 2356 1372 2440 primo
1429 2359 1495 2420 et
1554 2356 1831 2421 seeundo
1878 2355 2358 2438 Responsorum

345 2466 596 2510 cessare
625 2448 884 2509 senatus
913 2444 1279 2510 consultum
1308 2442 1424 2531 (so.
1442 2441 2000 2529 Macedonianum)
2032 2444 2142 2511 ait.
2188 2443 2360 2509 idem

341 2532 566 2599 Celsus
611 2534 777 2599 libro
824 2538 1072 2619 quarto.

515 2654 700 2715 Lenel
744 2656 1148 2733 fragmentum
1193 2655 1451 2714 fortasse
1495 2654 1960 2731 Responsorum,
2007 2652 2361 2729 neutiquam

339 2744 730 2823 Digestorum
812 2743 983 2803 libris
1067 2742 1516 2802 attribuendum
1599 2761 1730 2802 esse
1800 2745 1996 2819 notat,
2080 2736 2359 2818 ‘quorum

340 2832 496 2892 libro
542 2832 631 2891 IV
685 2832 1036 2891 hereditatis
1090 2830 1306 2906 petitio
1362 2825 1705 2892 tractatur'.
1805 2834 1965 2891 certe
2019 2831 2361 2909 fragmenta

339 2921 462 2979 tria
513 2920 576 2979 in
621 2920 940 2980 Iustiniani
982 2919 1253 2997 Digestis
1309 2919 1451 2980 huie
1506 2919 1918 2980 antecedentia
1963 2939 2035 2979 ex
2083 2918 2357 2989 Quaesti-

347 3027 529 3069 onum
573 3008 742 3069 libris
789 3009 1106 3084 desumpta
1152 3012 1313 3068 sunt.

1153 3204 1369 3264 Liber
1413 3203 1549 3265 XII.

1083 3321 1182 3387 De
1226 3324 1613 3390 testamentis,

521 3436 578 3499 3.
627 3435 705 3499 D.
733 3435 839 3518 28,
865 3432 925 3519 5,
955 3437 1015 3519 9,
1043 3437 1102 3500 2.
1149 3435 1467 3520 Ulpianus
1495 3436 1663 3502 libro
1693 3438 1917 3523 quinto
1942 3438 2020 3503 ad
2044 3435 2360 3503 Sabinum

347 3522 444 3610 (P.
484 3520 742 3610 24600).
797 3559 883 3570 —
940 3574 953 3587 .
994 3574 1008 3589 .
1063 3523 1119 3589 si
1174 3546 1306 3589 non
1360 3526 1427 3589 in
1484 3546 1748 3608 corpore
1802 3527 2068 3611 erravit,
2123 3526 2236 3591 sed
2290 3527 2363 3590 in
