2575 3900
648 166 688 218 I.
728 163 1085 220 VETERUM
1123 163 1582 219 SENTENTLAE
1622 165 1714 220 ET
1749 165 1960 221 LIBRI.
2182 168 2310 232 517

556 385 567 412 ,
702 326 777 392 Si
820 347 1061 393 mensor
1100 327 1338 408 falsum
1380 330 1628 394 modum
1673 329 1916 394 dixerit.

474 444 577 509 63.
632 443 715 509 D.
772 443 874 527 ll,
930 444 988 528 6,
1053 446 1086 509 1
1149 465 1242 527 pr.
1350 443 1670 527 Ulpianus
1735 444 1904 510 libro
1971 445 2313 511 vicensimo

298 535 529 616 quarto
590 533 671 596 ad
728 533 1026 597 edictum.
1078 569 1153 579 —
1203 530 1532 597 Adversus
1589 554 1950 599 mensorem
2011 554 2314 620 agrorum

295 625 555 705 praetor
600 622 671 685 in
711 621 956 685 factum
1004 621 1323 686 actionem
1371 622 1712 706 proposuit
1755 672 1770 687 .
1800 673 1814 687 .
1844 671 1859 688 .
1904 622 2048 686 ideo
2096 626 2313 688 autem

293 709 462 774 hanc
500 709 819 776 actionem
856 708 1216 794 proposuit,
1263 710 1416 794 quia
1451 733 1579 775 non
1621 710 2027 776 crediderunt
2064 716 2313 777 veteres

293 799 462 862 inter
532 800 734 864 talem
805 820 1148 882 personam
1219 797 1608 863 locationem
1683 802 1749 863 et
1822 800 2314 865 conductionem

294 908 451 969 esse,
512 886 625 952 sed
678 889 888 973 magis
946 908 1206 972 operam
1263 887 1556 952 beneficii
1610 889 1750 953 loco
1795 889 2093 972 praeberi
2139 893 2205 953 et
2248 889 2315 954 id

293 977 460 1060 quod
510 977 697 1041 datur
743 977 821 1060 ei,
878 976 959 1041 ad
1013 977 1545 1041 remunerandum
1595 977 1733 1042 dari
1789 980 1854 1041 et
1908 977 2058 1042 inde
2112 977 2311 1042 hono-

293 1065 536 1130 rarium
583 1065 913 1151 appellari.

1108 1153 1504 1219 Commodati.

471 1261 573 1325 64.
629 1260 707 1327 D.
765 1261 868 1345 13,
926 1261 986 1344 6,
1050 1260 1112 1346 5,
1175 1261 1235 1325 9.
1345 1260 1666 1345 Ulpianus
1730 1261 1898 1325 libro
1963 1261 2313 1326 vicensimo

294 1353 522 1414 octavo
589 1350 669 1414 ad
734 1350 1032 1414 edictum.
1102 1385 1179 1396 —
1249 1400 1262 1414 .
1303 1400 1317 1414 .
1356 1399 1370 1414 .
1410 1371 1642 1435 equam
1703 1350 1827 1414 tibi
1891 1349 2315 1436 commodavi,

291 1460 482 1522 quam
546 1438 764 1522 pullus
830 1437 1287 1503 comitabatur:
1355 1438 1548 1502 etiam
1612 1439 1772 1523 pulli
1835 1442 1899 1503 te
1955 1439 2312 1504 custodiam

289 1530 620 1609 praestare
667 1526 897 1591 debere
943 1532 1189 1590 veteres
1235 1526 1717 1610 responderunt.

469 1615 574 1680 65.
621 1613 695 1678 D.
740 1615 892 1681 ibid.
930 1617 969 1696 ἓ
1000 1614 1057 1680 6.
1100 1651 1176 1661 -
1222 1665 1237 1682 .
1266 1627 1304 1680 .’
1331 1637 1415 1680 an
1463 1616 1655 1678 etiam
1701 1614 1992 1680 hominis·
2035 1637 2312 1680 commo-

292 1703 424 1769 dati
480 1703 774 1769 custodia
819 1707 1206 1787 praestetur,
1263 1704 1436 1788 apud
1483 1707 1729 1768 veteres
1777 1704 2147 1769 dubitatum
2195 1710 2312 1770 est.

470 1793 571 1858 66.
647 1792 724 1858 D.
780 1793 931 1857 ibid.
991 1794 1030 1873 ξ
1084 1795 1181 1858 11.
1244 1829 1320 1839 -
1382 1842 1449 1857 ..
1509 1791 1881 1878 videndum,
1945 1793 2014 1858 in
2077 1793 2309 1877 quibus

292 1882 625 1967 speciebus
674 1881 1063 1946 commodati
1111 1882 1279 1946 actio
1327 1882 1539 1947 locum
1582 1881 1838 1947 habeat.
1905 1885 1968 1947 et
2007 1887 2106 1946 est
2142 1883 2311 1967 apud

293 1977 541 2037 veteres
587 1972 664 2036 de
712 1972 901 2036 huius
948 1971 1124 2037 modi
1172 1972 1504 2058 speciebus
1552 1971 1932 2036 dubitatum.

1105 2114 1203 2179 De
1236 2114 1492 2196 peculio.

466 2223 569 2287 67.
634 2221 711 2287 D.
778 2221 879 2305 15,
946 2230 1003 2303 1,
1066 2220 1171 2299 40,
1241 2224 1294 2285 1.
1404 2219 1772 2285 Marcianus
1837 2220 2005 2286 libro
2081 2220 2309 2305 quinto

288 2310 702 2394 Regularum.
745 2344 822 2357 -
864 2307 1199 2384 Quomodo
1239 2360 1253 2374 .
1284 2360 1300 2373 .
1337 2309 1659 2392 peculium
1704 2312 2012 2392 nascitur,
2058 2311 2309 2394 quaesi-

290 2403 433 2462 tum
498 2403 614 2463 est.
706 2404 772 2463 et
836 2399 932 2462 ita
986 2401 1235 2462 veteres
1293 2397 1719 2483 distinguunt,
1775 2400 1828 2462 si
1886 2398 1951 2462 id
2008 2398 2312 2483 adquisiit

294 2507 512 2551 servus
561 2487 729 2570 quod
778 2487 1074 2551 dominus
1121 2508 1379 2550 necesse
1427 2507 1557 2550 non
1603 2486 1803 2551 habet
1849 2490 2199 2571 praestare,
2243 2486 2310 2552 id

291 2596 433 2641 esse
478 2575 819 2661 peculium,
865 2575 920 2639 si
970 2596 1120 2639 vero
1169 2574 1421 2639 tunicas
1460 2578 1573 2639 aut
1609 2574 1848 2659 aliquid
1891 2576 2099 2640 simile
2137 2576 2310 2661 quod

292 2664 351 2728 ei
389 2664 685 2728 dominus
725 2684 983 2729 necesse
1020 2663 1218 2727 habet
1253 2666 1602 2747 praestare,
1639 2685 1768 2728 non
1799 2686 1939 2729 esse
1968 2665 2306 2749 peculium.

982 2805 1081 2870 De
1113 2806 1625 2887 praediatoribus

466 2912 570 2978 68.
618 2911 692 2977 D.
724 2912 829 2995 50,
854 2912 953 2994 16,
972 2913 1057 2977 39
1080 2934 1171 2995 pr.
1238 2912 1477 2977 Paulus
1522 2913 1690 2977 libro
1729 2913 2306 3000 quinquagensimo

288 3002 483 3067 tertio
540 3001 621 3066 ad
677 3002 974 3066 edictum.
1035 3038 1111 3047 —
1174 2999 1632 3087 Subsignatum
1679 3002 1935 3087 dicitur,
1999 3003 2166 3088 quod
2223 3003 2304 3067 ab

291 3091 504 3175 aliquo
562 3091 1013 3173 subsignatum
1070 3094 1197 3173 est3
1266 3112 1421 3155 nam
1484 3093 1734 3156 veteres
1799 3092 2306 3177 subsignationis

291 3180 487 3246 verbo
533 3201 652 3263 pro
701 3179 1137 3263 adscriptione
1183 3178 1281 3243 uti
1329 3179 1641 3245 solebant.

730 3319 855 3401 Qui
894 3320 1321 3402 fraudationis
1363 3342 1554 3388 causa
1600 3323 1879 3389 latitabit.

465 3436 565 3501 69.
614 3436 692 3501 D.
739 3437 845 3519 42,
890 3438 951 3521 4,
1001 3440 1057 3519 7,
1109 3438 1207 3503 13.
1281 3436 1603 3523 Ulpianus
1652 3438 1818 3503 libro
1867 3437 2301 3523 quinquagen-

289 3522 452 3591 simo
525 3545 696 3590 nono
770 3524 848 3589 ad
926 3526 1219 3591 edictum.
1301 3562 1374 3573 -
1452 3577 1466 3592 .
1502 3577 1516 3591 .
1558 3549 1703 3593 eum
1751 3578 1765 3593 .
1803 3577 1817 3593 .
1865 3526 1974 3611 qui
2037 3526 2105 3589 in
2162 3522 2302 3588 foro
