2575 3900
177 199 220 247 1.
240 193 606 249 CARTILIUS.
629 227 696 234 —
728 200 778 247 2.
809 195 976 251 VAR.
995 194 1379 250 LUCULLUS.
1403 227 1469 236 —
1491 203 1539 251 3.
1562 194 1755 251 COCC.
1776 195 2045 252 NERVA.
2112 198 2154 260 5

181 353 417 420 Varium
443 356 783 422 Lucullum
822 357 1165 442 aliquando
1204 357 1551 443 dubitasse,
1598 359 1710 423 sed
1756 360 1966 424 verius
2016 381 2154 424 esse

179 465 288 508 non
321 445 576 530 adquiri,
614 445 873 510 etiamsi
909 450 1185 512 testator
1223 446 1304 511 ad
1340 469 1441 512 me
1469 447 1783 513 voluisset
1818 449 2154 532 pertinere.

446 761 525 842 3.
598 767 694 838 M.
756 767 1194 840 COCCEIUS
1250 768 1587 841 NERVA
1640 768 1735 842 M.
1789 769 1866 840 F.

326 927 399 985 M.
443 927 674 988 Cocceii
717 929 952 989 Nervae
1006 926 1096 1008 (II
1138 933 1170 988 1
1223 952 1280 1007 p.
1320 922 1478 1011 300)
1525 930 1713 1008 filius,
1767 931 1942 1006 pater
1985 948 2154 1006 prae-

173 1015 307 1075 toris
369 1016 661 1094 designati
728 1019 867 1076 anni
925 1020 1004 1078 65
1061 1019 1443 1095 eiusdemque
1507 1021 1719 1095 postea
1781 1018 2159 1095 imperatoris

177 1095 632 1183 (Orelli-Henzen
680 1109 882 1183 5433;
934 1106 1178 1167 Pernice
1223 1108 1465 1184 Encycl.
1511 1127 1566 1183 p.
1610 1101 1784 1185 153),
1829 1107 1978 1165 iuris
2024 1125 2160 1167 con·

179 1193 351 1252 sultus
386 1194 487 1271 qui
522 1199 584 1253 et
621 1196 1031 1271 respondendo
1068 1199 1131 1255 et
1157 1196 1330 1256 libris
1358 1195 1682 1256 scribendis
1711 1214 1954 1271 operam
1981 1195 2161 1272 dedit,

176 1280 257 1338 cui
299 1301 334 1340 a
373 1283 625 1358 posteris
675 1277 898 1344 ‘Nerva
942 1279 1126 1344 filius'
1173 1304 1501 1363 cognomen
1545 1284 1801 1344 inditum
1850 1285 1960 1344 est.

326 1371 395 1430 In
454 1373 766 1433 sententiis
829 1391 978 1450 quae
1040 1374 1394 1450 traduntur,
1458 1377 1698 1433 secutus
1764 1375 1857 1432 est
1919 1370 2164 1430 Ofilium

179 1449 258 1534 (D.
286 1461 382 1535 41,
411 1463 466 1537 2,
499 1463 553 1532 1,
587 1463 624 1519 3
674 1455 911 1520 ‘Ofilius
959 1509 971 1521 .
1003 1507 1016 1520 .
1056 1465 1119 1521 et
1161 1462 1364 1522 Nerva
1409 1462 1571 1520 filius
1621 1505 1634 1520 .
1661 1507 1674 1520 .
1700 1507 1713 1520 .
1761 1453 2006 1539 aiunt’)‚
2050 1461 2164 1520 La·

178 1544 394 1606 beonem
422 1540 876 1628 (D.41,2,3,14
907 1544 1132 1611 ‘Labeo
1161 1554 1225 1610 et
1242 1551 1445 1611 Nerva
1470 1550 1631 1609 filius
1658 1541 2161 1629 responderunt')‚

178 1634 349 1708 ipsum
381 1640 620 1697 secutus
650 1642 741 1698 est
768 1638 1037 1715 Pegasus
1076 1631 1176 1720 (D.
1209 1642 1264 1713 3,
1300 1643 1356 1717 2,
1387 1642 1444 1716 2,
1476 1641 1513 1698 5
1554 1633 1848 1715 ‘Pegasus
1876 1640 1938 1697 et
1964 1637 2165 1697 Nerva

179 1721 312 1784 filius
359 1719 862 1808 responderunt').
951 1727 1235 1787 laudatur
1300 1747 1337 1787 a
1391 1726 1540 1788 Gaio
1604 1727 1772 1788 libris
1829 1727 1901 1785 de
1954 1745 2163 1785 manu-

183 1811 544 1893 missionibuS,
591 1834 628 1875 a
673 1815 966 1875 Venuleio
1013 1816 1184 1876 libris
1223 1815 1709 1893 Stipulationum,
1756 1835 1793 1874 a
1835 1814 2163 1890 Papiniano

183 1899 324 1961 libris
358 1902 800 1982 Quaestionum,
847 1924 884 1966 a
919 1904 1108 1965 Paulo
1149 1907 1210 1965 et
1246 1904 1521 1983 Ulpiano,
1568 1905 1747 1981 idque
1785 1905 1858 1965 ab
1904 1907 2165 1981 utroque

187 1988 327 2051 libris
359 1993 431 2052 ad
467 1994 744 2071 edictum,
783 1994 858 2054 ab
896 1994 1155 2071 Ulpiano
1184 1998 1499 2071 praeterea
1533 1994 1705 2054 libris
1743 1994 1819 2054 ad
1856 1993 2161 2053 Sabinum.

915 2208 962 2265 I.
1025 2209 1410 2284 Responsa.

334 2328 454 2388 Iam
506 2349 692 2391 annos
754 2332 955 2391 decem
1011 2333 1074 2391 et
1127 2335 1357 2407 septem
1412 2334 1521 2391 aut
1564 2332 1747 2407 paulo
1796 2331 1933 2407 plus
1989 2332 2168 2389 natus

197 2405 370 2475 ‘fertur
419 2419 622 2480 Nerva
693 2420 852 2479 filius
925 2424 988 2479 et
1059 2410 1307 2497 publice
1362 2420 1434 2480 de
1506 2420 1637 2479 iure
1693 2410 2167 2496 responsitasse'.

197 2499 253 2560 D.
276 2505 323 2582 3,
351 2510 400 2583 1,
431 2511 484 2584 1,
515 2510 551 2567 3
603 2508 736 2583 Ulp.

985 2607 1073 2662 De
1107 2608 1335 2677 nuptiis.

343 2717 390 2777 1.
433 2714 508 2781 D.
539 2716 600 2797 3,
630 2715 690 2792 2,
718 2715 778 2797 2,
806 2714 866 2780 5.
958 2714 1273 2801 Ulpianus
1321 2716 1490 2780 libro
1540 2718 1719 2780 sexto
1768 2712 1846 2778 ad
1894 2711 2170 2776 edictum

202 2791 275 2881 (Ρ.
299 2800 484 2889 279⁸).
534 2841 610 2851 —
661 2803 794 2868 Eos
843 2854 856 2869 .
885 2853 902 2868 .
949 2807 1058 2889 qui
1114 2809 1419 2891 quaestus
1467 2826 1656 2870 causa
1700 2802 1769 2868 in
1816 2801 2171 2868 certamina

202 2884 566 2972 descendunt,
625 2900 691 2957 et
746 2914 969 2958 omnes
1022 2899 1287 2981 propter
1342 2894 1701 2979 praemium
1756 2892 1827 2958 in
1873 2913 2170 2957 scaenam

203 2977 545 3145 ξέἓὲἓιὲξὲἰῖ
595 2987 880 3047 famosos
936 3004 1076 3047 esse
1122 2982 1408 3068 Pegasus
1465 2986 1531 3048 et
1576 2980 1791 3047 Nerva.
1847 2980 2017 3045 filius
2069 3002 2166 3045 re-

931 3173 1020 3228 De
1051 3176 1396 3243 possessione.

340 3282 390 3346 2.
451 3283 528 3347 D.
565 3284 673 3367 41,
700 3283 762 3367 2,
789 3283 852 3367 3,
882 3283 986 3348 17.
1075 3282 1316 3348 Paulus
1371 3283 1536 3347 libro
1595 3281 2171 3367 quinquagensimo

210 3372 385 3446 quarto
429 3371 509 3437 ad
555 3372 836 3437 edictum
883 3370 978 3458 (P.
1009 3368 1214 3459 568⁰).
1267 3408 1343 3418 —
1390 3370 1605 3436 Labeo
1643 3375 1710 3437 et
1745 3368 1963 3436 Nerva.
1996 3369 2169 3434 filius

211 3459 622 3538 responderunt
668 3460 952 3525 desinere
999 3482 1101 3525 me
1146 3460 1475 3545 possidere
1523 3480 1668 3524 eum
1704 3458 1939 3543 locum,
1983 3478 2171 3540 quem

214 3538 394 3612 flumen
437 3553 549 3614 aut
595 3571 772 3614 mare
820 3549 1244 3633 occupaverit.
