2575 3900
362 190 491 256 278
567 190 632 244 V.
668 189 967 244 NERVAE
1004 190 1101 245 ET
1139 189 1445 244 TRAIANI
1481 189 1696 245 ΤΕΜΡ.
1730 191 1922 246 IURIS
1961 190 2315 247 CONSULTI

366 353 539 437 apud
598 356 998 438 sequestrum
1055 353 1397 438 deponitur
1449 375 1567 418 res.
1666 375 1816 418 nam
1874 355 1932 418 si
1985 353 2382 420 omittendae

362 442 792 526 possessionis
865 439 1112 525 causa¹,
1185 441 1268 506 ad
1330 441 1788 526 usucapionem
1850 443 2174 527 possessio
2239 444 2379 509 eius

364 529 655 616 partibus
720 552 850 595 non
912 528 1313 614 procederet3
1379 534 1449 596 at
1513 531 1568 595 si
1631 530 1963 596 custodiae
2021 552 2217 596 causa
2269 532 2381 596 de-

360 621 668 702 ponatur,
734 619 813 683 ad
876 618 1336 702 usucapionem
1401 639 1544 683 eam
1606 620 2084 703 possessionem
2148 619 2382 685 victori

359 706 701 791 procedere
746 711 1018 774 constat.

542 814 669 879 12⁴?
709 813 786 878 D.
810 809 923 896 16,
920 813 992 899 3,
1015 814 1117 878 10.
1189 812 1476 878 Iulianus
1503 813 1670 878 libro
1700 814 1976 878 secundo
2006 835 2084 878 ex
2111 811 2377 880 Minicio

361 899 457 987 (P.
489 898 667 988 853).
705 937 788 948 —
828 863 938 988 (D.
970 864 1072 985 16,
1100 901 1160 984 3,
1188 901 1228 966 9
1274 901 1513 966 Paulus
1558 902 1599 966 1.
1626 899 1822 967 XVII
1867 902 1945 967 ad
1983 901 2078 967 ed.
2150 902 2228 967 In
2267 902 2373 967 de·

356 989 556 1074 positi
620 991 873 1056 act-ione
938 990 995 1055 si
1058 1011 1174 1054 ex·
1197 989 1375 1056 facto
1439 990 1726 1056 defuncti
1779 995 2012 1074 agatur
2067 989 2376 1056 adversus

354 1100 552 1144 unum
617 1101 694 1143 ex
755 1079 1047 1164 pluribus
1111 1077 1483 1161 heredibus,
1554 1100 1673 1165 pro
1737 1083 1922 1164 parte
1984 1077 2378 1144 hereditaria

356 1189 546 1253 agere
603 1168 829 1252 debe03
894 1167 949 1231 si
1010 1188 1158 1232 vero
1214 1189 1291 1232 ex
1347 1188 1462 1232 suo
1519 1167 1778 1251 delicto,
1835 1189 1952 1252 pro
2004 1171 2188 1251 parte
2243 1190 2377 1233 non

355 1277 480 1341 ago
530 1306 578 1321 ..
604 1254 650 1341 .)
725 1277 843 1320 nec
880 1255 1182 1320 adversus
1222 1255 1564 1322 coheredes
1601 1255 1756 1340 eiuS,
1801 1255 1910 1340 qui
1946 1254 2095 1322 dolo
2136 1262 2376 1340 carent,

356 1343 632 1430 depositi
682 1346 849 1409 actio
898 1343 1224 1428 competit.

537 1451 663 1515 13⁸.
709 1448 786 1514 D.
813 1451 911 1530 14,
932 1451 991 1533 2,
1012 1450 1071 1515 8.
1134 1449 1424 1514 Iulianus
1469 1448 1636 1513 libro
1677 1449 1952 1514 secundo
1991 1470 2068 1514 ex
2103 1448 2373 1516 Minicio

351 1535 449 1625 (P.
489 1536 699 1625 85712).
752 1575 841 1586 —
895 1499 1019 1615 'Qui
1084 1538 1389 1603 levandae
1450 1539 1637 1602 navis
1694 1537 1908 1622 gratia
1959 1559 2063 1602 res
2117 1538 2371 1623 aliquas

353 1628 703 1710 proiciant,
757 1649 887 1692 non
940 1626 1106 1692 hanc
1153 1630 1436 1691 mentem
1480 1623 1768 1708 habere',
1830 1631 1902 1690 ut
1947 1648 2053 1691 eas
2099 1648 2218 1711 pro
2266 1627 2373 1692 de-

349 1716 578 1780 relicto
624 1715 924 1799 habeant,
970 1715 1205 1816 quippe
1252 1716 1307 1779 si
1347 1715 1708 1780 invenerint
1745 1736 1872 1798 eas,
1919 1715 2247 1780 ablaturos
2289 1723 2372 1800 et,

354 1803 412 1867 si
466 1802 776 1886 suspicati
821 1803 1088 1887 fuerint,
1143 1802 1208 1866 in
1257 1825 1444 1887 quem
1490 1805 1701 1868 locum
1748 1803 1987 1867 eiectae
2035 1808 2210 1884 sunt,
2269 1826 2370 1868 re-

352 1891 723 1976 quisituros,
752 1896 823 1956 ut
848 1892 1113 1976 perinde
1142 1891 1273 1957 sint
1293 1888 1502 1981 (sim),
1531 1912 1606 1957 ac
1635 1892 1689 1955 si
1719 1892 1860 1977 quis
1892 1912 2081 1957 onere
2106 1913 2369 1976 pressus

351 1981 420 2043 in
476 1980 645 2043 viam
702 2002 837 2044 rem
895 1981 1201 2046 abiecerit
1254 2002 1404 2045 mox
1459 2003 1602 2046 cum
1651 1981 1796 2045 aliis
1843 2001 2241 2060 reversurus,
2297 1985 2372 2046 ut

353 2068 620 2147 eandem
667 2068 963 2133 auferret.

535 2169 665 2239 13¹³.
714 2172 788 2239 D.
817 2175 923 2255 41,
955 2176 1012 2257 7,
1043 2176 1099 2239 7.
1162 2173 1339 2239 Idem
1377 2171 1493 2261 (sc.
1519 2172 1839 2260 Iulianus)
1884 2174 2050 2241 libro
2089 2175 2370 2241 secundo

350 2283 427 2325 ex
473 2260 737 2326 Minicio
784 2262 882 2348 (P.
907 2224 1114 2348 '85'72).
1166 2299 1240 2310 -
1295 2261 1363 2327 Si
1419 2263 1561 2348 quis
1611 2284 1855 2329 merces
1903 2285 1980 2328 ex
2024 2285 2190 2329 nave
2237 2265 2370 2329 iac-

349 2353 519 2414 tatas
565 2351 935 2435 invenisset,
980 2372 1133 2414 num
1180 2351 1323 2415 ideo
1370 2372 1718 2435 usucapere
1763 2372 1896 2417 non
1938 2351 2165 2435 possit,
2213 2353 2368 2437 quia

350 2459 480 2502 non
533 2438 901 2504 viderentur
965 2439 1332 2523 derelictae,
1397 2441 1740 2524 quaeritur.
1841 2446 1943 2505 sed
2006 2445 2207 2506 verius
2278 2449 2371 2507 est

350 2550 487 2590 eum
532 2552 639 2609 pro
687 2533 973 2593 derelicto
1021 2551 1349 2610 usucapere
1393 2551 1511 2593 non
1557 2552 1747 2610 posse.

1088 2719 1189 2787 De
1231 2722 1634 2787 servitutibus.

534 2844 657 2908 14‘?
703 2844 782 2908 D.
801 2845 859 2927 8,
883 2845 943 2929 2,
963 2845 1065 2909 22.
1139 2844 1426 2909 Iulianus
1466 2845 1634 2911 libro
1674 2844 1950 2910 secundo
1990 2868 2065 2910 ex
2099 2844 2368 2913 Minicio

352 2928 450 3030 (P.
491 2930 668 3015 850).
722 2968 793 2977 —-
843 2894 971 3008 'Qui
1026 2932 1383 2997 aedificium
1439 2932 1665 3014 habet,
1718 2937 1937 3016 potest
1989 2935 2368 3001 servitutem

346 3017 561 3082 vicino
603 3020 950 3104 imponere,
998 3026 1071 3085 ut
1110 3043 1242 3085 non
1281 3022 1487 3085 solum
1527 3021 1603 3085 de
1640 3021 1745 3086 his
1784 3021 2156 3108 luminibus,
2204 3046 2368 3109 quae

346 3105 414 3168 in
475 3109 835 3188 praesentia
899 3113 1112 3191 erunt,
1179 3108 1287 3173 sed
1354 3110 1549 3173 etiam
1615 3109 1692 3173 de
1754 3110 1856 3174 his
1919 3132 2080 3194 quae
2134 3118 2368 3196 postea

345 3192 606 3277 fuerint,
652 3201 894 3261 caveat.

527 3246 652 3347 16?
700 3282 776 3349 D.
798 3285 856 3366 8,
873 3286 934 3366 2,
954 3284 1056 3349 34.
1138 3284 1424 3349 Iulianus
1461 3285 1625 3350 libro
1667 3286 1943 3352 secundo
1982 3308 2059 3352 ex
2098 3285 2364 3356 Minicio

495 3480 519 3525 1
568 3473 715 3528 Trib.
753 3476 953 3529 adiecit
988 3477 1048 3529 et
1082 3476 1190 3529 hoc
1227 3490 1361 3543 aper
1335 3477 1418 3529 rte
1455 3474 1624 3531 fuerit
1659 3476 2048 3547 approbatum.

488 3548 519 3595 2
563 3544 714 3599 Trib.
751 3544 1031 3613 proiciunt
1066 3576 1131 3585 -
1171 3544 1398 3598 habent.
