2575 3900
387 195 519 260 524
1119 197 1674 252 ADDITAMENTA.

394 360 736 444 pecuniam
787 360 1010 424 statim
1048 363 1598 445 consumpturum,
1645 381 1867 426 servos
1906 361 1990 426 ab
2019 382 2095 426 eo
2125 362 2419 445 emisset,

389 449 686 533 plerique
745 449 1217 535 responderunt
1283 470 1430 514 eum
1492 448 1697 514 nihilo
1761 451 1972 515 minus
2038 451 2211 516 bona
2285 450 2416 514 fide

393 541 749 622 emptorem
796 559 951 603 esse.

566 650 640 710 cf.
686 647 825 709 Vat.
874 649 947 707 fr.
999 652 1054 708 1.

1057 810 1151 868 De
1197 814 1444 883 emptore
1489 811 1748 870 liberate.

569 920 673 985 26.
766 917 845 985 D.
898 919 1004 998 46,
1061 919 1121 1004 3,
1177 919 1281 1003 34,
1337 919 1394 984 5.
1488 919 1668 984 Idem
1715 918 1829 1007 (se.
1875 918 2198 1008 Iulianus)
2245 921 2418 987 libro

393 1008 976 1094 quinquagensimo
1036 1013 1267 1093 quarto
1323 1006 1761 1093 Digestorum.
1805 1045 1892 1056 —-
1939 1061 1952 1074 .
1983 1058 1997 1074 .
2044 1032 2190 1075 cum
2241 1010 2419 1095 fugi-

390 1096 589 1180 tivus,
637 1098 747 1182 qui
794 1119 911 1180 pro
959 1097 1169 1163 libero
1217 1119 1284 1162 se
1332 1099 1616 1183 gerebat,
1669 1119 1808 1162 rem
1851 1099 2266 1181 vendidisset,
2317 1121 2415 1163 re-

391 1207 704 1270 sponsum
768 1189 868 1250 est
932 1190 1255 1273 emptores
1321 1186 1598 1273 fugitivo
1665 1187 1987 1252 solventes
2045 1210 2083 1252 a
2144 1187 2414 1254 domino

390 1274 705 1340 liberatos
751 1296 883 1339 non
930 1296 1085 1340 esse.

858 1432 982 1516 De,
1000 1436 1237 1516 nuptiis
1281 1441 1339 1500 et
1381 1438 1454 1500 de
1496 1437 1636 1500 iure
1679 1437 1929 1501 dotium.

569 1550 671 1615 27.
720 1548 797 1614 D.
846 1551 950 1635 23,
988 1551 1047 1629 2,
1094 1550 1153 1615 6.
1200 1548 1526 1634 Ulpianus
1573 1551 1744 1615 libro
1791 1549 2127 1635 trigesimo
2177 1551 2408 1634 quinto

389 1638 467 1704 ad
512 1637 841 1703 Sabinum.
881 1676 963 1685 —
1002 1687 1018 1703 .
1048 1690 1062 1704 .
1093 1689 1107 1702 .
1154 1661 1301 1703 eum
1331 1640 1439 1724 qui
1470 1640 1803 1705 absentem
1843 1639 2090 1723 accepit
2117 1659 2408 1722 uxorem,

390 1728 617 1792 deinde
665 1727 914 1792 rediens
945 1750 983 1792 a
1012 1750 1172 1793 cena
1208 1729 1392 1793 iuxta
1429 1727 1714 1792 Tiberim
1753 1728 2045 1813 perisset,
2084 1729 2167 1792 ab
2208 1751 2410 1794 uxore

390 1817 744 1901 lugendum
792 1838 1173 1901 responsum
1222 1820 1337 1882 est.

562 1929 631 1988 of.
681 1927 714 1987 I
802 1976 814 1989 .
865 1931 1009 1990 273.

563 2040 666 2104 28.
713 1948 799 2103 DI?
840 2040 944 2121 23,
989 2041 1050 2123 3,
1096 2041 1181 2105 48
1204 2062 1300 2123 pr.
1345 2039 1524 2104 Idem
1570 2041 1685 2127 (sc.
1724 2039 2048 2125 Iulianus)
2093 2039 2263 2106 libro
2315 2064 2414 2105 se-

387 2127 593 2193 cundo
634 2128 714 2192 ad
752 2127 1054 2193 Urseium
1091 2128 1417 2193 Ferocem.
1449 2164 1540 2175 -
1575 2129 1716 2194 Tali
1754 2129 1928 2194 faeta
1964 2128 2412 2213 stipulatione:

389 2217 631 2281 ‘decem
678 2217 745 2279 in
794 2238 961 2281 anno
1009 2219 1303 2303 proximo
1354 2217 1523 2283 dotis
1569 2218 1828 2282 nomine
1875 2217 2025 2283 dare
2063 2216 2411 2302 spondes?

385 2306 749 2391 quaesitum
780 2310 896 2384 est,
926 2329 1127 2370 annus
1159 2329 1235 2370 ex
1264 2328 1391 2391 quo
1419 2311 1711 2391 tempore
1749 2312 1921 2371 esset
1954 2308 2410 2389 numerandus,

389 2399 604 2459 utrum
671 2417 747 2459 ex
804 2394 902 2459 die
970 2396 1411 2478 stipulationis
1467 2396 1678 2460 factae
1725 2418 1809 2459 an
1856 2418 1932 2459 ex
1989 2417 2063 2460 eo
2112 2396 2235 2479 die,
2281 2418 2407 2482 quo

387 2484 505 2548 dos
570 2505 711 2548 esse
776 2484 1124 2567 potuisset,
1185 2484 1248 2548 id
1307 2487 1407 2547 est
1455 2486 1846 2569 nuptiarum.
1912 2488 1978 2549 et
2030 2506 2408 2569 responsum

386 2577 486 2637 est
541 2594 618 2636 ex
675 2572 774 2636 die
824 2573 1197 2656 nuptiarum
1260 2594 1503 2637 annum
1560 2595 1701 2637 esse
1746 2573 2268 2657 numerandumss
2313 2596 2408 2658 ne,

385 2663 440 2726 si
489 2662 676 2725 aliter
724 2662 1229 2741 observaremus,
1277 2662 1333 2725 si
1380 2662 1556 2727 intra
1603 2684 1843 2727 annum
1888 2662 2150 2747 nuptiae
2197 2663 2408 2729 factae

384 2772 517 2817 non
565 2751 714 2834 sint,
759 2750 960 2814 videri
1006 2751 1217 2835 possit
1263 2750 1380 2815 dos
1430 2773 1508 2815 ex
1554 2773 1630 2815 ea
1676 2751 2074 2835 obligatione
2114 2750 2408 2832 deberi?]

562 2841 668 2905 29.
752 2839 828 2903 D.
894 2839 1006 2923 50,
1069 2840 1179 2923 16,
1250 2840 1395 2905 171.
1497 2839 1892 2923 Pomponius
1973 2840 2142 2905 libro
2229 2845 2409 2905 sexto

386 2927 635 2994 decimo
684 2930 761 2993 ad
813 2926 1138 2993 Sabinum.
1189 2964 1272 2976 -—-
1312 2928 1692 2993 Pervenisse
1739 2928 1818 2994 ad
1864 2932 1929 2994 te
1967 2933 2137 2993 reete
2175 2929 2410 2995 dieitur

390 3017 560 3101 quod
616 3040 732 3100 per
788 3021 851 3081 te
909 3016 988 3081 ad
1047 3018 1248 3081 alium
1295 3018 1678 3101 pervenerit,
1732 3023 1807 3082 ut
1851 3018 1918 3081 in
1962 3016 2328 3083 hereditate
2375 3039 2412 3081 a

383 3105 620 3170 liberto
648 3128 760 3189 per
798 3111 1145 3189 patronum
1179 3106 1390 3171 filium
1429 3106 1708 3172 familias
1737 3106 1910 3191 patri
1937 3106 2072 3172 eius
2104 3106 2409 3191 adoptivo

385 3194 712 3277 adquisita
758 3215 1140 3278 responsum
1191 3199 1308 3261 est.

1210 3354 1312 3420 De
1357 3356 1568 3422 tutelis.

563 3470 667 3535 30.
734 3468 810 3533 D.
878 3470 992 3549 31,
1055 3472 1142 3535 45
1164 3493 1257 3553 pr.
1329 3471 1503 3535 Idem
1567 3468 1680 3557 (so.
1747 3467 2176 3557 Pomponius)
2243 3471 2409 3537 libro

386 3564 615 3624 octavo
674 3558 751 3622 ad
810 3556 1119 3633 Quintum
1174 3559 1477 3623 Mucium.
1533 3596 1618 3607 —
1835 3559 1890 3623 si
1946 3559 2040 3623 ita
2093 3560 2410 3645 seriptum
