2575 3900
1048 176 1100 227 4.
1137 170 1498 227 PLAUTIUS
2154 170 2285 237 235

252 336 421 401 hora
498 335 766 401 cottidie
834 335 1209 399 servitutem
1272 334 1515 400 habeat
1579 332 1694 421 (sc.
1747 332 1950 420 quis),
2022 332 2281 400 Servius

254 424 484 491 scribit
535 423 801 509 perdere
858 445 1003 488 eum
1057 444 1188 488 non
1242 424 1482 489 utendo
1539 424 1947 508 servitutem,
2011 424 2163 509 quia
2214 424 2282 489 id

254 512 431 600 quod
476 513 679 578 habet
724 511 1149 578 cottidianum
1195 512 1297 577 sit.

433 602 538 668 50.
593 600 675 666 D.
712 601 772 686 8,
810 601 869 685 3,
907 600 1009 666 35.
1100 600 1342 665 Paulus
1399 601 1568 666 libro
1625 602 1851 687 quinto
1903 600 2151 667 decimo
2200 602 2282 667 ad

251 691 586 759 Plautium
648 686 753 777 (P.
792 690 1013 775 1212).
1058 726 1143 736 —
1189 738 1205 754 .
1234 740 1249 754 .
1278 696 1347 755 et
1389 688 1737 755 Atilicinus
1801 691 1896 755 ait
1939 687 2282 756 Caesarem

251 778 517 846 Statilio
562 779 776 844 Tauro
823 778 1231 863 rescripsisse
1276 778 1347 842 in
1391 779 1550 845 haec
1595 779 1821 844 verba:
1869 777 1999 862 Ἧί,
2045 780 2156 863 qui
2204 801 2283 844 ex

250 869 453 933 fundo
504 866 768 933 Sutrino
816 890 1052 951 aquam
1096 866 1327 933 ducere
1375 868 1556 934 soliti
1603 872 1782 952 sunt,
1834 868 2132 933 adierunt
2177 890 2280 933 me

249 960 855 1043 proposueruntque
922 978 1184 1040 aquam,
1251 978 1380 1040 qua
1441 979 1557 1041 per
1613 956 1860 1041 aliquot
1915 978 2120 1022 annos
2178 956 2282 1022 usi

251 1050 406 1111 sunt
461 1067 538 1110 ex
591 1045 799 1128 fonte,
857 1046 965 1129 qui
1017 1050 1115 1109 est
1160 1046 1230 1108 in
1276 1045 1476 1110 fundo
1524 1043 1820 1129 Sutrino,
1875 1045 2102 1111 ducere
2149 1068 2280 1110 non

249 1135 545 1221 potuisse
600 1133 786 1217 <se>,
840 1133 1009 1217 quod
1055 1133 1202 1198 fons
1251 1135 1638 1218 exaruisset,
1691 1138 1758 1199 et
1801 1137 2032 1219 postea
2077 1156 2156 1199 ex
2201 1156 2278 1200 eo

249 1224 434 1289 fonte
489 1244 724 1310 aquam
780 1222 977 1287 fluere
1032 1222 1351 1307 coepisse,
1411 1224 1865 1309 petieruntque
1921 1245 1961 1287 a
2015 1244 2148 1309 me,
2206 1228 2281 1288 ut

250 1313 424 1399 quod
489 1312 589 1376 ius
655 1333 789 1376 non
849 1311 1267 1397 neglegentia.
1323 1316 1436 1377 aut
1490 1312 1680 1395 culpa
1735 1334 1853 1377 sua
1907 1312 2281 1397 amiserant,

250 1402 364 1466 sed
395 1400 545 1485 quia
573 1400 801 1465 ducere
828 1404 969 1465 non'
985 1404 1310 1483 poterant,
1337 1400 1440 1465 his
1467 1401 1940 1466 restitueretur.
2006 1422 2280 1485 quorum

250 1490 416 1555 mihi
450 1489 808 1575 postulatio
848 1510 994 1553 cum
1030 1510 1162 1553 non
1196 1489 1422 1573 iniqua
1457 1488 1600 1555 visa
1637 1490 1740 1572 sit,
1781 1490 2280 1555 succurrendum

246 1580 353 1645 his
416 1578 657 1663 putavi.
766 1578 986 1661 itaque
1052 1577 1222 1661 quod
1284 1579 1386 1642 ius
1448 1578 1818 1643 habuerunt
1880 1582 2062 1663 tunc,
2131 1600 2278 1644 cum

247 1667 532 1752 primum
587 1688 662 1731 ea
717 1688 885 1749 aqua
931 1667 1265 1750 pervenire
1313 1667 1392 1731 ad
1440 1688 1550 1731 eos
1596 1688 1727 1732 non
1771 1667 2016 1751 potuit,
2071 1666 2138 1731 id
2185 1667 2277 1732 eis

247 1756 511 1822 restitui
556 1752 811 1841 placet?

427 1845 531 1910 51.
585 1842 664 1909 D.
701 1844 805 1925 39,
843 1845 903 1926 3,
942 1845 1044 1924 17,
1081 1844 1138 1909 2.
1231 1843 1472 1909 Paulus
1529 1843 1697 1909 libro
1745 1843 1972 1928 quinto
2021 1844 2272 1910 decimo

246 1934 329 2000 ad
382 1933 715 2000 Plautium
769 1930 866 2017 (P.
910 1930 1129 2018 1215).
1190 1969 1269 1980 --
1326 1930 1456 1998 Via
1519 1931 1778 2018 publica
1830 1933 2271 2000 intercedente

247 2024 525 2089 haustus
572 2021 949 2088 servitutem
994 2022 1308 2087 constitui
1351 2044 1544 2108 posse
1589 2022 1854 2106 placuit.

821 2242 877 2299 2.
942 2240 1049 2299 Ad
1094 2239 1207 2300 ius
1254 2240 1715 2315 praetorium.

742 2361 755 2372 ’
794 2364 889 2424 De
922 2367 1117 2440 pactis
1161 2368 1214 2424 et
1258 2365 1734 2424 conventionibus.

427 2464 556 2530 52⁶?
607 2465 681 2530 D.
710 2467 771 2549 2,
806 2466 903 2544 14,
932 2467 1033 2532 32.
1109 2465 1350 2530 Paulus
1386 2464 1552 2528 libro
1589 2465 1783 2530 tertio
1821 2464 1903 2528 ad
1940 2465 2268 2530 Plautium

250 2555 351 2638 (P.
387 2551 607 2642 1092).
650 2591 727 2602 -
770 2553 955 2631 Quod
995 2555 1236 2619 dictum
1273 2556 1396 2638 est,
1440 2553 1496 2616 si
1533 2574 1680 2618 cum
1717 2574 1828 2617 reo
1864 2558 2131 2636 pactum
2169 2555 2273 2638 sit,

247 2650 324 2709 ut
392 2665 525 2708 non
602 2647 891 2727 petatur,
964 2641 1327 2708 fideiussori
1399 2662 1651 2725 quoque
1725 2645 2088 2725 competere
2161 2663 2269 2706 ex-

247 2733 637 2815 ceptionem,
691 2737 959 2815 propter
1002 2731 1098 2795 rei
1142 2751 1489 2815 personam
1534 2730 1805 2815 placuit,
1851 2751 1934 2794 ne
1982 2730 2275 2796 mandati

249 2821 489 2886 iudicio
526 2821 966 2886 conveniatur.

954 2932 1047 2992 De
1079 2931 1580 3006 procuratoribus.

430 3032 536 3098 53.
583 3032 658 3097 D.
689 3032 750 3116 3,
778 3033 840 3112 3,
870 3033 973 3099 61.
1045 3013 1225 3096 Idem
1272 3031 1388 3118 (sc.
1427 3027 1696 3118 Paulus)
1741 3029 1908 3097 libro
1945 3033 2154 3116 primo
2195 3033 2274 3098 ad

246 3121 582 3186 Plautium
638 3118 739 3206 (P.
782 3120 1001 3205 1074).
1057 3157 1142 3168 -
1198 3119 1493 3186 Plautius
1559 3122 1682 3185 ait.
1755 3120 2276 3205 procuratorem¹

247 3211 626 3275 damnatum
694 3231 826 3274 non
890 3197 1122 3275 debere
1195 3209 1552 3289 conveniri,
1624 3208 1754 3274 nisi
1817 3214 1930 3274 aut
1996 3211 2066 3275 in
2137 3233 2274 3276 rem

250 3321 441 3364 suam
480 3299 669 3363 datus
718 3301 891 3363 esset
936 3303 1048 3363 aut
1086 3299 1433 3383 optulisset
1469 3320 1556 3383 se,
1601 3320 1748 3364 cum
1785 3299 1978 3364 sciret
2017 3305 2274 3365 cautum

248 3409 383 3453 non
429 3409 588 3470 esse,
635 3387 935 3452 omnibus
981 3387 1243 3471 placuit.

395 3550 423 3599 1
464 3544 634 3600 Lenel
670 3544 1040 3616 ‘coqnitorcm’
1082 3545 1249 3614 leqere
1282 3543 1417 3612 vult,
1453 3544 1547 3599 sed
1579 3544 1678 3600 vix
1712 3545 1847 3600 iure.
