2575 3900
986 175 1444 236 7.PRocULUs
2094 169 2218 244 113

204 369 245 408 a
285 348 545 408 Proculo
592 348 803 407 editos
828 367 969 428 esse
1000 348 1141 407 licet
1181 347 1460 407 conicere.
1543 352 1700 408 certe
1739 339 1811 409 de
1849 349 2062 425 legatis
2099 367 2216 408 non

204 438 377 496 modo
434 437 589 496 libro
634 435 721 512 ΙΙ,
779 437 881 496 sed
936 436 1118 496 etiam
1165 436 1221 492 V
1277 439 1339 496 et
1385 436 1496 513 VI,
1552 436 1624 494 de
1681 437 1818 496 dote
1871 455 1989 496 non
2041 438 2214 497 modo

202 527 354 585 libro
410 523 493 602 V,
558 524 661 584 sed
730 525 910 584 etiam
974 524 1118 598 VII,
1174 524 1350 602 VIII,
1404 522 1514 602 IX,
1579 525 1652 584 de
1723 525 2010 584 bonorum
2081 543 2215 602 pos·

204 614 463 674 sessione
517 632 637 672 non
682 613 857 673 modo
905 613 1056 673 libro
1102 613 1192 691 H,
1249 614 1355 673 sed
1399 614 1581 672 etiam
1626 613 1717 672 ΙΠ
1765 617 1844 673 et·
1867 614 1954 672 XI
1997 614 2213 690 agitur.

202 704 405 779 itaque
452 694 822 778 singulorum
865 702 1155 761 librorum
1200 702 1538 779 fragmenta
1582 703 1905 762 secundum
1950 703 2213 762 ordinem

204 791 595 851 Sabinianum
638 791 925 850 collocare
969 791 1247 850 idoneum'
1289 790 1542 850 videtur.
2261 806 2266 810 ·

378 879 467 938 De
521 879 593 938 iis
648 878 968 939 videndum
1014 881 1130 954 est,
1184 896 1335 954 quae
1381 879 1633 955 singulis
1680 879 2033 956 fragmentis
2079 897 2215 938 con-

198 969 406 1028 iuncta
441 970 869 1043 proponuntur.
942 970 1119 1043 atque
1149 967 1401 1027 Proculo
1439 986 1862 1045 nonnunquam
1899 967 1976 1026 ab
2011 967 2214 1027 eodem

202 1056 546 1117 consultore
581 1057 784 1132 plures
820 1056 1194 1132 quaestiones
1226 1055 1304 1114 ad
1331 1074 1459 1114 rem
1485 1057 1852 1131 pertinentes
1879 1055 2215 1131 propositas

201 1163 331 1204 esse
386 1144 671 1220 illumque
728 1143 805 1202 ad
860 1145 1129 1220 singulas
1182 1145 1556 1218 respondisse
1601 1143 1676 1203 D.
1705 1146 1763 1222 4,
1796 1148 1852 1222 1,
1881 1147 1964 1204 56
2019 1144 2212 1204 docet:

201 1229 449 1310 ‘quaero
498 1279 555 1292 ..
599 1231 888 1292 Proculus
932 1231 1255 1308 respondit.
1337 1233 1482 1291 item
1531 1251 1750 1308 quaero
1798 1279 1811 1293 .
1834 1278 1846 1291 .
1869 1278 1883 1292 .
1931 1232 2214 1292 Proculus

198 1315 548 1398 respondit?
655 1339 863 1380 rursus
936 1320 1283 1382 Triboniani
1354 1320 1686 1381 adiutorem
1755 1322 2016 1396 genuina
2077 1339 2213 1380 con-

198 1409 545 1470 sultationis
593 1412 655 1468 et
698 1409 964 1485 responsi
998 1410 1191 1470 forma
1226 1411 1460 1468 mutata
1496 1417 1918 1485 nonnunquam
1953 1410 2215 1468 diversas

196 1518 295 1582 res
345 1499 410 1557 in
452 1517 639 1556 unum
684 1498 853 1558 velut
896 1516 1107 1573 corpus
1152 1497 1488 1558 confudisse
1535 1497 1748 1558 docent
1789 1499 1860 1557 D.
1893 1501 1994 1572 31,
2023 1500 2105 1562 48
2155 1502 2215 1556 et

197 1589 273 1648 D.
305 1590 409 1663 45,
443 1590 498 1662 1,
531 1588 671 1646 113.
762 1586 1056 1647 eiusmodi
1109 1586 1584 1662 fragmentorum
1635 1589 1838 1662 partes
1883 1587 2213 1662 discerpere

196 1676 641 1752 separatimque
685 1693 1015 1750 proponere
1061 1692 1179 1734 non
1224 1673 1510 1734 dubitavi.

376 1764 584 1840 Aeque
665 1781 733 1822 ac
805 1763 1111 1822 Proculusr
1162 1763 1480 1823 Iavolenus
1552 1764 1958 1839 Epistularum
2028 1763 2212 1822 libros

193 1853 547 1928 composuit.
636 1871 839 1926 ¹quem·
877 1852 981 1927 qui
1033 1853 1448 1928 consulebant,
1501 1862 1924 1928 nonnunquam
1977 1851 2221 1912 Proculi·

195 1941 527 2003 sententias
588 1940 917 2000 laudabant
970 1934 1212 2021 (D.-28,·
1242 1941 1300 2016 5,
1334 1942 1433 2001 11.
1483 1942 1583 2019 50,
1617 1941 1714 2017 16„
1749 1933 1903 2024 116)
1958 1941 2212 2001 fortasse

192 2031 257 2090 in
305 2030 722 2106 Epistularum
768 2030 949 2089 libris·
983 2030 1267 2106 prolatas.

1052 2259 1269 2319 Liber
1313 2259 1362 2320 Ι.

913 2378 1013 2443 De
1055 2397 1252 2460 aquae
1295 2379 1493 2443 ductu.

386 2505 441 2568 1.
487 2501 565 2567 D.
588 2503 647 2588 8,
666 2504 725 2586 6,
751 2503 849 2568 16.
931 2499 1239 2565 Proculus
1285 2502 1452 2566 libro
1499 2502 1706 2585 primo
1751 2502 2214 2587 Epistularum.

201 2628 277 2639 —-
326 2590 605 2677 Aquam,
649 2612 811 2675 quac
859 2589 1185 2654 oriebatur
1228 2589 1297 2652 in
1343 2589 1542 2654 fundo
1589 2590 1803 2674 vicini,
1846 2590 2060 2674 plures
2102 2613 2214 2673 per

192 2681 473 2745 eundem
510 2680 720 2744 rivum
755 2680 892 2743 iure
922 2677 1149 2741 ducere
1179 2677 1354 2741 soliti
1383 2680 1547 2759 sunt,-
1582 2678 1676 2741 ita
1703 2682 1775 2743 ut
1803 2696 1915 2741 suo
1947 2678 2212 2762 quisque

195 2770 302 2834 die
355 2791 393 2833 a
430 2769 637 2852 capite
676 2768 951 2850 duceret,
997 2766 1205 2850 primo
1243 2784 1359 2850 per
1396 2761 1666 2831 eundem
1703 2767 2212 2849 rivum'eumque

190 2878 625 2935 communem,
662 2856 887 2920 deinde
920 2860 993 2920 ut
1019 2854 1285 2939 quisque
1314 2853 1580 2919 inferior
1607 2860 1760 2938 crat,
1798 2864 1924 2921 suo²
1943 2856 2214 2941 quisque

189 2946 467 3031 proprio
502 2945 680 3028 rivo,
728 2949 793 3009 et
839 2960 1004 3009 unus
1050 2940 1328 3009 bienmo1
1371 2964 1503 3007 non
1549 2944 1746 3008 duxit.
1842 2962 1847 2967 ·

378 3034 686 3099 Existimo
730 3052 868 3098 eum
911 3035 1011 3098 ius
1054 3034 1360 3098 ducendae
1402 3044 1599 3115 aquae
1641 3034 1922 3099 amisis-se
1963 3054 2070 3099 nec
2104 3054 2215 3115 per

183 3128 421 3207 ceteros
465 3124 574 3204 qui
616 3124 923 3187 diamant
962 3123 1094 3187 cius
1138 3124 1239 3187 ius
1280 3127 1648 3203 usurpatum
1692 3142 1845 3200 essa·
1880 3124 2214 3205 proprium

184 3214 389 3277 enim'
413 3212 700 3293 cuiusque
743 3226 951 3275 eorum
994 3212 1095 3275 ius
1134 3210 1264 3291 fuit
1305 3227 1497 3292 ‘neque
1530 3232 1645 3293 per
1667 3212 1882 3279 ,aliam
1915 3212 2214 3293 usurpari

170 3301 412 3383 potuit.
494 3301 655 3383 quod
695 3300 752 3364 si
788 3300 1071 3382 pluriam
1111 3300 1306 3380 fundo
1350 3300 1466 3364 iter
1509 3318 1704 3381 aquae
1746 3300 2009 3365 debitum
2051 3304 2212 3377 esset,

174 3410 307 3472 per
350 3388 550 3453 unum
593 3408 801 3453 eorum
844 3378 1124 3453 omnibus
1167 3387 1279 3466 his,
1327 3388 1486 3453 inter
1520 3409 1670 3469 quos
1704 3390 1761 3454 is
1791 3390 2025 3469 fundus
2060 3408 2214 3453 com-

348 3550 377 3598 1
420 3544 571 3599 Trib.
601 3545 811 3600 statuto
847 3545 1126 3614 tempore,
1166 3560 1273 3612 quo
1312 3543 1547 3598 servitus
1585 3542 1877 3598 amittitur.

302 3634 499 3693 Iu'tispr.
527 3643 760 3683 antehadr.
789 3643 888 3683 rell.
918 3642 987 3683 ed.
1014 3644 1213 3684 Bremer.
1258 3642 1322 3693 11,
1341 3644 1377 3682 2.
1759 3635 1790 3683 8
