2575 3900
1008 203 1055 252 7.
1094 195 1472 253 PROCULUS
2118 196 2244 260 117

801 359 900 425 De
942 360 1261 426 verborum
1307 359 1682 443 obliyatione.

410 467 466 530 7.
513 464 591 530 D.
618 465 724 549 45,
756 467 811 550 1,
845 465 988 530 113.
1080 465 1394 530 Proculus
1433 465 1609 530 'libro
1657 465 1935 531 seeundo
1983 463 2250 549 Epistu-

230 556 461 620 larum.
513 590 585 601 —
638 551 803 618 Cum
852 553 1201 638 stipulatus
1250 553 1370 618 sim
1418 554 1597 638 mihi,
1645 553 1939 636 Proculo,
1987 554 2041 618 si
2091 576 2248 637 opus

232 642 555 708 arbitratu
613 664 756 707 meo
815 647 963 707 ante
1010 642 1318 706 kalendas
1363 641 1584 707 Iunias
1631 643 1926 707 effectum
1970 663 2098 706 non
2146 642 2250 725 sit,

236 753 532 816 poenam,
570 735 636 795 et
671 731 914 815 protuli
954 729 1149 795 diem:
1188 734 1463 813 putasne
1499 753 1647 795 vere
1685 753 1787 795 me
1823 751 2014 814 posse
2043 730 2249 794 dicere

241 820 565 884 arbitratu
620 840 764 884 meo
823 841 983 904 opus
1040 819 1336 885 effectum
1382 841 1510 883 non
1560 841 1698 884 esse
1747 823 1897 884 ante
1941 817 2250 883 kalendas

237 908 475 990 IuniaS,
506 930 649 973 cum
678 908 816 992 ipse
845 907 1113 972 arbitrio
1144 929 1286 972 meo
1318 907 1513 972 aliam
1542 907 1710 972 diem
1741 908 1918 992 operi
1941 906 2252 972 laxiorem

237 997 563 1061 dederim?

422 1083 732 1150 Proculus
780 1082 1139 1169 respondit:
1184 1104 1311 1148 non
1353 1085 1486 1149 sine
1527 1103 1714 1150 eausa
1759 1085 2252 1167 distinyuendum

236 1179 329 1239 est
383 1174 694 1257 interesse,
748 1178 959 1238 atrum
1002 1193 1119 1256 per
1156 1174 1592 1256 promissorem
1637 1193 1813 1238 mora
1856 1193 1982 1238 non
2021 1174 2253 1256 fnisset,

243 1282 365 1346 quo
402 1264 611 1327 minus
647 1282 796 1346 opus
832 1266 971 1326 ante
1004 1261 1297 1326 kalendas
1331 1261 1558 1326 Iunias
1592 1262 1699 1344 ita,
1736 1263 1832 1327 uti
1863 1261 2255 1344 stipulatione

246 1350 737 1434 comprehensam
782 1355 929 1432 erat,
963 1352 1372 1434 perficeretur,
1417 1371 1521 1432 an,
1565 1370 1703 1414 oum
1742 1351 1874 1414 iam
1909 1369 2059 1434 opus
2094 1349 2255 1433 effici

238 1460 368 1504 non
430 1443 638 1523 posset
702 1444 843 1504 ante
903 1437 1197 1503 kalendas
1258 1437 1514 1523 Iunia3‚
1582 1439 1906 1520 stipulator
1967 1440 2125 1504 diem
2184 1440 2255 1502 in

239 1528 536 1593 kalendas
590 1524 941 1610 Auyustas¹
981 1527 1354 1609 protulisset.
1443 1547 1593 1591 nam
1644 1529 1703 1592 si
1754 1531 1885 1591 tum
1937 1529 2098 1592 diem
2150 1528 2254 1592 sti-

229 1617 491 1698 pulator
542 1617 831 1700 protulit,
893 1636 1031 1681 oum
1094 1616 1225 1681 iam
1284 1635 1436 1698 opus
1489 1621 1630 1680 ante
1681 1615 1976 1680 kalendas
2027 1615 2256 1681 Iunias

239 1705 403 1787 effici
456 1725 581 1769 non
624 1709 893 1788 poterat,
942 1709 1088 1785 puto
1121 1723 1389 1787 poenam
1433 1724 1557 1769 esse
1598 1705 1981 1769 commissam
2024 1724 2131 1769 nee
2172 1705 2259 1768 ad

240 1814 368 1858 rem
402 1795 729 1878 pertinere,
774 1794 935 1876 quod
976 1791 1227 1875 aliquod
1260 1798 1490 1876 tempus
1526 1797 1667 1857 ante
1700 1791 1990 1858 kalendas
2026 1792 2255 1858 Iunias

239 1882 391 1965 fuit,
460 1902 578 1965 quo
640 1882 966 1967 stipulator
1026 1902 1151 1945 non
1214 1881 1574 1946 desideravit
1631 1882 1703 1946 id
1761 1886 1902 1945 ante
1961 1881 2256 1946 kalendas

238 1970 471 2037 Iunias
516 1970 693 2055 effici,
738 1972 809 2035 id
850 1976 938 2036 est
978 1991 1094 2053 quo
1139 1991 1265 2036 non
1302 1976 1389 2035 est
1422 1970 1760 2035 arbitratus
1795 1975 1865 2034 nt
1896 1972 2066 2055 fieret
2097 1972 2258 2052 quod

237 2061 379 2142 fieri
422 2080 548 2124 non
582 2064 839 2141 poterat.
919 2063 1031 2124 ant
1072 2060 1131 2124 si
1172 2058 1282 2125 hoe
1321 2058 1555 2141 falsum
1598 2064 1702 2143 est,
1745 2061 1932 2123 etiam
1967 2060 2026 2123 si
2059 2060 2254 2141 stipat

240 2148 403 2213 lator
442 2150 655 2231 pridie
706 2148 999 2212 kalendas
1044 2146 1272 2212 Iunias
1321 2153 1596 2213 mortuus
1639 2153 1810 2229 esset,
1853 2168 2057 2231 poena
2102 2168 2256 2213 oom-

237 2238 431 2302 missa
466 2256 591 2301 non
628 2242 792 2319 esset,
834 2237 1128 2318 qnoniam
1162 2240 1440 2301 mortuus
1474 2236 1774 2301 arbitrari
1808 2257 1932 2300 non
1965 2237 2255 2318 potuisse-

230 2330 290 2389 et
364 2325 619 2408 aliquod
679 2328 911 2406 tempus
960 2328 1105 2406 post
1166 2329 1418 2389 mortem
1480 2327 1612 2390 eius
1673 2326 1839 2426 operi
1890 2326 2256 2409 perficiendo

242 2414 655 2498 superfuisset.
763 2418 821 2477 et
876 2414 1318 2496 propemodum
1389 2414 1574 2477 etiam
1643 2414 1701 2477 si
1762 2418 1905 2477 ante
1964 2413 2258 2478 kalendas

240 2502 469 2567 Iunias
510 2499 775 2567 eertum²
818 2521 943 2567 esse
986 2502 1176 2583 eoepit
1210 2520 1362 2583 opus
1396 2506 1536 2567 ante
1571 2521 1706 2565 eam
1742 2502 1901 2566 diem
1936 2502 2101 2583 efflei
2131 2521 2257 2565 non

226 2611 437 2673 posse,
470 2610 674 2673 poena
718 2591 1039 2655 commissa
1082 2594 1188 2654 est.

822 2730 922 2796 De
964 2731 1262 2813 emptione
1314 2730 1668 2795 venditione.

412 2837 470 2903 8.
490 2836 655 2902 Ibid.
671 2838 710 2917 ξ
730 2837 880 2901 1.-
894 2834 1055 2903 Cum
1066 2836 1369 2901 venderet
1389 2836 1641 2920 aliquis,
1661 2836 1962 2921 promisit
1982 2837 2257 2920 emptori

240 2924 653 2991 fideiussores
700 2925 1020 3009 praestari
1066 2929 1133 2990 et
1177 2948 1316 2991 rem
1361 2926 1686 2991 venditam
1734 2925 2010 2990 liberari.
2094 2948 2258 3009 quae

242 3019 317 3079 ut
370 3014 707 3098 liberetur,
760 3034 930 3078 nune
978 3012 1301 3079 desiderat
1347 3018 1614 3098 emptor.
1695 3014 1762 3079 in
1811 3036 1991 3079 mora
2037 3020 2138 3079 est
2181 3016 2258 3097 is,

238 3102 353 3187 qui
399 3123 475 3169 ea
523 3102 939 3185 stipulatione
984 3101 1051 3167 id
1096 3103 1384 3169 futurum
1423 3104 1742 3186 promisit.
1825 3124 2058 3187 quaero
2107 3102 2258 3187 quid

229 3190 395 3254 iuris
443 3190 547 3254 sit.

411 3278 721 3343 Proculus
782 3278 1139 3363 respondit:
1206 3282 1370 3347 tanti
1423 3281 1588 3347 litem
1643 3282 1960 3346 aestimari
2013 3284 2258 3362 oportet,

228 3368 460 3450 quanti
504 3368 726 3431 actoris
769 3368 1031 3433 interest.

378 3493 403 3539 1
448 3486 546 3541 Fl.
584 3486 836 3542 kalendis
872 3487 1163 3558 Augustis.

373 3564 405 3611 2
446 3556 548 3612 Fl.
584 3557 845 3613 futurum.
