2575 3900
788 207 839 256 4.
891 201 953 256 L.
991 199 1354 256 NERATIUS
1394 199 1686 256 PRISCUS
2111 202 2241 266 327

221 387 376 431 nam
422 363 621 430 litora
668 364 931 450 publica
976 385 1106 429 non
1145 365 1238 429 ita
1276 369 1446 449 sunt,
1491 370 1566 429 ut
1602 387 1696 448 ea,
1742 386 1904 450 quae
1939 365 2010 428 in
2045 366 2243 450 patri.-

222 455 443 520 monio
486 457 643 518 sunt
688 453 929 537 populi,
974 453 1088 518 sed
1122 456 1211 517 -ut
1257 475 1351 537 ea,
1398 474 1559 538 quae
1605 455 1887 538 primum
1933 476 1971 518 a
2006 459 2242 520 natura

215 542 478 628 prodita
516 545 669 607 sunt
707 544 772 605 et
798 541 868 606 in
896 541 1141 606 nullius
1173 541 1384 607 adhuc
1413 542 1768 608 dominium
1793 548 2242 627 pervenerunt.

217 653 337 698 nec
402 631 736 696 dissimilis
802 630 1089 697 condicio
1160 652 1383 696 eorum
1438 634 1538 696 est
1593 635 1788 717 atque
1841 632 2116 716 piscium
2177 639 2241 697 et

216 720 520 823 ferarum,
558 741 724 804 quae
754 719 947 784 simul
975 722 1169 804 atque
1198 719 1672 807 adprehensae
1665 725 1831 802 sunt,
1871 721 2010 785 sine
2041 720 2237 787 dubio

216 810 379 893 eius,
434 809 504 874 in
558 809 739 874 cuius
783 812 1176 892 potestatem
1221 815 1678 894 pervenerunt,
1737 809 2008 875 dominii
2051 809 2237 875 fiunt.

392 897 773 978 45.1bid.§
807 899 867 963 1.
900 933 988 944 -
1025 895 1198 962 Illud
1237 897 1576 963 videndum
1617 901 1736 981 est,
1773 898 2030 964 sublato
2070 899 2239 964 aedi-

216 987 379 1072 ficic,
427 987 595 1072 quod
642 986 712 1051 in
758 985 951 1051 litore
996 987 1281 1071 positum
1321 991 1478 1070 erat,
1523 987 1703 1051 cuius
1743 986 2198 1053 condicionis
2180 1010 2235 1053 1s

216 1077 391 1142 locus
441 1077 544 1158 sit,
598 1075 723 1140 hoc
768 1078 869 1139 est
913 1078 1131 1140 utrum
1178 1078 1439 1140 maneat
1484 1075 1620 1140 eius
1669 1075 1848 1141 cuius
1894 1076 2018 1141 fuit
2065 1075 2236 1142 aedi-

213 1165 455 1247 ficium,
512 1186 596 1228 an
648 1186 870 1229 rursus
926 1164 997 1228 in
1050 1164 1396 1247 pristinam
1453 1186 1716 1230 causam
1769 1164 2037 1230 reccidit
2095 1186 2238 1249 per-

214 1254 486 1339 indeque
522 1253 819 1338 publicus
856 1252 961 1336 sit,
1008 1274 1083 1320 ac
1120 1252 1176 1316 si
1211 1274 1568 1338 numquam
1604 1254 1673 1317 in
1710 1273 1786 1319 eo
1826 1253 2234 1318 aedificatum

213 1341 461 1409 fuisset.
562 1341 732 1429 quod
795 1341 1063 1426 propius
1119 1347 1244 1427 est,
1322 1345 1396 1406 ut
1450 1341 1802 1407 existimari
1860 1342 2092 1408 debeat
2147 1340 2234 1428 [si

215 1431 403 1496 modo
452 1430 683 1515 recipit
729 1430 1074 1515 pristinam
1118 1429 1328 1494 litoris
1377 1431 1700 1515 speciem}

386 1524 734 1586 Triboniani
778 1524 961 1584 verba
1005 1524 1255 1584 Pernice
1302 1524 1708 1600 deprehendit.

959 1660 1059 1725 De
1101 1661 1486 1744 usucapione.
1821 1686 1825 1690 Α

385 1768 490 1833 46.
536 1768 616 1833 D.
644 1769 750 1851 41,
787 1768 884 1851 10,
912 1768 971 1832 5.
1061 1765 1371 1832 Neratius
1416 1766 1585 1832 libro
1633 1766 1855 1851 quinto
1903 1767 2226 1833 Membra·

207 1879 456 1922 narum.
501 1893 589 1904 -
633 1855 961 1941 Usucapio
1008 1878 1244 1935 rerum,
1292 1856 1489 1922 etiam
1527 1878 1603 1921 ex
1642 1856 1785 1920 aliis
1823 1858 2035 1921 causis
2075 1879 2220 1922 con-

162 2002 167 2006 .
206 1969 387 2013 cessa
432 1942 809 2029 interdum¹‚
852 1952 1117 2031 propter
1163 1968 1256 2028 ea,
1304 1968 1467 2033 quae
1503 1950 1733 2011 nostr-a
1771 1946 2218 2013 existimantes

204 2036 705 2121 possideremus,
768 2036 1122 2101 constituta
1181 2040 1309 2122 est,
1370 2041 1444 2101 ut
1508 2035 1744 2121 aliquis
1798 2035 2012 2099 litium
2066 2036 2219 2101 finis

205 2130 394 2193 esset.
477 2124 587 2189 sed
632 2126 716 2208 id,
761 2125 928 2210 quod
976 2124 1139 2210 quiS,
1185 2146 1331 2189 cum
1378 2146 1564 2190 suum
1609 2146 1752 2189 esse
1799 2124 2219 2207 existimaret,

202 2214 587 2297 possederit,
640 2215 997 2298 usucapiet,
1053 2214 1310 2278 etiamsi
1364 2214 1532 2277 falsa
1575 2212 1773 2278 fuerit
1820 2214 1956 2277 eius
2002 2214 2221 2279 existi·

203 2303 423 2368 mati0.
505 2303 672 2387 quod
718 2307 938 2367 tamen
982 2304 1077 2366 ita
1121 2301 1671 2386 interpretandum
1713 2304 1829 2384 est,
1873 2306 1950 2367 ut
1984 2303 2216 2387 proba-

201 2391 356 2456 bilis
412 2412 589 2455 error
642 2391 1033 2474 possidentis
1091 2391 1469 2474 usucapioni
1524 2412 1656 2455 non
1711 2391 1952 2469 obstet,
2018 2392 2222 2456 veluti

202 2480 260 2543 si
316 2479 399 2543 ob
456 2479 519 2543 id
576 2479 818 2562 aliquid
875 2477 1265 2562 possideam,
1321 2477 1492 2563 quod
1544 2500 1798 2543 servum
1847 2500 2060 2544 meum
2111 2485 2223 2545 aut

201 2568 367 2649 eiuS,
425 2568 603 2631 cuius
650 2568 717 2630 in
766 2567 977 2632 locum
1022 2566 1410 2631 hereditario
1458 2566 1594 2631 iure
1643 2568 1939 2650 successi,
1986 2569 2220 2634 emisse

197 2656 266 2720 id
332 2655 497 2720 falso
563 2654 950 2734 existimem,
1024 2654 1174 2739 quia
1236 2656 1304 2719 in
1370 2654 1562 2719 alieni
1626 2656 1814 2721 facti.
1845 2657 2219 2741 ignorantia

196 2744 559 2811 tolerabilis
607 2765 787 2808 error
832 2748 949 2809 est.

374 2838 620 2898 Pernice
654 2830 763 2915 ΠΒ,
803 2839 929 2899 396
968 2858 1025 2898 n.
1056 2840 1124 2899 5:
1171 2831 1318 2897 ‘Der
1356 2842 1514 2898 erste
1543 2838 1682 2898 Satz
1718 2838 1802 2899 ist
1837 2839 2048 2916 gewifs
2085 2858 2218 2899 ver-

193 2928 490 2988 unstaltet
528 2973 541 2987 .
572 2972 587 2988 .
615 2971 630 2986 .
669 2945 792 2987 was
838 2927 1260 3004 ursprfinglich
1309 2927 1386 2986 da
1431 2926 1633 3006 stand,
1688 2928 1832 2988 lasst
1879 2928 2005 2988 sich
2049 2929 2218 2989 nicht

192 3016 529 3077 feststellen
567 3061 581 3075 .
610 3064 623 3078 .
655 3060 671 3075 .
712 3016 827 3076 mir
871 3016 1103 3077 scheint
1149 3016 1255 3076 das
1304 3015 1500 3077 Ganze
1545 3016 1642 3075 fflr
1681 3016 1778 3077 die
1825 3017 2215 3077 Membranen

191 3125 266 3165 zu
310 3106 644 3185 allgemein·
676 3106 803 3165 und
846 3126 917 3164 zu
963 3100 1267 3165 lehrhaft'.

923 3241 1023 3309 De
1066 3244 1226 3309 iuris
1268 3262 1489 3343 more.

368 3350 473 3414 47.
528 3348 606 3415 D.
645 3351 751 3434 22,
788 3350 849 3435 6,
888 3351 947 3415 2.
1037 3349 1347 3417 Neratius
1403 3350 1568 3415 libro
1616 3350 1844 3435 quinto
1891 3349 2212 3416 Membra-

191 3458 441 3502 narum.
499 3474 582 3485 —
638 3438 715 3503 In
780 3439 958 3505 omni
1012 3443 1196 3524 parte
1254 3460 1431 3504 error
1485 3438 1553 3502 in
1608 3439 1745 3503 iure
1800 3460 1931 3503 non
1986 3437 2213 3503 eodem

338 3582 364 3629 1
409 3576 503 3634 Fl.
541 3576 783 3632 interim.
