2575 3900
335 205 473 270 410
543 206 612 261 V.
647 206 950 262 NERVAE
985 206 1081 261 ET
1117 206 1429 263 TRAIANI
1462 206 1679 265 ΤΕΜΡ.
1714 208 1908 264 mals
1937 208 2302 265 CONSULTI

324 375 406 435 ‘ut
451 370 624 435 Titia
665 391 826 436 uxor
867 391 1006 437 mea
1050 372 1409 437 tantundem
1448 376 1689 454 partem
1731 372 1949 437 habeat
1990 372 2361 455 quantulam

330 479 496 524 unus
529 459 715 540 heres,
749 461 809 526 si
837 480 964 525 non
989 460 1271 541 aequales
1289 466 1504 543 partes
1532 465 1729 526 essent
1746 461 2050 543 heredum,
2088 460 2361 542 Quintus

337 546 588 613 Mucius
647 553 708 615 et
762 548 991 615 Gallus
1031 549 1351 633 putabant
1402 551 1750 615 maximam
1791 556 2040 633 partem
2092 550 2362 633 leyatam

331 654 474 719 csse,
507 638 658 719 quia
694 639 764 703 in
799 639 1034 703 maiore
1067 639 1275 703 minor
1308 658 1540 721 quoque
1573 639 1809 717 inesset,
1847 638 2100 705 Servius
2109 636 2363 742 Ofilius

329 725 677 809 minimam,
721 728 876 809 quia
916 748 1055 792 cum
1097 726 1266 793 heres
1312 728 1464 793 dare
1506 728 1842 793 damnatus
1886 732 2050 809 esset,
2093 729 2165 793 in
2186 732 2358 810 pote-

327 818 485 879 state
525 816 660 880 eius
711 820 886 899 esset,
937 836 1128 897 quam
1164 820 1415 898 partem
1458 818 1649 882 daret.
1739 817 1943 883 Labeo
1985 817 2094 883 hoc
2129 817 2359 899 probat

328 902 511 985 idque
550 924 761 969 verum
805 910 909 970 εει.

507 992 612 1058 26.
654 992 734 1057 D.
761 993 917 1058 ibid.
944 995 985 1074 ξ
1016 993 1074 1057 2.
1118 1028 1195 1040 -
1237 992 1397 1060 Cum
1440 995 1534 1058 ita
1571 994 1833 1077 leyatum
1866 999 2047 1060 esset:
2094 993 2353 1077 ‘quanta

317 1082 588 1164 pecunia
637 1102 715 1147 ea·
767 1082 1092 1147 hereditate
1149 1082 1306 1147 Titii
1346 1084 1435 1148 ad
1474 1104 1570 1147 me
1602 1084 1906 1167 pervenit,
1964 1088 2204 1148 tantam
2237 1104 2351 1165 pe-

325 1172 579 1236 cuniam
620 1171 791 1237 heres
834 1191 1006 1237 meus
1051 1170 1229 1236 Seiae
1271 1170 1457 1255 dato?
1504 1173 1574 1237 id
1616 1172 1879 1255 leyatum
1904 1177 2095 1254 putat
2127 1172 2356 1251 Labeo,

323 1261 490 1342 quod
538 1264 847 1342 acceptum
898 1261 969 1325 in
1023 1260 1250 1326 tabulis
1302 1262 1435 1326 suis
1487 1280 1563 1325 ex
1610 1280 1683 1326 ea
1727 1261 2055 1326 hereditate
2099 1265 2357 1327 testator

323 1349 680 1426 rettulisse&
730 1353 990 1414 ceterum
1029 1354 1214 1433 neyat
1243 1351 1581 1415 cavendum
1614 1350 1823 1415 heredi
1855 1370 1897 1415 a
1935 1349 2352 1435 leyatario,s⁸

321 1438 477 1519 quid
514 1437 673 1517 forte
701 1443 918 1521 postea
962 1439 1094 1503 eius
1136 1438 1491 1504 hereditatis
1524 1440 1771 1505 nomine
1802 1438 1973 1504 heres
2006 1439 2346 1503 damnatus

322 1530 489 1590 esset.
567 1546 672 1609 eqo
714 1531 929 1592 contra
961 1532 1135 1611 pute,
1179 1528 1332 1609 quia
1374 1548 1501 1592 non
1540 1532 1737 1610 potest
1770 1528 1968 1594 videri
1989 1528 2347 1609 pervenisse

322 1614 410 1678 ad
456 1613 754 1694 Ιιενεᾶεηα,
815 1618 978 1697 quod
1026 1618 1158 1682 eius
1209 1616 1561 1682 hereditatis
1616 1617 1863 1683 nomine
1910 1620 2349 1698 praestaturus

320 1707 501 1779 esset,·
545 1703 706 1769 idem
747 1704 1018 1787 Alfenus
1087 1705 1292 1771 Varus
1326 1705 1538 1771 Servio
1564 1706 1875 1787 placuisse
1907 1706 2133 1788 scribit,
2179 1706 2346 1787 quod

323 1795 385 1857 et
426 1812 638 1857 verum
681 1798 785 1858 est.

1017 1906 1110 1966 De
1141 1908 1400 1981 pecunia
1444 1907 1647 1982 leqata.

500 2014 608 2079 27.
660 2013 741 2079 D.
772 2015 876 2100 33,
902 2017 963 2100 4,
991 2016 1032 2081 6
1063 2038 1158 2099 pr.
1260 2014 1477 2084 Labeo
1533 2016 1700 2081 libro
1748 2017 2026 2082 secundo
2074 2020 2355 2100 posteri-

323 2123 508 2168 orum
545 2125 584 2167 α
617 2101 928 2169 Iavoleno
967 2107 1486 2189 epitomatorum.
1525 2141 1609 2152 —
1647 2104 1805 2171 Oum
1838 2106 2137 2188 scriptum
2162 2110 2350 2170 esset:

323 2190 502 2275 ‘quae
549 2193 816 2274 pecunia
850 2200 1102 2276 propter
1143 2215 1401 2260 uxorem
1444 2215 1645 2260 meam
1688 2195 1776 2259 ad
1816 2215 1911 2260 me
1953 2194 2121 2259 venit
2162 2195 2350 2276 quin-

319 2282 644 2364 quaqinta,
727 2283 1086 2347 tantundem
1149 2302 1268 2365 pro
1340 2304 1413 2348 ea
1474 2285 1607 2348 dote
1677 2282 1845 2348 heres
1914 2303 2087 2348 meus
2155 2281 2347 2367 dato',

319 2371 604 2453 quamvis
649 2373 1067 2454 quadraqinta
1109 2373 1267 2436 dotis
1307 2372 1597 2452 fuissent,
1642 2376 1846 2438 tamen
1890 2373 2348 2456 quinquaqinta

319 2459 525 2524 debere
566 2458 836 2541 Alfenus
893 2460 1096 2527 Varus
1139 2459 1425 2526 Servium
1478 2462 1857 2542 respondisse
1902 2461 2139 2545 scribit,
2188 2461 2345 2543 quia

309 2549 637 2630 proposita
678 2569 924 2614 summa
965 2550 1421 2633 quinquaqinta
1465 2550 1702 2615 adiecta
1745 2551 1843 2615 sit.

501 2639 601 2703 28.
657 2636 926 2704 D.ibid.
963 2641 1004 2719 ἓ
1044 2640 1102 2704 1.
1157 2675 1242 2685 -
1298 2639 1461 2704 Item
1512 2639 1597 2718 ei,
1651 2659 1809 2721 quae
1852 2641 2048 2705 dotem
2097 2639 2344 2704 nullam

318 2725 590 2810 habebat,
633 2729 732 2793 vir
765 2728 855 2793 sie
890 2727 1222 2810 leqaverat:
1269 2727 1530 2811 quanta
1566 2728 1835 2810 pecunia
1879 2729 2039 2793 dotis
2072 2725 2345 2793 nomine’

317 2820 376 2879 et
428 2816 693 2898 reliqua,
747 2814 880 2898 pro
934 2837 1008 2880 ea
1051 2817 1511 2900 quinquaqinta
1554 2816 1723 2882 heres
1766 2815 1934 2882 dato’
1937 2867 1951 2880 .
2040 2816 2243 2882 deberi
2286 2817 2345 2882 ei

321 2901 582 2984 leyatum
621 2903 848 2986 Ofilius
888 2903 1237 2986 Cascellius,
1281 2907 1426 2970 item
1470 2911 1526 2971 et
1562 2904 1766 2972 Servii
1810 2906 2120 2971 auditores
2154 2909 2344 2970 rettu-

319 2991 557 3069 lerunt,·
587 2993 842 3074 perinde
875 2993 1221 3058 habendum
1256 3015 1382 3060 esse
1416 3016 1491 3060 ac
1524 2997 1583 3061 si
1607 3015 1816 3061 servus
1842 2995 2036 3060 alicui
2060 2999 2344 3060 mortuus

316 3085 434 3145 aut
469 3101 588 3162 pro
635 3101 700 3146 eo
745 3086 982 3146 centum
1028 3082 1228 3165 leyata
1270 3088 1477 3148 essent.
1568 3085 1732 3168 quod
1772 3104 1982 3148 verum
2026 3088 2140 3166 est,
2192 3084 2346 3166 quia

317 3168 426 3321 hi}
479 3169 674 3235 verbis
733 3191 858 3235 non
921 3172 1030 3236 dos
1083 3172 1248 3254 ipsa,
1309 3174 1417 3238 sed
1459 3193 1583 3254 pro
1636 3174 1769 3238 dote
1812 3173 2081 3256 pecunia
2137 3172 2341 3255 leyata

315 3257 382 3322 vi
422 3262 569 3322 etur.

813 3369 906 3428 De
948 3375 1098 3430 veste
1143 3374 1195 3429 et
1235 3373 1586 3432 vestimentis
1630 3373 1848 3446 leyatis.

497 3477 599 3541 29.
674 3476 750 3540 D.
789 3478 894 3558 32,
935 3477 1084 3563 100,
1120 3478 1180 3542 2.
1285 3479 1628 3544 Iavolenus
1683 3481 1851 3546 libro
1917 3482 2196 3547 secundo
2261 3503 2343 3548 ex

317 3563 785 3647 posterioribus
839 3565 1182 3632 Labeonis.
1231 3603 1309 3614 -—
1360 3565 1593 3633 ‘Uxori
1644 3589 1813 3634 meae
1862 3575 2109 3655 vestem,
2162 3591 2343 3636 mun-
