<?xml version="1.0" encoding="UTF-8"?>
<!DOCTYPE html PUBLIC "-//W3C//DTD XHTML 1.0 Transitional//EN"
    "http://www.w3.org/TR/xhtml1/DTD/xhtml1-transitional.dtd">
<html xmlns="http://www.w3.org/1999/xhtml" xml:lang="en" lang="en">
 <head>
  <title>
</title>
<meta http-equiv="Content-Type" content="text/html;charset=utf-8" />
  <meta name='ocr-system' content='tesseract 3.04.00' />
  <meta name='ocr-capabilities' content='ocr_page ocr_carea ocr_par ocr_line ocrx_word'/>
</head>
<body>
  <div class='ocr_page' id='page_1' title='image "./iurisprudentiae00unkngoog_0356.png"; bbox 0 0 2575 3900; ppageno 0'>
   <div class='ocr_carea' id='block_1_1' title="bbox 306 183 2268 283">
    <p class='ocr_par' dir='ltr' id='par_1_1' title="bbox 306 183 2268 283">
     <span class='ocr_line' id='line_1_1' title="bbox 306 183 2268 283; baseline -0.006 -33"><span class='ocrx_word' id='word_1_1' title='bbox 306 184 441 249; x_wconf 82' lang='lat'><strong>310</strong></span> <span class='ocrx_word' id='word_1_2' title='bbox 512 184 576 239; x_wconf 88' lang='lat' dir='ltr'><strong>V.</strong></span> <span class='ocrx_word' id='word_1_3' title='bbox 616 183 914 238; x_wconf 81' lang='lat' dir='ltr'><strong>NERVAE</strong></span> <span class='ocrx_word' id='word_1_4' title='bbox 954 183 1047 239; x_wconf 85' lang='grc' dir='ltr'><strong>ΕΤ</strong></span> <span class='ocrx_word' id='word_1_5' title='bbox 1086 183 1391 240; x_wconf 77' lang='lat' dir='ltr'><strong>TRAIANI</strong></span> <span class='ocrx_word' id='word_1_6' title='bbox 1427 184 1641 241; x_wconf 81' lang='grc' dir='ltr'><strong>ΤΕΜΡ.</strong></span> <span class='ocrx_word' id='word_1_7' title='bbox 1677 184 1871 283; x_wconf 64' lang='lat' dir='ltr'><strong>IIJRIS</strong></span> <span class='ocrx_word' id='word_1_8' title='bbox 1909 184 2268 242; x_wconf 89' lang='lat' dir='ltr'><strong>CONSULTI</strong></span> 
     </span>
    </p>
   </div>
   <div class='ocr_carea' id='block_1_2' title="bbox 303 345 2330 822">
    <p class='ocr_par' dir='ltr' id='par_1_2' title="bbox 303 345 2330 609">
     <span class='ocr_line' id='line_1_2' title="bbox 483 345 2330 430; baseline 0.001 -16"><span class='ocrx_word' id='word_1_9' title='bbox 483 349 543 414; x_wconf 89' lang='lat'><strong>3.</strong></span> <span class='ocrx_word' id='word_1_10' title='bbox 590 347 670 413; x_wconf 92' lang='lat' dir='ltr'><strong>D.</strong></span> <span class='ocrx_word' id='word_1_11' title='bbox 690 346 904 430; x_wconf 72' lang='lat' dir='ltr'><strong>ibid.§</strong></span> <span class='ocrx_word' id='word_1_12' title='bbox 930 350 983 413; x_wconf 97' lang='lat'><strong>1.</strong></span> <span class='ocrx_word' id='word_1_13' title='bbox 1028 383 1104 394; x_wconf 86' lang='lat'><em>-</em></span> <span class='ocrx_word' id='word_1_14' title='bbox 1148 345 1271 412; x_wconf 86' lang='lat' dir='ltr'><strong>Sed</strong></span> <span class='ocrx_word' id='word_1_15' title='bbox 1320 353 1385 411; x_wconf 87' lang='lat' dir='ltr'><strong>et</strong></span> <span class='ocrx_word' id='word_1_16' title='bbox 1421 348 1478 412; x_wconf 87' lang='lat' dir='ltr'><strong>si</strong></span> <span class='ocrx_word' id='word_1_17' title='bbox 1515 351 1774 413; x_wconf 78' lang='lat' dir='ltr'><strong>curator</strong></span> <span class='ocrx_word' id='word_1_18' title='bbox 1812 371 1851 413; x_wconf 90' lang='lat' dir='ltr'><strong>a</strong></span> <span class='ocrx_word' id='word_1_19' title='bbox 1887 353 2093 414; x_wconf 74' lang='lat' dir='ltr'><strong>matm</strong></span> <span class='ocrx_word' id='word_1_20' title='bbox 2130 354 2330 415; x_wconf 88' lang='lat' dir='ltr'><strong>testa-</strong></span> 
     </span>
     <span class='ocr_line' id='line_1_3' title="bbox 304 435 2327 521; baseline 0.001 -21"><span class='ocrx_word' id='word_1_21' title='bbox 304 439 524 501; x_wconf 89' lang='lat' dir='ltr'><strong>mento</strong></span> <span class='ocrx_word' id='word_1_22' title='bbox 572 436 761 501; x_wconf 89' lang='lat' dir='ltr'><strong>datus</strong></span> <span class='ocrx_word' id='word_1_23' title='bbox 810 438 896 502; x_wconf 90' lang='lat' dir='ltr'><strong>sit</strong></span> <span class='ocrx_word' id='word_1_24' title='bbox 940 437 1091 502; x_wconf 87' lang='lat' dir='ltr'><strong>filiis</strong></span> <span class='ocrx_word' id='word_1_25' title='bbox 1138 436 1296 521; x_wconf 88' lang='lat' dir='ltr'><strong>eius,</strong></span> <span class='ocrx_word' id='word_1_26' title='bbox 1340 435 1596 503; x_wconf 84' lang='lat' dir='ltr'><strong>decreto</strong></span> <span class='ocrx_word' id='word_1_27' title='bbox 1643 437 2064 502; x_wconf 81' lang='lat' dir='ltr'><strong>confirmatur</strong></span> <span class='ocrx_word' id='word_1_28' title='bbox 2109 460 2186 503; x_wconf 84' lang='lat' dir='ltr'><strong>ex</strong></span> <span class='ocrx_word' id='word_1_29' title='bbox 2231 440 2327 504; x_wconf 87' lang='lat' dir='ltr'><strong>in·</strong></span> 
     </span>
     <span class='ocr_line' id='line_1_4' title="bbox 303 525 667 609; baseline 0.005 -20"><span class='ocrx_word' id='word_1_30' title='bbox 303 525 667 609; x_wconf 89' lang='lat' dir='ltr'><strong>quisitione.</strong></span> 
     </span>
    </p>

    <p class='ocr_par' dir='ltr' id='par_1_3' title="bbox 1042 653 1590 822">
     <span class='ocr_line' id='line_1_5' title="bbox 1133 653 1501 715; baseline 0.005 -2"><span class='ocrx_word' id='word_1_31' title='bbox 1133 654 1351 714; x_wconf 91' lang='lat' dir='ltr'><strong>Liber</strong></span> <span class='ocrx_word' id='word_1_32' title='bbox 1395 653 1501 715; x_wconf 89' lang='lat' dir='ltr'><strong>IV.</strong></span> 
     </span>
     <span class='ocr_line' id='line_1_6' title="bbox 1042 755 1590 822; baseline -0.004 0"><span class='ocrx_word' id='word_1_33' title='bbox 1042 756 1142 822; x_wconf 88' lang='lat' dir='ltr'><strong>De</strong></span> <span class='ocrx_word' id='word_1_34' title='bbox 1183 755 1590 822; x_wconf 60' lang='lat' dir='ltr'><strong>servitutibus.</strong></span> 
     </span>
    </p>
   </div>
   <div class='ocr_carea' id='block_1_3' title="bbox 299 859 2326 1213">
    <p class='ocr_par' dir='ltr' id='par_1_4' title="bbox 299 859 2326 1213">
     <span class='ocr_line' id='line_1_7' title="bbox 477 859 2326 948; baseline -0.001 -21"><span class='ocrx_word' id='word_1_35' title='bbox 477 863 538 928; x_wconf 91' lang='lat'><strong>4.</strong></span> <span class='ocrx_word' id='word_1_36' title='bbox 586 862 661 927; x_wconf 92' lang='lat' dir='ltr'><strong>D.</strong></span> <span class='ocrx_word' id='word_1_37' title='bbox 685 863 743 947; x_wconf 87' lang='lat'><strong>8,</strong></span> <span class='ocrx_word' id='word_1_38' title='bbox 764 861 823 945; x_wconf 87' lang='lat'><strong>3,</strong></span> <span class='ocrx_word' id='word_1_39' title='bbox 844 863 885 926; x_wconf 84' lang='lat'><strong><em>2</em></strong></span> <span class='ocrx_word' id='word_1_40' title='bbox 896 884 990 946; x_wconf 84' lang='lat' dir='ltr'><strong>pr.</strong></span> <span class='ocrx_word' id='word_1_41' title='bbox 1072 859 1382 927; x_wconf 78' lang='lat' dir='ltr'><strong>Neratius</strong></span> <span class='ocrx_word' id='word_1_42' title='bbox 1429 861 1596 927; x_wconf 90' lang='lat' dir='ltr'><strong>libro</strong></span> <span class='ocrx_word' id='word_1_43' title='bbox 1639 865 1870 946; x_wconf 92' lang='lat' dir='ltr'><strong>quarto</strong></span> <span class='ocrx_word' id='word_1_44' title='bbox 1909 861 2326 948; x_wconf 80' lang='lat' dir='ltr'><strong>Regularum.</strong></span> 
     </span>
     <span class='ocr_line' id='line_1_8' title="bbox 300 950 2324 1035; baseline -0.002 -16"><span class='ocrx_word' id='word_1_45' title='bbox 300 988 387 1000; x_wconf 92' lang='grc'><strong>--</strong></span> <span class='ocrx_word' id='word_1_46' title='bbox 416 951 828 1020; x_wconf 87' lang='lat' dir='ltr'><strong>Rustieorum</strong></span> <span class='ocrx_word' id='word_1_47' title='bbox 866 951 1277 1035; x_wconf 89' lang='lat' dir='ltr'><strong>praediorum</strong></span> <span class='ocrx_word' id='word_1_48' title='bbox 1315 951 1656 1015; x_wconf 76' lang='lat' dir='ltr'><strong>servitutes</strong></span> <span class='ocrx_word' id='word_1_49' title='bbox 1687 954 1863 1016; x_wconf 88' lang='lat' dir='ltr'><strong>sunt:</strong></span> <span class='ocrx_word' id='word_1_50' title='bbox 1892 950 2084 1016; x_wconf 84' lang='lat' dir='ltr'><strong>licere</strong></span> <span class='ocrx_word' id='word_1_51' title='bbox 2130 952 2324 1017; x_wconf 88' lang='lat' dir='ltr'><strong>altius</strong></span> 
     </span>
     <span class='ocr_line' id='line_1_9' title="bbox 299 1039 2325 1124; baseline 0 -18"><span class='ocrx_word' id='word_1_52' title='bbox 299 1041 529 1106; x_wconf 88' lang='lat' dir='ltr'><strong>tollere</strong></span> <span class='ocrx_word' id='word_1_53' title='bbox 576 1045 641 1105; x_wconf 89' lang='lat' dir='ltr'><strong>et</strong></span> <span class='ocrx_word' id='word_1_54' title='bbox 688 1039 944 1105; x_wconf 79' lang='lat' dir='ltr'><strong>officere</strong></span> <span class='ocrx_word' id='word_1_55' title='bbox 990 1039 1317 1124; x_wconf 89' lang='lat' dir='ltr'><strong>praetorio</strong></span> <span class='ocrx_word' id='word_1_56' title='bbox 1358 1039 1573 1123; x_wconf 79' lang='lat' dir='ltr'><strong>vieini,</strong></span> <span class='ocrx_word' id='word_1_57' title='bbox 1619 1040 1723 1104; x_wconf 78' lang='lat' dir='ltr'><strong>vel</strong></span> <span class='ocrx_word' id='word_1_58' title='bbox 1762 1040 2047 1106; x_wconf 76' lang='lat' dir='ltr'><strong>eloacam</strong></span> <span class='ocrx_word' id='word_1_59' title='bbox 2083 1041 2325 1106; x_wconf 90' lang='lat' dir='ltr'><strong>habere</strong></span> 
     </span>
     <span class='ocr_line' id='line_1_10' title="bbox 302 1128 2322 1213; baseline -0 -18"><span class='ocrx_word' id='word_1_60' title='bbox 302 1130 495 1195; x_wconf 78' lang='lat' dir='ltr'><strong>licere</strong></span> <span class='ocrx_word' id='word_1_61' title='bbox 532 1151 648 1213; x_wconf 90' lang='lat' dir='ltr'><strong>per</strong></span> <span class='ocrx_word' id='word_1_62' title='bbox 684 1128 879 1195; x_wconf 83' lang='lat' dir='ltr'><strong>vieini</strong></span> <span class='ocrx_word' id='word_1_63' title='bbox 917 1128 1177 1193; x_wconf 91' lang='lat' dir='ltr'><strong>domum</strong></span> <span class='ocrx_word' id='word_1_64' title='bbox 1216 1128 1322 1193; x_wconf 85' lang='lat' dir='ltr'><strong>vel</strong></span> <span class='ocrx_word' id='word_1_65' title='bbox 1357 1129 1773 1212; x_wconf 87' lang='lat' dir='ltr'><strong>praetorium,</strong></span> <span class='ocrx_word' id='word_1_66' title='bbox 1817 1129 1919 1194; x_wconf 83' lang='lat' dir='ltr'><strong>vel</strong></span> <span class='ocrx_word' id='word_1_67' title='bbox 1955 1133 2322 1213; x_wconf 82' lang='lat' dir='ltr'><strong>protectum</strong></span> 
     </span>
    </p>
   </div>
   <div class='ocr_carea' id='block_1_4' title="bbox 296 1218 788 1284">
    <p class='ocr_par' dir='ltr' id='par_1_5' title="bbox 296 1218 788 1284">
     <span class='ocr_line' id='line_1_11' title="bbox 296 1218 788 1284; baseline -0.002 -3"><span class='ocrx_word' id='word_1_68' title='bbox 296 1218 537 1284; x_wconf 87' lang='lat' dir='ltr'><strong>habere</strong></span> <span class='ocrx_word' id='word_1_69' title='bbox 585 1219 788 1283; x_wconf 82' lang='lat' dir='ltr'><strong>licere.</strong></span> 
     </span>
    </p>
   </div>
   <div class='ocr_carea' id='block_1_5' title="bbox 296 1303 2322 1836">
    <p class='ocr_par' dir='ltr' id='par_1_6' title="bbox 476 1303 2322 1392">
     <span class='ocr_line' id='line_1_12' title="bbox 476 1303 2322 1392; baseline -0.001 -20"><span class='ocrx_word' id='word_1_70' title='bbox 476 1307 535 1372; x_wconf 84' lang='lat'><strong>5.</strong></span> <span class='ocrx_word' id='word_1_71' title='bbox 580 1304 661 1372; x_wconf 91' lang='lat' dir='ltr'><strong>D.</strong></span> <span class='ocrx_word' id='word_1_72' title='bbox 680 1305 893 1386; x_wconf 70' lang='lat' dir='ltr'><strong>ibid.§</strong></span> <span class='ocrx_word' id='word_1_73' title='bbox 919 1308 974 1370; x_wconf 95' lang='lat'><strong>1.</strong></span> <span class='ocrx_word' id='word_1_74' title='bbox 1017 1341 1094 1353; x_wconf 95' lang='lat'>—</span> <span class='ocrx_word' id='word_1_75' title='bbox 1144 1305 1366 1389; x_wconf 84' lang='lat' dir='ltr'><strong>Aquae</strong></span> <span class='ocrx_word' id='word_1_76' title='bbox 1414 1303 1640 1369; x_wconf 84' lang='lat' dir='ltr'><strong>duetus</strong></span> <span class='ocrx_word' id='word_1_77' title='bbox 1688 1309 1754 1370; x_wconf 92' lang='lat' dir='ltr'><strong>et</strong></span> <span class='ocrx_word' id='word_1_78' title='bbox 1798 1305 2067 1370; x_wconf 86' lang='lat' dir='ltr'><strong>haustus</strong></span> <span class='ocrx_word' id='word_1_79' title='bbox 2116 1329 2322 1392; x_wconf 88' lang='lat' dir='ltr'><strong>aquae</strong></span> 
     </span>
    </p>

    <p class='ocr_par' dir='ltr' id='par_1_7' title="bbox 296 1393 2321 1836">
     <span class='ocr_line' id='line_1_13' title="bbox 348 1393 2321 1479; baseline 0.001 -20"><span class='ocrx_word' id='word_1_80' title='bbox 348 1416 419 1460; x_wconf 92' lang='lat' dir='ltr'><strong>er</strong></span> <span class='ocrx_word' id='word_1_81' title='bbox 465 1396 735 1460; x_wconf 88' lang='lat' dir='ltr'><strong>eundem</strong></span> <span class='ocrx_word' id='word_1_82' title='bbox 780 1396 995 1461; x_wconf 84' lang='lat' dir='ltr'><strong>locum</strong></span> <span class='ocrx_word' id='word_1_83' title='bbox 1040 1397 1114 1457; x_wconf 90' lang='lat' dir='ltr'><strong>ut</strong></span> <span class='ocrx_word' id='word_1_84' title='bbox 1154 1395 1443 1476; x_wconf 86' lang='lat' dir='ltr'><strong>dueatur,</strong></span> <span class='ocrx_word' id='word_1_85' title='bbox 1489 1394 1685 1458; x_wconf 88' lang='lat' dir='ltr'><strong>etiam</strong></span> <span class='ocrx_word' id='word_1_86' title='bbox 1724 1393 2019 1479; x_wconf 89' lang='lat' dir='ltr'><strong>pluribus</strong></span> <span class='ocrx_word' id='word_1_87' title='bbox 2057 1395 2321 1461; x_wconf 83' lang='lat' dir='ltr'><strong>concedi</strong></span> 
     </span>
     <span class='ocr_line' id='line_1_14' title="bbox 298 1419 2320 1572; baseline 0 -24"><span class='ocrx_word' id='word_1_88' title='bbox 298 1419 405 1572; x_wconf 52' lang='lat' dir='ltr'><strong>{in</strong></span> <span class='ocrx_word' id='word_1_89' title='bbox 443 1484 583 1549; x_wconf 93' lang='lat' dir='ltr'><strong>iure</strong></span> <span class='ocrx_word' id='word_1_90' title='bbox 622 1483 760 1548; x_wconf 83' lang='lat' dir='ltr'><strong>cedi</strong></span> <span class='ocrx_word' id='word_1_91' title='bbox 776 1480 844 1570; x_wconf 83' lang='lat'><strong>‘?)</strong></span> <span class='ocrx_word' id='word_1_92' title='bbox 880 1485 1118 1567; x_wconf 89' lang='lat' dir='ltr'><strong>potest.</strong></span> <span class='ocrx_word' id='word_1_93' title='bbox 1165 1486 1381 1567; x_wconf 89' lang='lat' dir='ltr'><strong>potest</strong></span> <span class='ocrx_word' id='word_1_94' title='bbox 1417 1483 1636 1565; x_wconf 89' lang='lat' dir='ltr'><strong>etiam,</strong></span> <span class='ocrx_word' id='word_1_95' title='bbox 1674 1489 1749 1547; x_wconf 88' lang='lat' dir='ltr'><strong>ut</strong></span> <span class='ocrx_word' id='word_1_96' title='bbox 1785 1483 2055 1549; x_wconf 85' lang='lat' dir='ltr'><strong>diversis</strong></span> <span class='ocrx_word' id='word_1_97' title='bbox 2093 1484 2320 1549; x_wconf 90' lang='lat' dir='ltr'><strong>diebus</strong></span> 
     </span>
     <span class='ocr_line' id='line_1_15' title="bbox 301 1570 2320 1657; baseline 0 -21"><span class='ocrx_word' id='word_1_98' title='bbox 301 1573 401 1636; x_wconf 83' lang='lat' dir='ltr'><strong>vel</strong></span> <span class='ocrx_word' id='word_1_99' title='bbox 449 1571 627 1636; x_wconf 87' lang='lat' dir='ltr'><strong>horis</strong></span> <span class='ocrx_word' id='word_1_100' title='bbox 677 1572 964 1637; x_wconf 88' lang='lat' dir='ltr'><strong>dueatur.</strong></span> <span class='ocrx_word' id='word_1_101' title='bbox 1056 1571 1112 1636; x_wconf 91' lang='lat' dir='ltr'><strong>si</strong></span> <span class='ocrx_word' id='word_1_102' title='bbox 1158 1592 1364 1655; x_wconf 88' lang='lat' dir='ltr'><strong>aquae</strong></span> <span class='ocrx_word' id='word_1_103' title='bbox 1401 1570 1626 1636; x_wconf 84' lang='lat' dir='ltr'><strong>duetus</strong></span> <span class='ocrx_word' id='word_1_104' title='bbox 1665 1572 1768 1636; x_wconf 83' lang='lat' dir='ltr'><strong>vel</strong></span> <span class='ocrx_word' id='word_1_105' title='bbox 1805 1571 2076 1637; x_wconf 90' lang='lat' dir='ltr'><strong>haustus</strong></span> <span class='ocrx_word' id='word_1_106' title='bbox 2115 1595 2320 1657; x_wconf 89' lang='lat' dir='ltr'><strong>aquae</strong></span> 
     </span>
     <span class='ocr_line' id='line_1_16' title="bbox 296 1659 2319 1745; baseline 0 -20"><span class='ocrx_word' id='word_1_107' title='bbox 296 1659 625 1725; x_wconf 85' lang='lat' dir='ltr'><strong>sufficiens</strong></span> <span class='ocrx_word' id='word_1_108' title='bbox 683 1663 812 1744; x_wconf 89' lang='lat' dir='ltr'><strong>est,</strong></span> <span class='ocrx_word' id='word_1_109' title='bbox 865 1664 1081 1745; x_wconf 85' lang='lat' dir='ltr'><strong>potest</strong></span> <span class='ocrx_word' id='word_1_110' title='bbox 1136 1665 1200 1724; x_wconf 91' lang='lat' dir='ltr'><strong>et</strong></span> <span class='ocrx_word' id='word_1_111' title='bbox 1252 1660 1546 1744; x_wconf 88' lang='lat' dir='ltr'><strong>pluribus</strong></span> <span class='ocrx_word' id='word_1_112' title='bbox 1617 1681 1730 1743; x_wconf 89' lang='lat' dir='ltr'><strong>per</strong></span> <span class='ocrx_word' id='word_1_113' title='bbox 1784 1660 2054 1726; x_wconf 88' lang='lat' dir='ltr'><strong>eundem</strong></span> <span class='ocrx_word' id='word_1_114' title='bbox 2109 1662 2319 1727; x_wconf 82' lang='lat' dir='ltr'><strong>locum</strong></span> 
     </span>
     <span class='ocr_line' id='line_1_17' title="bbox 299 1745 2319 1836; baseline 0.001 -23"><span class='ocrx_word' id='word_1_115' title='bbox 299 1749 562 1815; x_wconf 84' lang='lat' dir='ltr'><strong>concedi</strong></span> <span class='ocrx_word' id='word_1_116' title='bbox 607 1745 705 1836; x_wconf 89' lang='lat' dir='ltr'><strong>(in</strong></span> <span class='ocrx_word' id='word_1_117' title='bbox 749 1749 887 1813; x_wconf 89' lang='lat' dir='ltr'><strong>iure</strong></span> <span class='ocrx_word' id='word_1_118' title='bbox 934 1747 1166 1834; x_wconf 79' lang='lat' dir='ltr'><strong>cedi?)‚</strong></span> <span class='ocrx_word' id='word_1_119' title='bbox 1212 1754 1286 1813; x_wconf 91' lang='lat' dir='ltr'><strong>ut</strong></span> <span class='ocrx_word' id='word_1_120' title='bbox 1332 1753 1398 1813; x_wconf 92' lang='lat' dir='ltr'><strong>et</strong></span> <span class='ocrx_word' id='word_1_121' title='bbox 1443 1749 1672 1813; x_wconf 89' lang='lat' dir='ltr'><strong>iisdem</strong></span> <span class='ocrx_word' id='word_1_122' title='bbox 1721 1749 1946 1814; x_wconf 88' lang='lat' dir='ltr'><strong>diebus</strong></span> <span class='ocrx_word' id='word_1_123' title='bbox 1993 1750 2095 1815; x_wconf 88' lang='lat' dir='ltr'><strong>vel</strong></span> <span class='ocrx_word' id='word_1_124' title='bbox 2139 1750 2319 1824; x_wconf 83' lang='lat' dir='ltr'><strong>horis</strong></span> 
     </span>
    </p>
   </div>
   <div class='ocr_carea' id='block_1_6' title="bbox 295 1837 1472 2009">
    <p class='ocr_par' dir='ltr' id='par_1_8' title="bbox 295 1837 1472 2009">
     <span class='ocr_line' id='line_1_18' title="bbox 295 1837 580 1902; baseline -0.004 0"><span class='ocrx_word' id='word_1_125' title='bbox 295 1837 580 1902; x_wconf 83' lang='lat' dir='ltr'><strong>dueatur.</strong></span> 
     </span>
     <span class='ocr_line' id='line_1_19' title="bbox 1139 1945 1472 2009; baseline 0.006 -2"><span class='ocrx_word' id='word_1_126' title='bbox 1139 1945 1268 2008; x_wconf 90' lang='lat' dir='ltr'><strong>Lib</strong></span> <span class='ocrx_word' id='word_1_127' title='bbox 1282 1968 1314 2008; x_wconf 90' lang='lat' dir='ltr'><strong>e</strong></span> <span class='ocrx_word' id='word_1_128' title='bbox 1323 1968 1355 2007; x_wconf 96' lang='lat' dir='ltr'><strong>r</strong></span> <span class='ocrx_word' id='word_1_129' title='bbox 1398 1948 1472 2009; x_wconf 89' lang='lat' dir='ltr'><strong>V.</strong></span> 
     </span>
    </p>
   </div>
   <div class='ocr_carea' id='block_1_7' title="bbox 754 2050 1860 2133">
    <p class='ocr_par' dir='ltr' id='par_1_9' title="bbox 754 2050 1860 2133">
     <span class='ocr_line' id='line_1_20' title="bbox 754 2050 1860 2133; baseline 0 -18"><span class='ocrx_word' id='word_1_130' title='bbox 754 2050 855 2116; x_wconf 90' lang='lat' dir='ltr'><strong>De</strong></span> <span class='ocrx_word' id='word_1_131' title='bbox 898 2051 1273 2133; x_wconf 77' lang='lat' dir='ltr'><strong>adquirendo</strong></span> <span class='ocrx_word' id='word_1_132' title='bbox 1318 2071 1526 2116; x_wconf 81' lang='lat' dir='ltr'><strong>rerum</strong></span> <span class='ocrx_word' id='word_1_133' title='bbox 1571 2051 1860 2116; x_wconf 84' lang='lat' dir='ltr'><strong>dominio.</strong></span> 
     </span>
    </p>
   </div>
   <div class='ocr_carea' id='block_1_8' title="bbox 293 2149 2317 2331">
    <p class='ocr_par' dir='ltr' id='par_1_10' title="bbox 293 2149 2317 2331">
     <span class='ocr_line' id='line_1_21' title="bbox 471 2149 2315 2243; baseline 0.002 -22"><span class='ocrx_word' id='word_1_134' title='bbox 471 2158 531 2222; x_wconf 88' lang='lat'><strong>6.</strong></span> <span class='ocrx_word' id='word_1_135' title='bbox 592 2156 675 2222; x_wconf 92' lang='lat' dir='ltr'><strong>D.</strong></span> <span class='ocrx_word' id='word_1_136' title='bbox 702 2158 807 2240; x_wconf 88' lang='lat'><strong>41,</strong></span> <span class='ocrx_word' id='word_1_137' title='bbox 843 2160 898 2238; x_wconf 90' lang='lat'><strong>1,</strong></span> <span class='ocrx_word' id='word_1_138' title='bbox 930 2156 1030 2222; x_wconf 84' lang='lat'><strong>15.</strong></span> <span class='ocrx_word' id='word_1_139' title='bbox 1114 2154 1295 2220; x_wconf 86' lang='lat' dir='ltr'><strong>Idem</strong></span> <span class='ocrx_word' id='word_1_140' title='bbox 1336 2154 1453 2243; x_wconf 86' lang='lat' dir='ltr'><strong>(se.</strong></span> <span class='ocrx_word' id='word_1_141' title='bbox 1491 2149 1825 2242; x_wconf 78' lang='lat' dir='ltr'><strong>Neratius)</strong></span> <span class='ocrx_word' id='word_1_142' title='bbox 1872 2156 2040 2222; x_wconf 92' lang='lat' dir='ltr'><strong>libro</strong></span> <span class='ocrx_word' id='word_1_143' title='bbox 2090 2159 2315 2242; x_wconf 90' lang='lat' dir='ltr'><strong>quinto</strong></span> 
     </span>
     <span class='ocr_line' id='line_1_22' title="bbox 293 2244 2317 2331; baseline 0.001 -21"><span class='ocrx_word' id='word_1_144' title='bbox 293 2245 707 2331; x_wconf 83' lang='lat' dir='ltr'><strong>Regularum.</strong></span> <span class='ocrx_word' id='word_1_145' title='bbox 758 2280 839 2292; x_wconf 92' lang='lat'><strong>——</strong></span> <span class='ocrx_word' id='word_1_146' title='bbox 890 2244 1019 2322; x_wconf 84' lang='lat' dir='ltr'><strong>Qui</strong></span> <span class='ocrx_word' id='word_1_147' title='bbox 1064 2295 1077 2309; x_wconf 91' lang='lat'><strong>.</strong></span> <span class='ocrx_word' id='word_1_148' title='bbox 1109 2295 1124 2310; x_wconf 96' lang='lat'><strong>.</strong></span> <span class='ocrx_word' id='word_1_149' title='bbox 1170 2246 1239 2310; x_wconf 85' lang='lat' dir='ltr'><strong>in</strong></span> <span class='ocrx_word' id='word_1_150' title='bbox 1294 2246 1437 2329; x_wconf 89' lang='lat' dir='ltr'><strong>ripa</strong></span> <span class='ocrx_word' id='word_1_151' title='bbox 1491 2244 1774 2309; x_wconf 88' lang='lat' dir='ltr'><strong>fluminis</strong></span> <span class='ocrx_word' id='word_1_152' title='bbox 1822 2246 2137 2331; x_wconf 87' lang='lat' dir='ltr'><strong>aedificat,</strong></span> <span class='ocrx_word' id='word_1_153' title='bbox 2183 2268 2317 2313; x_wconf 89' lang='lat' dir='ltr'><strong>non</strong></span> 
     </span>
    </p>
   </div>
   <div class='ocr_carea' id='block_1_9' title="bbox 292 2334 2318 2509">
    <p class='ocr_par' dir='ltr' id='par_1_11' title="bbox 292 2334 2318 2509">
     <span class='ocr_line' id='line_1_23' title="bbox 292 2334 705 2400; baseline -0.002 0"><span class='ocrx_word' id='word_1_154' title='bbox 292 2357 480 2400; x_wconf 89' lang='lat' dir='ltr'><strong>suum</strong></span> <span class='ocrx_word' id='word_1_155' title='bbox 526 2334 705 2400; x_wconf 84' lang='lat' dir='ltr'><strong>facit.</strong></span> 
     </span>
     <span class='ocr_line' id='line_1_24' title="bbox 473 2420 2318 2509; baseline 0.001 -21"><span class='ocrx_word' id='word_1_156' title='bbox 473 2424 529 2489; x_wconf 83' lang='lat'><strong>7.</strong></span> <span class='ocrx_word' id='word_1_157' title='bbox 577 2423 655 2488; x_wconf 91' lang='lat' dir='ltr'><strong>D.</strong></span> <span class='ocrx_word' id='word_1_158' title='bbox 676 2424 783 2507; x_wconf 90' lang='lat'><strong>41,</strong></span> <span class='ocrx_word' id='word_1_159' title='bbox 802 2423 861 2507; x_wconf 86' lang='lat'><strong>3,</strong></span> <span class='ocrx_word' id='word_1_160' title='bbox 880 2422 985 2489; x_wconf 91' lang='lat'><strong>40.</strong></span> <span class='ocrx_word' id='word_1_161' title='bbox 1067 2420 1375 2487; x_wconf 73' lang='lat' dir='ltr'><strong>Neratius</strong></span> <span class='ocrx_word' id='word_1_162' title='bbox 1423 2422 1591 2487; x_wconf 89' lang='lat' dir='ltr'><strong>libro</strong></span> <span class='ocrx_word' id='word_1_163' title='bbox 1640 2422 1864 2506; x_wconf 89' lang='lat' dir='ltr'><strong>quinto</strong></span> <span class='ocrx_word' id='word_1_164' title='bbox 1903 2422 2318 2509; x_wconf 84' lang='lat' dir='ltr'><strong>Regularum.</strong></span> 
     </span>
    </p>
   </div>
   <div class='ocr_carea' id='block_1_10' title="bbox 289 2510 2318 2685">
    <p class='ocr_par' dir='ltr' id='par_1_12' title="bbox 289 2510 2318 2685">
     <span class='ocr_line' id='line_1_25' title="bbox 292 2510 2318 2597; baseline 0 -19"><span class='ocrx_word' id='word_1_165' title='bbox 292 2547 378 2559; x_wconf 92' lang='lat'>—</span> <span class='ocrx_word' id='word_1_166' title='bbox 399 2510 714 2597; x_wconf 86' lang='lat' dir='ltr'><strong>Coeptam</strong></span> <span class='ocrx_word' id='word_1_167' title='bbox 741 2511 1196 2596; x_wconf 81' lang='lat' dir='ltr'><strong>usucapionem</strong></span> <span class='ocrx_word' id='word_1_168' title='bbox 1228 2533 1267 2575; x_wconf 90' lang='lat' dir='ltr'><strong>a</strong></span> <span class='ocrx_word' id='word_1_169' title='bbox 1287 2510 1588 2575; x_wconf 84' lang='lat' dir='ltr'><strong>defuneto</strong></span> <span class='ocrx_word' id='word_1_170' title='bbox 1607 2532 1798 2593; x_wconf 88' lang='lat' dir='ltr'><strong>posse</strong></span> <span class='ocrx_word' id='word_1_171' title='bbox 1819 2515 1884 2576; x_wconf 88' lang='lat' dir='ltr'><strong>et</strong></span> <span class='ocrx_word' id='word_1_172' title='bbox 1904 2516 2053 2577; x_wconf 89' lang='lat' dir='ltr'><strong>ante</strong></span> <span class='ocrx_word' id='word_1_173' title='bbox 2073 2513 2318 2578; x_wconf 91' lang='lat' dir='ltr'><strong>aditam</strong></span> 
     </span>
     <span class='ocr_line' id='line_1_26' title="bbox 289 2600 1647 2685; baseline -0.002 -20"><span class='ocrx_word' id='word_1_174' title='bbox 289 2600 711 2668; x_wconf 74' lang='lat' dir='ltr'><strong>hereditatem</strong></span> <span class='ocrx_word' id='word_1_175' title='bbox 756 2601 1013 2685; x_wconf 88' lang='lat' dir='ltr'><strong>impleri</strong></span> <span class='ocrx_word' id='word_1_176' title='bbox 1058 2600 1484 2665; x_wconf 82' lang='lat' dir='ltr'><strong>constitutum</strong></span> <span class='ocrx_word' id='word_1_177' title='bbox 1531 2604 1647 2663; x_wconf 89' lang='lat' dir='ltr'><strong>est.</strong></span> 
     </span>
    </p>
   </div>
   <div class='ocr_carea' id='block_1_11' title="bbox 286 2798 2317 3623">
    <p class='ocr_par' dir='ltr' id='par_1_13' title="bbox 286 2798 2317 3623">
     <span class='ocr_line' id='line_1_27' title="bbox 1119 2798 1488 2890; baseline -0.005 -31"><span class='ocrx_word' id='word_1_178' title='bbox 1119 2800 1251 2890; x_wconf 82' lang='lat' dir='ltr'><strong>Lib</strong></span> <span class='ocrx_word' id='word_1_179' title='bbox 1265 2818 1339 2858; x_wconf 86' lang='lat' dir='ltr'><strong>er</strong></span> <span class='ocrx_word' id='word_1_180' title='bbox 1387 2798 1488 2857; x_wconf 91' lang='lat' dir='ltr'><strong>VI.</strong></span> 
     </span>
     <span class='ocr_line' id='line_1_28' title="bbox 881 2900 1716 2984; baseline -0.005 -17"><span class='ocrx_word' id='word_1_181' title='bbox 881 2902 980 2967; x_wconf 92' lang='lat' dir='ltr'><strong>De</strong></span> <span class='ocrx_word' id='word_1_182' title='bbox 1024 2902 1322 2984; x_wconf 78' lang='lat' dir='ltr'><strong>emptione</strong></span> <span class='ocrx_word' id='word_1_183' title='bbox 1365 2900 1716 2965; x_wconf 79' lang='lat' dir='ltr'><strong>venditione.</strong></span> 
     </span>
     <span class='ocr_line' id='line_1_29' title="bbox 468 3004 2315 3094; baseline 0.001 -22"><span class='ocrx_word' id='word_1_184' title='bbox 468 3009 525 3073; x_wconf 87' lang='lat'><strong>8.</strong></span> <span class='ocrx_word' id='word_1_185' title='bbox 571 3007 854 3090; x_wconf 87' lang='lat' dir='ltr'><strong>D.41,1,</strong></span> <span class='ocrx_word' id='word_1_186' title='bbox 881 3009 959 3074; x_wconf 88' lang='lat'><strong>13</strong></span> <span class='ocrx_word' id='word_1_187' title='bbox 973 3031 1065 3091; x_wconf 89' lang='lat' dir='ltr'><strong>pr.</strong></span> <span class='ocrx_word' id='word_1_188' title='bbox 1137 3005 1446 3071; x_wconf 88' lang='lat' dir='ltr'><strong>Neratius</strong></span> <span class='ocrx_word' id='word_1_189' title='bbox 1485 3004 1650 3069; x_wconf 92' lang='lat' dir='ltr'><strong>libro</strong></span> <span class='ocrx_word' id='word_1_190' title='bbox 1691 3009 1871 3069; x_wconf 85' lang='lat' dir='ltr'><strong>sexto</strong></span> <span class='ocrx_word' id='word_1_191' title='bbox 1899 3005 2315 3094; x_wconf 85' lang='lat' dir='ltr'><strong>Regularum.</strong></span> 
     </span>
     <span class='ocr_line' id='line_1_30' title="bbox 286 3092 2313 3179; baseline 0.002 -20"><span class='ocrx_word' id='word_1_192' title='bbox 286 3131 369 3144; x_wconf 93' lang='lat'><strong>-—</strong></span> <span class='ocrx_word' id='word_1_193' title='bbox 433 3092 501 3159; x_wconf 87' lang='lat' dir='ltr'><strong>Si</strong></span> <span class='ocrx_word' id='word_1_194' title='bbox 556 3100 935 3179; x_wconf 85' lang='lat' dir='ltr'><strong>procurator</strong></span> <span class='ocrx_word' id='word_1_195' title='bbox 988 3118 1124 3159; x_wconf 91' lang='lat' dir='ltr'><strong>rem</strong></span> <span class='ocrx_word' id='word_1_196' title='bbox 1181 3096 1342 3159; x_wconf 92' lang='lat' dir='ltr'><strong>mihi</strong></span> <span class='ocrx_word' id='word_1_197' title='bbox 1397 3094 1627 3158; x_wconf 83' lang='lat' dir='ltr'><strong>emerit</strong></span> <span class='ocrx_word' id='word_1_198' title='bbox 1682 3115 1757 3157; x_wconf 85' lang='lat' dir='ltr'><strong>ex</strong></span> <span class='ocrx_word' id='word_1_199' title='bbox 1813 3097 2120 3162; x_wconf 89' lang='lat' dir='ltr'><strong>mandato</strong></span> <span class='ocrx_word' id='word_1_200' title='bbox 2167 3119 2313 3163; x_wconf 89' lang='lat' dir='ltr'><strong>meo</strong></span> 
     </span>
     <span class='ocr_line' id='line_1_31' title="bbox 292 3182 2317 3270; baseline 0.001 -21"><span class='ocrx_word' id='word_1_201' title='bbox 292 3186 476 3268; x_wconf 89' lang='lat' dir='ltr'><strong>eique</strong></span> <span class='ocrx_word' id='word_1_202' title='bbox 523 3183 607 3248; x_wconf 91' lang='lat' dir='ltr'><strong>sit</strong></span> <span class='ocrx_word' id='word_1_203' title='bbox 653 3184 892 3249; x_wconf 89' lang='lat' dir='ltr'><strong>tradita</strong></span> <span class='ocrx_word' id='word_1_204' title='bbox 940 3207 1081 3249; x_wconf 90' lang='lat' dir='ltr'><strong>meo</strong></span> <span class='ocrx_word' id='word_1_205' title='bbox 1130 3184 1420 3266; x_wconf 89' lang='lat' dir='ltr'><strong>nomine,</strong></span> <span class='ocrx_word' id='word_1_206' title='bbox 1466 3182 1818 3247; x_wconf 90' lang='lat' dir='ltr'><strong>dominium</strong></span> <span class='ocrx_word' id='word_1_207' title='bbox 1868 3184 2027 3249; x_wconf 87' lang='lat' dir='ltr'><strong>mihi</strong></span> <span class='ocrx_word' id='word_1_208' title='bbox 2073 3184 2167 3270; x_wconf 88' lang='lat' dir='ltr'><strong>[id</strong></span> <span class='ocrx_word' id='word_1_209' title='bbox 2215 3192 2317 3252; x_wconf 84' lang='lat' dir='ltr'><strong>est</strong></span> 
     </span>
     <span class='ocr_line' id='line_1_32' title="bbox 290 3271 1729 3357; baseline 0.001 -22"><span class='ocrx_word' id='word_1_210' title='bbox 290 3274 686 3357; x_wconf 84' lang='lat' dir='ltr'><strong>proprietas]</strong></span> <span class='ocrx_word' id='word_1_211' title='bbox 736 3273 1094 3357; x_wconf 80' lang='lat' dir='ltr'><strong>adquiritur</strong></span> <span class='ocrx_word' id='word_1_212' title='bbox 1140 3273 1339 3336; x_wconf 90' lang='lat' dir='ltr'><strong>etiam</strong></span> <span class='ocrx_word' id='word_1_213' title='bbox 1383 3271 1729 3356; x_wconf 85' lang='lat' dir='ltr'><strong>ignoranti.</strong></span> 
     </span>
     <span class='ocr_line' id='line_1_33' title="bbox 466 3359 2314 3445; baseline 0.002 -20"><span class='ocrx_word' id='word_1_214' title='bbox 466 3362 525 3425; x_wconf 84' lang='lat'><strong>9.</strong></span> <span class='ocrx_word' id='word_1_215' title='bbox 571 3360 648 3427; x_wconf 94' lang='lat' dir='ltr'><strong>D.</strong></span> <span class='ocrx_word' id='word_1_216' title='bbox 678 3363 833 3427; x_wconf 90' lang='lat' dir='ltr'><strong>ibid.</strong></span> <span class='ocrx_word' id='word_1_217' title='bbox 864 3365 904 3444; x_wconf 66' lang='grc' dir='ltr'>ἓ</span> <span class='ocrx_word' id='word_1_218' title='bbox 938 3365 992 3427; x_wconf 93' lang='grc'><strong>1.</strong></span> <span class='ocrx_word' id='word_1_219' title='bbox 1047 3399 1123 3407; x_wconf 92' lang='grc'><strong>-</strong></span> <span class='ocrx_word' id='word_1_220' title='bbox 1170 3360 1259 3424; x_wconf 85' lang='lat' dir='ltr'><strong>Et</strong></span> <span class='ocrx_word' id='word_1_221' title='bbox 1304 3363 1485 3425; x_wconf 90' lang='lat' dir='ltr'><strong>tutor</strong></span> <span class='ocrx_word' id='word_1_222' title='bbox 1529 3359 1760 3442; x_wconf 89' lang='lat' dir='ltr'><strong>pupilli</strong></span> <span class='ocrx_word' id='word_1_223' title='bbox 1805 3361 2091 3445; x_wconf 88' lang='lat' dir='ltr'><strong>pupillae</strong></span> <span class='ocrx_word' id='word_1_224' title='bbox 2137 3363 2314 3429; x_wconf 87' lang='lat' dir='ltr'><strong>simi·</strong></span> 
     </span>
     <span class='ocr_line' id='line_1_34' title="bbox 290 3448 2311 3536; baseline 0.002 -24"><span class='ocrx_word' id='word_1_225' title='bbox 290 3448 441 3513; x_wconf 89' lang='lat' dir='ltr'><strong>liter</strong></span> <span class='ocrx_word' id='word_1_226' title='bbox 506 3455 578 3514; x_wconf 88' lang='lat' dir='ltr'><strong>ut</strong></span> <span class='ocrx_word' id='word_1_227' title='bbox 641 3457 1021 3535; x_wconf 79' lang='lat' dir='ltr'><strong>procurator</strong></span> <span class='ocrx_word' id='word_1_228' title='bbox 1086 3448 1352 3514; x_wconf 89' lang='lat' dir='ltr'><strong>emendo</strong></span> <span class='ocrx_word' id='word_1_229' title='bbox 1416 3448 1677 3520; x_wconf 87' lang='lat' dir='ltr'><strong>nomine</strong></span> <span class='ocrx_word' id='word_1_230' title='bbox 1736 3450 1967 3533; x_wconf 89' lang='lat' dir='ltr'><strong>pupilli</strong></span> <span class='ocrx_word' id='word_1_231' title='bbox 2021 3452 2311 3536; x_wconf 88' lang='lat' dir='ltr'><strong>pupillae</strong></span> 
     </span>
     <span class='ocr_line' id='line_1_35' title="bbox 288 3537 2020 3623; baseline 0.002 -22"><span class='ocrx_word' id='word_1_232' title='bbox 288 3540 752 3622; x_wconf 84' lang='lat' dir='ltr'><strong>proprietatem</strong></span> <span class='ocrx_word' id='word_1_233' title='bbox 799 3539 930 3605; x_wconf 92' lang='lat' dir='ltr'><strong>illis</strong></span> <span class='ocrx_word' id='word_1_234' title='bbox 978 3537 1261 3623; x_wconf 89' lang='lat' dir='ltr'><strong>adquirit</strong></span> <span class='ocrx_word' id='word_1_235' title='bbox 1308 3537 1501 3601; x_wconf 85' lang='lat' dir='ltr'><strong>etiam</strong></span> <span class='ocrx_word' id='word_1_236' title='bbox 1548 3538 2020 3621; x_wconf 79' lang='lat' dir='ltr'><strong>ignorantibuS.</strong></span> 
     </span>
    </p>
   </div>
  </div>
 </body>
</html>
