2575 3900
342 198 522 252 XXVI

341 367 782 444 posterioribus
834 367 1132 427 Labeonis
1190 366 1522 427 sententiae
1580 368 1799 448 variae
1840 371 2059 428 extant.
2162 370 2404 445 quibus

341 456 698 533 fragmentis
763 456 1073 516 dissolutis
1141 475 1288 516 suus
1344 457 1555 532 cuique
1608 457 1698 516 rei
1754 458 1920 517 locus
1976 477 2397 535 numerusque

342 544 739 622 assignandus
805 545 948 619 fuit,
1013 565 1381 622 quamquam
1432 545 1566 604 fieri
1618 549 1886 622 poterat,
1946 551 2040 607 ut*
2071 547 2397 606 interdum

341 653 543 691 rerum
591 652 846 693 conexus
893 635 1156 693 nondum
1202 637 1555 711 perspectus
1602 639 2107 712 corrumperetur.
2194 637 2392 695 inter-

341 722 486 781 dum
533 723 715 780 etiam
761 723 1211 800 paragraphum
1257 723 1523 783 diversas
1571 742 1667 783 res
1716 725 2122 785 continentem
2170 725 2396 786 dissol-

339 811 598 870 vendam
645 811 814 888 duxi,
859 812 1050 870 veluti
1095 811 1167 870 D.
1204 814 1309 888 43,
1341 814 1397 889 8,
1430 814 1487 887 2,
1521 815 1603 873 28
1652 806 1755 892 (cf.
1793 813 1857 872 II
1892 835 1951 890 p.
1983 809 2163 894 310).

520 899 691 969 Quod
763 900 839 958 ad
915 900 1244 959 sententias
1309 901 1457 960 iuris
1499 903 1929 962 consultorum
1996 922 2033 961 a
2096 903 2390 978 pluribus

339 989 504 1049 varic
552 990 780 1048 relatas
837 989 1077 1068 attinet,
1124 989 1390 1048 omnium
1428 991 1775 1050 testimonia
1809 994 2199 1067 proponenda
2240 992 2398 1050 duxi

341 1079 671 1136 secundum
715 1077 1078 1154 dignitatem
1123 1078 1443 1155 disposita,
1487 1097 1679 1156 neque
1726 1080 1996 1155 priorum
2044 1081 2387 1140 sententias

341 1187 378 1226 a
420 1169 680 1242 posteris
726 1167 1013 1242 probatas
1062 1167 1222 1243 apud
1267 1166 1377 1227 hos
1424 1168 1783 1236 omittendas
1831 1187 1978 1229 esse.

520 1255 749 1326 Quibus
807 1255 1063 1315 rubricis
1126 1256 1468 1333 fragmenta
1523 1257 1826 1335 inscripsi,
1881 1258 1957 1318 iis
2009 1259 2378 1336 plerumque

337 1364 458 1405 non
509 1364 716 1404 rerum
784 1345 886 1423 qui
958 1345 1100 1404 olim
1166 1345 1403 1405 exstitit
1456 1363 1744 1405 conexum
1809 1346 2133 1424 significari
2189 1349 2378 1425 volui,

339 1434 441 1493 sed
512 1436 714 1510 potius
781 1435 1258 1512 fragmentorum
1317 1435 1517 1510 qualia
1579 1435 1756 1494 hodie
1814 1438 1955 1495 sunt
2020 1440 2385 1512 argumenta

336 1523 603 1583 indicari.

515 1612 786 1688 Denique
853 1611 1231 1689 singulorum
1289 1612 1674 1686 prudentium
1732 1612 2038 1672 doctrinae
2097 1614 2377 1692 reliquiis

338 1701 528 1762 vitam
574 1702 946 1778 honoresque
993 1701 1438 1776 praemittenda
1481 1702 1710 1778 putavi.

513 1789 586 1849 In
631 1790 811 1848 rebus
859 1789 933 1848 ad
979 1789 1368 1866 philologiam
1415 1791 1879 1868 pertinent-ibuS,
1925 1791 2067 1849 dum
2110 1792 2376 1867 priorem

339 1880 535 1957 operis
580 1883 815 1955 partem
859 1881 1084 1957 tract0‚
1137 1879 1473 1937 adiutorem
1518 1882 1901 1963 perpetuum,
1948 1880 2011 1939 id
2056 1880 2217 1957 quod
2264 1901 2371 1957 ap·-

335 1988 545 2046 parere
591 1969 795 2044 doleo,
842 1988 962 2027 non
1009 1972 1224 2027 nactus
1266 1968 1517 2027 subinde
1555 1988 1593 2028 a
1632 1969 1985 2031 Richardo
2025 1970 2376 2045 HeinzeO‚

335 2062 468 2117 tum
524 2058 756 2135 collega
811 2057 1261 2134 Argentinensi‚
1326 2076 1484 2116 nunc
1539 2058 1941 2130 Berolinensi,
2000 2058 2248 2118 consilio
2311 2063 2379 2120 et

337 2148 610 2207 doctrina
655 2147 898 2204 adiutus
947 2166 1098 2206 sum.
1170 2148 1234 2205 in
1282 2146 1475 2205 altera
1520 2146 1716 2221 operis
1764 2149 1953 2222 parte,
2003 2148 2200 2222 quoad
2240 2147 2372 2207 eius

335 2240 474 2312 post
520 2234 883 2295 domicilium
932 2255 968 2294 a
1013 2256 1108 2294 me
1153 2238 1459 2293 mutatum
1502 2235 1566 2293 in
1611 2237 1784 2294 tanta
1826 2237 2093 2294 locorum
2133 2236 2372 2313 longin-

337 2325 569 2401 quitate
615 2324 746 2382 fieri
791 2326 1011 2401 posset,
1059 2323 1133 2383 H.
1175 2323 1632 2399 Schroederi,
1674 2324 1973 2400 gymnasii
2017 2324 2368 2384 Protestan-

335 2413 491 2472 tium
527 2413 985 2489 Argentinensis
1031 2411 1405 2490 professoris,
1451 2411 1616 2470 fideli
1652 2430 1835 2487 opera
1872 2415 2053 2489 atque
2093 2413 2368 2473 doctrina

335 2511 480 2561 usus
538 2523 687 2562 sum.
779 2501 1031 2578 denique
1082 2501 1432 2559 Alfredus
1478 2501 2087 2573 Pernice,'amicus
2144 2503 2367 2562 harum

335 2610 535 2651 rerum
571 2591 747 2650 unice
783 2591 1029 2670 perime,
1078 2591 1326 2650 schedas
1363 2590 1831 2667 typographicae
1868 2590 2075 2665 legens
2117 2591 2370 2650 adnota-

343 2684 529 2740 tiones
577 2682 799 2741 multas
847 2698 1064 2756 easque
1111 2679 1359 2739 eximias
1406 2698 1640 2739 mecum
1687 2678 2167 2757 communicavit,
2215 2699 2367 2757 quas

341 2771 748 2829 lubentissime
795 2787 903 2829 suo
950 2771 1079 2829 loco
1126 2768 1429 2845 proposui.

517 2910 737 2985 Scripsi
781 2909 1026 2968 Bonnae
1074 2928 1275 2967 mense
1321 2908 1649 2984 Novembri
1696 2909 1837 2967 anni
1882 2909 2072 2969 MOM.
