2575 3900
312 171 443 236 130
474 165 743 226 111..GA11
761 168 1054 225 CLAUDII
1071 168 1345 227 NERON.
1366 168 1653 224 GALBAE
1672 168 1890 224 ΤΕΜΡ.
1908 166 2104 223 IURJS
2125 166 2330 224 CONS.

306 335 495 400 heres
541 332 679 398 sit':
729 332 949 399 Labeo
994 355 1129 400 non
1164 332 1372 398 videri
1404 332 1606 398 filiam
1641 331 1974 416 contineri,
2016 330 2328 397 Proeulus

304 427 587 578 contrgss.
633 509 713 575 D.
742 511 848 596 28,
876 511 938 596 5,
971 512 1071 576 11.
1141 511 1484 578 Iavolenus
1529 511 1698 575 libro
1746 509 2024 594 septimo
2059 508 2324 593 Epistu-

306 601 532 666 larum.
592 636 667 646 —
726 599 971 665 ‘Attius
1027 600 1214 665 fundi
1266 597 1643 665 Corneliani
1695 598 1882 663 heres
1940 601 2080 664 esto
2137 598 2328 683 mihi,

302 689 433 756 duo
470 688 627 754 Titii
670 689 847 753 illius
893 689 1143 754 insulae
1188 688 1456 754 heredes
1503 686 1720 753 sunto'
1725 739 1738 754 .
1819 685 2154 752 habebunt
2198 686 2327 752 duo

306 777 461 842 Titii
507 777 861 862 semissem,
902 777 1127 842 Attius
1175 778 1506 842 semissem
1550 777 1743 862 idque
1772 775 2049 842 Proculo
2095 776 2326 860 placet.

814 1013 923 1073 ΙΠ.
980 1014 1211 1074 Notae
1256 1014 1344 1072 ad
1387 1013 1811 1073 Labeonem.

479 1139 803 1199 Proculum
848 1139 925 1198 ad
959 1138 1301 1198 Labeonem
1345 1141 1521 1198 notas
1569 1138 1876 1213 scripsisse
1921 1161 2061 1202 eum
2105 1143 2327 1205 diserte

302 1229 556 1289 tradunt
601 1231 663 1288 et
709 1227 895 1287 Gaius
942 1218 1044 1310 (D.
1076 1229 1178 1304 35,
1211 1231 1267 1305 1,
1299 1229 1381 1287 68
1430 1221 1616 1303 ‘apud
1659 1226 1997 1292 Labeonem
2033 1231 2329 1294 Proculus

302 1311 529 1396 notat')
569 1320 631 1377 et
661 1315 959 1393 Ulpianus
998 1273 1327 1376 secundum
1355 1315 1598 1376 Celsum
1624 1308 1726 1396 (D.
1755 1318 1812 1388 3,
1845 1323 1903 1398 5,
1937 1324 1994 1394 9,
2027 1324 2059 1379 1
2104 1315 2328 1382 Labeo

302 1405 537 1482 probat.
622 1405 727 1465 sed
773 1408 835 1465 et
872 1403 1081 1465 Celsus
1125 1406 1328 1480 refert,
1373 1405 1664 1464 Proculus
1710 1407 1871 1480 apud
1917 1428 2057 1468 eum
2098 1403 2326 1493 notat')

302 1497 438 1554 tum
473 1513 542 1553 eo
580 1494 1019 1572 comprobatur,
1063 1494 1227 1570 quod
1258 1494 1538 1571 pluribus
1573 1493 1907 1577 Pomponii,
1952 1497 2084 1574 Gai,
2130 1498 2328 1577 Pauli,

301 1581 547 1658 Ulpiani
601 1582 747 1642 loeis
792 1581 993 1643 Labeo
1040 1589 1103 1642 et
1146 1583 1434 1643 Proculus
1479 1583 1638 1643 inter
1683 1601 1746 1642 se
1791 1591 2202 1664 opponuntur,
2262 1589 2326 1646 in

299 1672 510 1748 primis
563 1671 685 1731 his:
739 1671 811 1730 D.
854 1673 957 1749 12,
988 1673 1048 1749 4,
1080 1675 1159 1732 15
1209 1672 1417 1749 Pomp.
1475 1666 1698 1732 ‘Labeo
1753 1675 1842 1735 ait
1881 1721 1894 1734 .
1923 1719 1940 1734 .
1971 1721 1984 1734 .
2025 1675 2131 1734 sed
2183 1676 2325 1736 Pro-

301 1761 474 1820 culus
512 1808 525 1821 .
558 1806 571 1818 .
599 1803 614 1819 .
654 1754 780 1819 ait'.
884 1761 951 1820 D.
992 1763 1097 1839 41,
1139 1763 1195 1838 1,
1236 1763 1318 1821 28
1377 1760 1584 1836 Pomp.
1652 1755 1874 1822 ‘Labeo
1939 1767 2002 1823 et
2065 1764 2327 1824 Sabinus

302 1845 500 1924 aiunt3
556 1847 659 1908 sed
704 1843 1034 1908 Proculus'.
1128 1848 1258 1908 Gai.
1296 1852 1355 1926 3,
1400 1850 1527 1910 140
1577 1843 1802 1911 ‘Labeo
1847 1853 2096 1931 negavit
2122 1898 2137 1912 .
2167 1897 2181 1911 .
2209 1897 2224 1911 .
2255 1857 2325 1913 at

303 1935 559 1999 Ofilius.
590 1982 673 2014 ..,
732 1936 903 1997 cuius
950 1937 1287 2015 opinionem
1334 1939 1624 1999 Proculus
1671 1943 1911 2001 secutus
1958 1936 2096 2002 est'.
2186 1941 2324 2004 Vat.

300 2028 372 2087 fr.
408 2035 437 2086 1
490 2027 659 2086 Paul.
709 2021 930 2086 ‘Labeo
976 2027 1219 2103 quidem
1264 2028 1563 2103 putabat.
1595 2028 1928 2090 .Proculus
1975 2038 2036 2091 et
2073 2025 2326 2092 Celsus'.

301 2117 441 2176 Vat.
478 2116 551 2175 fr.
574 2118 671 2176 71
730 2114 869 2191 Ulp.
944 2109 1053 2157 ‘—
1118 2116 1279 2191 apud
1342 2116 1682 2176 Labeonem
1745 2120 1944 2197 agitat
2003 2121 2330 2199 pertinere,

302 2204 576 2283 quamvis
620 2204 912 2263 Proculus
956 2223 1077 2264 non
1127 2198 1234 2245 —'
1237 2250 1250 2262 .

479 2292 834 2352 Laudentur
879 2298 1083 2352 autem
1129 2293 1352 2353 diserte
1385 2313 1815 2371 nonnunquam
1849 2296 2144 2357 Labeonis
2181 2298 2324 2357 libri

300 2381 693 2459 posteriores,
749 2381 824 2440 ad
880 2401 1027 2459 quos
1073 2381 1370 2442 Proculus
1424 2389 1598 2443 notas
1653 2384 1966 2446 adiecerit.
2023 2386 2094 2445 D.
2126 2388 2228 2463 17,
2261 2389 2329 2465 2,

302 2473 405 2547 65,
436 2472 473 2530 5
521 2470 691 2530 Paul.
746 2464 1022 2532 Labeo.
1053 2472 1508 2548 .posteriorum
1554 2472 1725 2532 libris
1773 2475 2054 2551 scripsit.
2129 2432 2329 2535 ‚P’ro·

301 2561 474 2620 culus
536 2561 650 2620 hoe
711 2560 800 2619 ita
851 2579 1061 2622 verum
1116 2580 1245 2621 esse
1302 2562 1416 2639 ait,
1480 2554 1571 2622 si'.
1670 2562 1742 2621 D.
1785 2565 1842 2636 7,
1882 2565 1940 2639 8,
1982 2565 2037 2639 2,
2080 2517 2142 2623 1.
2176 2566 2326 2641 4pr.

299 2648 439 2726 Ulp.
477 2642 660 2725 ‘apud
696 2649 1037 2710 Labeonem
1072 2651 1317 2710 memini
1352 2653 1678 2710 tractatum
1715 2649 1868 2711 libro
1905 2651 2328 2727 posteriorum,

300 2742 362 2799 et
407 2739 496 2798 ait
530 2738 730 2798 Labeo
769 2783 782 2796 .
812 2786 825 2798 .
856 2783 871 2798 .
906 2739 1197 2799 Proculus
1236 2743 1437 2799 autem
1477 2786 1490 2799 .
1521 2787 1534 2800 .
1566 2786 1579 2798 .
1616 2734 1829 2799 notat'.
1913 2740 1986 2801 D.
2017 2744 2119 2819 29,
2150 2744 2208 2816 2,
2241 2744 2330 2801 60

297 2827 618 2887 Iavolenus
674 2845 746 2885 ex
789 2831 946 2903 post.
990 2827 1303 2888 Labeonis.
1397 2822 1619 2888 ‘Labeo
1667 2829 1754 2888 ait
1801 2876 1814 2889 .
1844 2875 1858 2889 .
1887 2873 1904 2889 .
1949 2829 2200 2889 Paulus:
2263 2834 2328 2889 et

300 2915 591 2974 Proculus
636 2914 936 2975 Labeonis
988 2916 1346 2975 sententiam
1398 2911 1742 2993 improbat'.
1831 2917 1902 2977 D.
1945 2920 2046 2993 33,
2087 2922 2143 2995 9,
2184 2920 2242 2995 3,
2285 2920 2328 2977 2

301 3001 440 3077 Ulp.
497 2996 721 3062 ‘Labeo
777 3004 931 3062 libro
986 3023 1142 3063 nono
1197 3006 1598 3079 posteriorum
1645 3006 1853 3066 scribit
1891 3055 1902 3066 .
1935 3055 1948 3067 .
1979 3051 1993 3065 .
2033 3006 2137 3066 sed
2182 3008 2325 3067 Pro-

300 3091 474 3151 culus
515 3138 570 3151 ..
603 3140 615 3151 .
656 3086 905 3151 scribit'.
1015 3092 1245 3151 aceedit
1308 3094 1468 3170 quod
1529 3094 1602 3154 D.
1643 3096 1745 3173 33,
1786 3098 1842 3173 6,
1885 3097 1986 3173 15,
2031 3098 2112 3156 16
2179 3097 2331 3156 haee

299 3182 609 3259 leguntur:
676 3173 991 3240 ‘Proculus
1044 3180 1200 3241 libro
1256 3182 1516 3242 seeundo
1573 3178 2031 3258 Epistularum'.
2133 3178 2326 3244 ‘Idem

301 3270 453 3329 libro
510 3269 693 3329 tertio
750 3288 823 3327 ex
876 3270 1311 3347 posterioribus
1366 3266 1706 3349 Labeonis',
1770 3274 1858 3333 ita
1907 3277 1980 3333 ut
2033 3273 2331 3334 Proculus

301 3378 486 3435 aeque
524 3361 705 3435 atque
739 3357 1058 3419 Iavolenus
1094 3358 1388 3420 Labeonis
1433 3359 1621 3420 libros
1665 3362 1857 3421 videri
1901 3363 2098 3438 possit
2135 3363 2325 3440 epito-

301 3466 515 3507 masse.
580 3452 644 3508 at
688 3448 824 3507 inde
874 3468 941 3508 ex
982 3448 1212 3507 Cuiacii
1257 3452 1458 3509 aetate
1502 3450 1619 3510 viri
1656 3449 1817 3510 docti
1864 3444 2078 3511 ‘Idem'
2116 3470 2315 3511 errore

303 3556 413 3613 pro
444 3530 809 3599 ‘Iavolenus'
847 3538 1135 3614 scriptum
1160 3557 1287 3597 esse
1319 3541 1620 3597 statuunt:
1660 3532 1790 3600 ‘das
1819 3540 1975 3618 folgt
1999 3540 2166 3599 nieht
2193 3540 2330 3600 blos
