2575 3900
841 228 890 276 7.
937 221 1164 276 IUVEN
1170 220 1333 275 '1⁸1th
1372 220 1639 276 CELSUS
2120 223 2250 287 499

239 383 673 449 ‘Rebellianus
721 384 778 449 si
823 384 1064 449 caverit
1110 384 1400 449 coloniae
1438 383 1972 469 Philippensium,
2020 385 2075 449 si
2113 386 2250 450 sine

239 473 457 538 liberis
515 473 850 557 morietur,
905 477 1414 557 quantacumque
1459 473 1727 557 pecunia
1774 495 1850 538 ex
1894 473 2249 539 hereditate

236 561 393 627 deve
431 562 621 627 bonis
648 562 808 626 meis
838 561 915 626 ad
945 583 1091 625 eum
1118 562 1429 644 pervenit,
1458 583 1599 624 eam
1628 563 1965 644 pecuniam
1994 583 2250 627 omnem

236 650 317 714 ad
381 651 703 716 coloniam
765 649 1278 734 Philippensium
1334 649 1829 734 perventuram’.
1919 653 2247 734 respondi:

235 760 310 804 eae
362 739 458 804 his
503 739 712 820 verbi-5,
759 759 915 822 quae
948 739 1264 822 proponis,
1309 738 1419 822 [id
1459 744 1546 804 est
1564 739 1934 822 pecuniam]
1970 741 2249 806 existimo

234 829 419 893 etiam
459 828 719 911 fructus,
762 848 910 910 quos
955 847 1028 892 ex
1072 826 1398 892 hereditate
1429 829 1713 910 percepit,
1758 829 2069 893 restituere
2112 850 2250 894 eum

233 917 462 1000 debere,
497 917 757 999 perinde
801 917 981 999 quasi
1024 917 1367 998 specialiter
1410 916 1517 981 hoe
1564 921 1807 982 testator
1850 919 2247 999 expressisset.

1027 1092 1125 1186 De
1169 1095 1462 1159 societate,

165 1283 176 1292 ,
409 1208 472 1274 5.
545 1208 621 1273 D.
663 1210 774 1295 17,
808 1210 878 1294 2,
914 1209 1000 1274 58
1032 1232 1125 1293 pr.
1231 1208 1412 1273 Idem
1481 1207 1597 1294 (se.
1662 1207 2011 1294 Ulpianus)
2080 1210 2245 1275 libro

234 1298 614 1383 trigensimo
662 1298 870 1381 primo
918 1298 1000 1364 ad
1046 1298 1324 1362 edietum
1368 1295 1465 1382 (P.
1496 1295 1673 1383 926).
1718 1333 1803 1344 —
1852 1297 1920 1362 Si
1965 1298 2031 1362 id
2076 1299 2247 1382 quod

235 1388 378 1470 quis
435 1387 504 1451 in
560 1387 929 1451 societatem
987 1385 1262 1451 eontulit
1316 1387 1669 1450 extinctum
1716 1387 1829 1469 sit,
1885 1387 2247 1470 videndum,

234 1497 316 1539 an
379 1497 497 1560 pro
563 1475 737 1540 socio
795 1495 985 1558 agere
1039 1475 1268 1558 possit.
1368 1478 1721 1539 tractatum
1773 1475 1867 1539 ita
1923 1478 2022 1540 est
2078 1476 2247 1559 apud.

234 1562 493 1629 Celsum
526 1563 694 1627 libro
725 1565 998 1646 septimo
1027 1561 1450 1647 Digestorum
1479 1562 1560 1627 ad
1590 1562 1930 1646 epistulam
1961 1562 2247 1629 Cornelii

233 1651 494 1717 Felicis:
551 1673 694 1716 eum
745 1655 877 1716 tres
924 1673 1122 1736 equos
1170 1651 1441 1715 haberes
1488 1655 1553 1714 et
1598 1670 1718 1735 ego
1764 1673 1994 1736 unum,
2050 1653 2245 1718 socie-

232 1744 435 1805 tatem
491 1741 760 1822 coimuS,
814 1744 889 1804 ut
945 1742 1206 1823 accepto
1263 1761 1427 1824 equo
1481 1760 1622 1804 meo
1671 1740 2047 1825 quadrigam
2096 1763 2243 1805 ven-

232 1829 412 1894 deres
471 1832 536 1893 et
591 1851 669 1893 ex
712 1829 918 1912 pretio
966 1834 1262 1914 quartam
1310 1828 1473 1893 mihi
1517 1828 1832 1894 redderes.
1942 1830 1996 1894 si
2042 1829 2244 1916 igitur

232 1921 384 1984 ante
429 1917 866 1985 venditionem
912 1940 1112 2004 equus
1152 1939 1331 1983 meus
1370 1920 1660 1983 mortuus
1700 1919 1802 2001 sit,
1845 1940 1975 1984 non
2015 1923 2241 2003 putare

231 2029 299 2072 se
329 2006 554 2073 Celsus
593 2009 686 2072 ait
722 2007 1098 2073 societatem
1137 2029 1394 2072 manere
1430 2028 1550 2072 nee
1588 2030 1665 2071 ex
1692 2007 1900 2091 pretio
1931 2030 2242 2093 equorum

229 2100 487 2161 tuorum
534 2102 786 2180 partem
832 2096 1074 2181 deberi3
1117 2119 1250 2162 non
1297 2096 1469 2161 enim
1505 2096 1837 2161 habendae
1875 2098 2244 2182 quadrigae,

234 2184 343 2250 sed
392 2186 759 2251 vendendae
807 2186 1044 2251 coitam
1091 2186 1486 2251 societatem.

1059 2360 1158 2427 De
1203 2362 1421 2427 tutelis.

405 2477 463 2541 6.
509 2474 588 2541 D.
608 2477 712 2561 23,
731 2478 791 2559 3,
811 2477 914 2541 60.
983 2474 1205 2541 Celsus
1235 2477 1405 2540 libro
1435 2475 1772 2541 undecimo
1799 2475 2233 2560 Digestorum.

235 2599 312 2611 —
346 2563 615 2647 Quaero,
652 2568 932 2649 quantae
968 2566 1274 2648 pecuniae
1309 2564 1523 2628 dotem
1554 2565 1957 2647 promittenti
1987 2566 2241 2630 adultae

231 2652 488 2717 mulieri
515 2658 678 2718 tutor
704 2650 1160 2718 auctoritatam
1180 2652 1662 2718 accommodare
1682 2652 1929 2717 debeat.
1974 2674 2239 2738 respon-

229 2742 351 2806 dit:
388 2743 604 2806 modus
639 2762 713 2807 ex
743 2741 1144 2822 facultatibus
1179 2746 1238 2806 et
1269 2741 1565 2824 dianitate
1599 2741 1878 2807 mulieris
1912 2743 2242 2825 maritique

225 2832 584 2896 statuendus
627 2836 736 2914 est,
786 2850 1093 2913 quousque
1135 2831 1301 2895 ratio
1335 2831 1598 2912 patitur.

406 2921 465 2984 7.
508 2918 587 2985 D.
615 2921 719 3000 27,
749 2920 807 3003 8,
839 2920 894 2986 7.
959 2918 1182 2985 Celsus
1221 2919 1389 2983 libro
1430 2917 1763 2984 undecimo
1798 2918 2236 3003 Digestorum.

227 3044 312 3055 —
343 3008 421 3073 In
449 3009 881 3092 magistratus,
918 3008 1028 3093 qui
1064 3011 1347 3073 tutorem
1377 3006 1706 3092 dederunt,
1733 3028 1892 3091 rogo
1921 3008 2237 3072 rescribas

225 3101 440 3164 utrum
497 3119 617 3183 pro
673 3096 847 3162 virili
904 3097 1197 3182 portione
1255 3096 1423 3162 actio
1481 3096 1691 3161 danda
1747 3097 1857 3175 sit,
1918 3118 2001 3161 an
2057 3096 2236 3180 optio

226 3186 314 3250 sit
368 3187 504 3251 eius
556 3187 664 3271 qui
709 3187 991 3271 pupillus
1038 3187 1190 3264 fuit,
1243 3208 1387 3251 cum
1435 3207 1559 3270 quo
1608 3184 2020 3268 potissimum
2068 3190 2236 3270 agat.

226 3275 580 3359 respondit:
625 3276 684 3340 si
725 3276 861 3340 dolo
893 3275 1166 3356 feceruut
1196 3276 1612 3357 mayistratuS,
1656 3280 1729 3339 ut
1760 3276 1969 3339 minus
1998 3274 2237 3356 pupillo

225 3369 557 3446 caveretur,
609 3365 679 3429 in
733 3384 908 3446 quem
960 3364 1091 3429 vult
1142 3365 1297 3429 actio
1342 3365 1399 3428 ei
1443 3364 1655 3427 danda
1697 3364 1768 3427 iu
1811 3364 2075 3428 solidum
2118 3366 2205 3427 est
2212 3381 2235 3438 ;

225 3452 327 3517 siu
379 3452 563 3534 euhoa
615 3453 944 3517 dumtaxat
993 3472 1200 3517 eorum
1251 3472 1442 3534 neque
1494 3452 1630 3516 dolo
1682 3452 1847 3517 malo
1896 3452 1967 3515 id
2002 3450 2237 3531 factum

369 3596 397 3643 1
445 3590 595 3645 Drib.
633 3592 855 3646 curator
893 3606 1232 3646 consensum.

1703 3678 1812 3731 32*
