2575 3900
349 176 484 242 450
555 174 620 229 V.
660 170 956 227 NERVAE
995 168 1090 222 ET
1127 166 1429 221 TRAIANI
1464 164 1676 219 ΤΕΜΡ.
1711 160 1907 216 IURIS
1948 158 2373 215 CONSULTI

1196 368 1415 427 Liber
1450 368 1522 427 X.

1084 488 1182 553 De
1225 486 1627 553 servitutibus.

529 612 633 676 49.
699 609 777 673 D.
817 610 876 681 8,
915 606 976 688 3,
1019 605 1098 669 13
1139 626 1233 688 pr.
1338 600 1681 664 Iavolenus
1745 598 1915 661 libro
1984 596 2255 661 decimo
2342 619 2441 660 ex

353 700 603 766 Cassia
664 736 740 745 —
792 698 965 763 Certo
1004 694 1212 777 yeneri
1256 709 1549 772 ayrorum
1589 688 1842 767 adouiri
1877 686 2149 751 servitus
2174 690 2447 770 potest,

349 791 514 855 velut
563 789 785 870 vineis,
835 786 998 867 quod
1047 803 1119 846 ea
1173 781 1259 844 ad
1308 778 1507 842 solum
1561 777 1761 858 mayis
1810 795 2001 856 quam
2048 775 2142 837 ad
2186 794 2438 855 super-

351 880 550 961 ficiem
591 878 869 959 pertinet.
951 873 1080 935 ideo
1115 867 1373 934 sublatis
1407 866 1605 929 vineis
1638 864 1897 929 servitus
1933 862 2241 927 manebit.
2306 864 2445 927 sed

349 969 410 1032 si
462 968 533 1030 in
585 962 998 1030 contrahenda
1048 958 1333 1024 servitute
1376 954 1556 1019 atiud
1597 958 1801 1017 actum
1846 953 1994 1033 erit,
2056 952 2195 1015 doli
2244 952 2439 1016 mali

351 1055 615 1137 exceptio
659 1054 778 1117 erit
819 1048 1179 1115 necessaria.

530 1165 774 1223 Pei-nice
831 1162 891 1221 Z.
944 1161 999 1219 d.
1041 1155 1309 1217 Sam-St.
1346 1153 1457 1229 IX,
1509 1154 1632 1211 197
1679 1171 1737 1209 n.
1780 1154 1816 1209 2
1875 1149 2089 1209 verba:
2154 1144 2299 1209 ‘sed
2370 1152 2433 1210 si

355 1289 439 1298 —
477 1244 838 1313 neeessaria'
887 1246 1246 1308 sententiam
1283 1243 1354 1301 D.
1388 1244 1447 1319 8,
1478 1245 1533 1317 1,
1562 1242 1602 1297 4
1630 1260 1719 1315 pr.
1758 1240 2019 1298 relatam
2055 1239 2437 1314 respiciens

351 1342 720 1419 interpolata
757 1357 886 1397 esse
921 1338 1113 1412 putat.
1185 1332 1371 1391 Lenel
1406 1347 1547 1388 vero
1584 1327 1648 1386 P.
1686 1327 1750 1385 H
1786 1327 1895 1386 col.
1939 1330 2112 1387 1261
2157 1328 2437 1387 mavult

353 1434 444 1493 ita.
479 1432 929 1505 interpungere:
967 1426 1129 1483 certo
1166 1419 1372 1499 generi
1411 1448 1487 1459 —-
1528 1416 1737 1475 vineis.
1810 1415 1973 1491 quod
2021 1433 2097 1473 ea
2144 1447 2228 1457 —
2274 1435 2429 1492 per.

351 1522 532 1595 tinet,
579 1518 730 1577 ideo,

536 1620 639 1685 50.
695 1617 774 1681 D.
801 1613 954 1679 ibid.
985 1616 1024 1689 ξ
1057 1613 1112 1675 1.
1164 1647 1239 1655 -
1291 1606 1365 1672 Si
1409 1611 1568 1671 totus
1612 1624 1759 1686 ayer
1802 1605 2018 1668 itineri
2064 1609 2187 1667 aut
2234 1607 2430 1669 actui

353 1711 556 1791 servit,
603 1707 890 1771 dominus
934 1702 1004 1765 in
1047 1720 1112 1763 eo
1157 1717 1307 1779 ayro
1352 1695 1512 1759 nihil
1552 1694 1757 1773 facere
1779 1696 2000 1774 potest,
2046 1713 2172 1773 quo
2210 1696 2423 1758 servi-

355 1806 455 1865 tus
508 1796 909 1877 impediatur,
962 1808 1117 1869 quae
1169 1788 1264 1849 ita
1316 1782 1551 1861 diffusa
1608 1786 1720 1859 est,
1775 1786 1847 1844 ut
1890 1800 2103 1845 omnes
2145 1782 2429 1863 ylaebae

353 1887 656 1965 serviant,
705 1884 818 1945 aut
859 1878 917 1942 si
961 1879 1076 1940 iter
1121 1879 1360 1938 actusve
1402 1872 1534 1935 sine
1577 1870 1713 1933 ulla
1757 1870 2285 1933 determinatione
2334 1870 2429 1935 le·

348 1983 536 2059 yatus
581 1977 682 2050 est,
728 1969 904 2033 modo
950 1963 1453 2030 determinabitur
1486 1964 1543 2023 et
1576 1979 1700 2039 qua
1726 1959 2013 2040 primurn
2052 1959 2177 2022 iter
2212 1961 2425 2024 deter-

354 2066 668 2130 minatum
722 2062 833 2140 est,
888 2075 962 2118 ea
1013 2053 1270 2117 servitus
1323 2048 1597 2113 consistit
1610 2043 1652 2126 ¹,
1706 2051 1931 2110 ceterae
1977 2051 2205 2128 partes
2265 2050 2423 2131 ayri

356 2155 582 2218 liberae
624 2151 784 2212 sunt.
848 2143 1040 2225 iyitur
1083 2140 1311 2203 arbiter
1354 2136 1596 2200 dandus
1640 2139 1742 2218 est,
1788 2136 1897 2216 qui
1941 2141 2210 2215 utroque
2257 2157 2427 2201 casu

353 2244 526 2308 viam
571 2234 976 2301 determinare
1019 2229 1196 2293 debet.

538 2326 642 2391 51.
709 2329 780 2386 D.
816 2320 968 2384 ibid.
1005 2320 1045 2396 ἓ
1083 2317 1142 2378 2.
1195 2351 1267 2360 -
1320 2311 1615 2375 Latitudo
1669 2315 1843 2374 actus
1898 2311 2280 2394 itinerisque
2338 2335 2422 2376 ea

355 2424 468 2502 est,
515 2433 672 2496 quae
717 2409 1130 2476 demonstrata
1173 2407 1274 2466 est.
1346 2400 1505 2480 quod
1546 2399 1605 2462 si
1647 2397 1810 2461 nihil
1854 2399 2095 2463 dictum
2140 2405 2249 2480 est,
2300 2401 2425 2467 hoc

356 2508 436 2570 ab
480 2503 716 2569 arbitro
760 2495 1150 2564 statuendum
1197 2493 1298 2554 est.
1378 2489 1445 2550 in
1488 2487 1593 2549 via
1639 2486 1817 2548 aliud
1859 2487 2030 2552 iuris
2076 2493 2202 2566 est;
2251 2511 2423 2554 nam

356 2597 416 2658 si
460 2595 626 2659 diota
673 2587 930 2652 latitudo
974 2601 1101 2646 non
1145 2583 1252 2659 est,
1301 2575 1572 2656 leyitima
1618 2573 1877 2638 debetur.
2154 2611 2163 2621 ·

539 2679 645 2744 52.
713 2676 785 2739 D.
815 2672 966 2736 ibid.
997 2672 1035 2748 ξ
1064 2669 1122 2732 3.
1166 2703 1240 2712 -
1284 2663 1360 2728 Si
1405 2662 1567 2726 locus
1610 2681 1737 2724 non
1782 2663 2027 2726 adiecta
2066 2664 2421 2730 latitudine

358 2770 719 2835 nominatus
773 2767 883 2843 est,
930 2777 1043 2838 per
1095 2775 1231 2818 eum
1287 2750 1552 2832 qualibet
1596 2750 1681 2812 iri
1714 2751 1980 2830 poterit‚·
2038 2754 2146 2816 sin
2196 2759 2415 2824 autem

345 2853 830 2936 praetermissus
875 2850 964 2910 est
1005 2862 1188 2922 aeque
1233 2839 1555 2902 latitudine
1587 2857 1713 2900 non
1750 2839 2015 2923 adiecta,
2044 2845 2052 2852 '
2054 2861 2175 2921 per
2214 2847 2411 2907 totum

356 2944 630 3021 fundum
683 2956 815 3001 una
855 2932 1085 3014 poterit
1134 2928 1274 3006 eliyi
1318 2927 1421 2988 via
1466 2926 1793 2988 dumtaxat
1835 2927 1972 2990 eius
2022 2929 2416 3010 latitudinis,

359 3050 518 3110 quae
565 3028 686 3107 zeye
729 3019 1151 3100 comprehensa
1195 3018 1313 3089 est;
1357 3032 1474 3092 pro
1518 3032 1635 3092 quo
1681 3013 1839 3094 ipsO,
1885 3015 1945 3078 si
1993 3017 2413 3104 dubitabitur,

359 3116 590 3181 arbitri
632 3110 906 3191 officium
952 3102 1357 3169 invocandum
1400 3104 1498 3162 est.

543 3200 646 3264 53.
715 3197 790 3258 D.
828 3196 898 3274 8,
943 3193 1011 3274 6,
1065 3191 1144 3253 14
1181 3209 1274 3270 pr.
1373 3186 1711 3250 Iavolenus
1771 3187 1943 3252 libro
2006 3191 2271 3260 decimo
2330 3219 2407 3261 ex

365 3289 614 3356 Cassio.
660 3319 747 3330 --
792 3280 866 3345 Si
920 3280 1110 3358 locu-3,
1151 3295 1270 3355 per
1322 3293 1497 3354 quem
1548 3276 1655 3338 via
1708 3279 1823 3339 aut
1874 3277 1997 3341 iter
2054 3287 2175 3345 aut
2230 3290 2411 3350 aetus

362 3377 702 3453 debebatur,
747 3369 974 3444 impetu
1017 3363 1297 3446 fluminis
1343 3367 1666 3440 occupatus
1710 3368 1861 3427 esset
1903 3370 1963 3429 et
1998 3368 2185 3434 intra
2224 3372 2409 3438 bien-

509 3526 538 3574 1
581 3517 674 3572 Fz.
715 3512 980 3569 constitit.
