2575 3900
298 187 427 249 522
1026 184 1586 241 ADDJTAMENTA.

298 371 482 413 servo
550 369 693 412 meo
761 347 856 412 vel
926 369 1085 430 pure
1144 349 1245 413 vel
1313 348 1433 412 sub
1499 347 1870 414 condicione
1935 348 2157 413 eadem
2213 371 2322 413 res

296 436 517 521 legata
574 439 674 500 est
728 455 977 521 egoque
1032 437 1322 522 legatum
1379 437 1552 522 quod
1599 437 1760 502 mihi
1807 437 2025 502 datum
2076 442 2176 502 est
2222 459 2322 502 re-

296 525 575 609 pudiem,
641 523 868 590 deinde
918 524 1320 607 [condicione
1378 527 1718 608 existente]
1778 525 1846 590 id
1901 525 2074 612 quod
2129 548 2324 591 servo

294 635 438 678 meo
504 613 792 698 legatum
858 620 974 696 est,
1039 614 1267 679 vellem
1335 613 1416 679 ad
1481 637 1583 678 me
1649 615 2003 700 pertinere,
2062 620 2322 699 partem

297 703 497 787 legati
545 702 809 767 deficere
858 724 1240 786 responsum
1286 708 1402 768 est.

986 872 1086 937 De
1128 873 1627 954 fideicommissis.

477 987 602 1051 17‘?
650 986 726 1052 D.
766 987 869 1066 31,
911 986 1011 1070 70,
1049 988 1109 1051 2.
1154 987 1333 1052 Idem
1380 985 1496 1074 (sc.
1544 983 1970 1072 Papinianus)
2011 986 2179 1052 libro
2226 988 2327 1052 vi·

292 1076 532 1140 cesimo
600 1073 1078 1150 Quaestionum.
1148 1113 1223 1123 —
1297 1075 1460 1142 Cum
1529 1077 1790 1160 quidam
1853 1075 1988 1140 filio
2053 1097 2172 1141 suo
2239 1098 2328 1141 ex

293 1168 479 1248 parte
558 1163 790 1228 herede
854 1165 1157 1229 instituto
1222 1171 1525 1248 patruum
1590 1166 1729 1229 eius
1803 1164 2182 1228 coheredem
2257 1166 2325 1229 ei

294 1253 578 1316 dedisset
635 1255 699 1316 et
752 1254 834 1317 ab
863 1275 962 1318 -eo
1023 1254 1310 1338 petisset,
1367 1259 1440 1318 ut
1486 1254 1692 1318 filium
1741 1275 1927 1317 suum
1975 1274 2091 1336 pro
2140 1254 2323 1318 virili

292 1343 593 1426 portione
633 1341 782 1406 filiis
823 1342 956 1406 suis
999 1342 1377 1408 coheredem
1426 1342 1684 1425 faceret,
1723 1343 1778 1406 si
1809 1341 2064 1426 quidem
2103 1343 2323 1406 minus

295 1435 465 1494 esset
511 1431 578 1493 in
623 1430 796 1494 virili
845 1433 1159 1514 portione,
1206 1454 1400 1515 quam
1445 1432 1664 1495 fratris
1703 1430 2027 1496 hereditas
2067 1430 2324 1514 habuit,

293 1519 457 1583 nihil
503 1519 779 1602 amplius
818 1519 954 1603 peti
992 1541 1199 1603 posse,
1238 1520 1410 1603 quod
1450 1520 1505 1583 si
1540 1521 1708 1605 plus,
1737 1519 1933 1583 etiam
1971 1518 2326 1600 fructuum,

293 1629 453 1691 quos
518 1614 787 1692 patruus
850 1609 1140 1692 percepit
1202 1610 1336 1690 vel,
1406 1631 1553 1673 cum
1617 1610 1943 1692 percipere
2009 1610 2324 1692 potuerit,

293 1697 441 1761 dolo
497 1719 625 1761 non
684 1696 879 1781 cepit,
944 1697 1306 1762 habendam
1365 1719 1504 1761 esse
1561 1697 1878 1761 rationem
1934 1718 2319 1780 responsum

293 1789 409 1869 est,
456 1807 585 1850 non
628 1807 806 1850 secus
848 1807 1039 1870 quam
1081 1786 1133 1849 si
1175 1792 1433 1850 centum
1470 1785 1733 1850 milibus
1771 1786 2007 1870 legatis
2045 1789 2322 1871 rogetur

292 1877 450 1960 post
496 1880 753 1958 tempus
802 1875 1114 1939 maiorem
1163 1875 1597 1960 quantitatem
1643 1875 1997 1939 restituere.

478 1963 601 2028 18?
651 1963 727 2027 D.
776 1965 879 2047 32,
932 1965 1030 2044 11,
1079 1966 1134 2029 3.
1196 1964 1510 2047 Ulpianus
1556 1964 1727 2028 libro
1777 1964 2055 2029 secundo
2101 1962 2325 2029 Fidei-

293 2054 801 2117 commissorum.
863 2089 945 2098 —
996 2052 1155 2117 Cum
1222 2057 1394 2117 esset
1449 2053 1594 2137 quis
1651 2055 1920 2136 rogatus
1977 2050 2325 2119 restituere

292 2142 654 2224 portionem
721 2147 984 2227 accepta
1059 2146 1235 2207 certa
1300 2142 1692 2227 quantitate,
1760 2163 2142 2225 responsum
2222 2147 2326 2207 est

291 2232 461 2294 ultro
518 2236 735 2315 petere
781 2231 992 2315 ipsum
1040 2231 1606 2295 fideicommissum
1663 2230 1746 2295 ab
1811 2230 2046 2294 herede
2107 2252 2325 2313 posse.

954 2399 1054 2464 De
1100 2401 1366 2465 libertate
1408 2401 1638 2465 relicta.

474 2514 573 2577 19.
643 2514 717 2578 D.
784 2516 896 2597 28,
958 2514 1027 2598 5,
1097 2516 1253 2600 8pr.
1319 2514 1499 2580 Idem
1574 2512 1690 2601 (sc.
1752 2510 2072 2600 Iulianus)
2146 2515 2319 2581 libro

293 2603 576 2669 secundo
627 2604 704 2668 ad
754 2602 1051 2669 Urseium
1099 2603 1418 2668 Ferocem.
1469 2640 1542 2650 —-
1597 2603 1743 2668 Duo
1794 2604 1950 2667 socii
1997 2602 2319 2687 quendam

292 2714 550 2757 servum
635 2714 1037 2757 communem
1130 2697 1524 2758 testamento
1608 2692 1781 2756 facto
1863 2692 2166 2756 heredem
2253 2697 2319 2757 et

290 2783 567 2846 liberum
633 2804 774 2845 esse
834 2782 1187 2861 iusserunt3
1253 2782 1439 2845 ruina
1511 2782 1703 2846 simul
1780 2781 2071 2864 oppressi
2143 2782 2316 2864 peri-

292 2875 493 2935 erant.
568 2871 855 2954 plerique
934 2870 1408 2954 responderunt
1462 2870 1584 2936 hoc
1641 2892 1791 2935 casu
1852 2869 2102 2934 duobus
2150 2872 2315 2934 orci-

289 2982 443 3023 num
492 2958 791 3023 heredem
842 2960 1130 3023 existere.

471 3048 573 3111 20.
641 3047 715 3111 D.
781 3050 894 3125 40,
966 3048 1039 3129 4,
1111 3049 1263 3131 9pr.
1328 3047 1644 3132 Ulpianus
1718 3048 1888 3112 libro
1960 3047 2318 3114 vicensimo

292 3138 522 3218 quarto
589 3136 667 3199 ad
735 3135 1064 3201 Sabinum.
1129 3173 1213 3182 —
1281 3134 1349 3201 Si
1414 3137 1556 3221 quis
1617 3137 1710 3200 ita
1763 3138 2018 3222 legatus
2075 3138 2188 3220 sit,
2244 3142 2320 3201 ut

292 3224 819 3302 manumittatur,
886 3224 941 3289 si
1003 3227 1436 3290 manumissus
1492 3247 1622 3289 non
1679 3225 1897 3308 fuerit,
1952 3224 2116 3289 liber
2171 3247 2317 3291 esse

290 3312 505 3375 iussus
560 3310 679 3376 sit¹
735 3314 917 3396 eique
964 3314 1239 3397 legetur:
1302 3320 1367 3378 et
1416 3314 1786 3378 libertatem
1834 3318 2196 3397 competere
2247 3319 2319 3379 et

289 3402 583 3485 legatum
630 3400 845 3465 deberi
894 3424 1083 3485 saepe
1130 3424 1514 3486 responsum
1562 3406 1680 3467 est.

436 3562 464 3609 1
516 3557 609 3611 Fc.
650 3558 750 3613 est.
