2575 3900
318 174 447 241 184
473 173 571 230 ΙΙΙ.
593 174 747 229 GAII
766 173 1065 229 CLAUDII
1084 172 1358 229 NERON.
1377 173 1670 229 GALBAE
1689 173 1903 231 TEMP.
1923 173 2119 229 lums
2139 171 2343 229 CONS.

315 338 698 421 exusserint,
740 337 909 402 libro
946 335 1009 401 X
1047 336 1316 402 Urseius
1353 336 1554 403 refert
1589 334 1900 403 Sabinum
1935 337 2345 419 respondisse

315 427 461 513 lege
500 425 761 512 Aquilia
796 447 1129 491 servorum
1165 426 1428 491 nomine
1468 426 1804 491 dominum
1843 427 2066 491 noxali
2100 426 2342 493 iudicio

316 516 843 597 conveniendum,
889 536 967 579 ex
1000 516 1216 580 locato
1256 518 1474 581 autem
1510 515 1845 581 dominum
1879 514 2088 581 teneri
2124 520 2341 600 negat.

315 602 629 671 Proculus
691 608 907 669 autem
970 604 1304 688 respondit
1313 656 1330 688 ,
1393 625 1542 672 cum
1605 604 1822 671 coloni
1885 603 2054 669 servi
2117 603 2343 668 villam

314 692 707 776 exusserint,
770 692 1071 759 colonum
1135 692 1240 757 vel
1305 714 1382 757 ex
1445 694 1661 759 locato
1717 693 1820 758 vel
1874 694 2017 778 lege
2073 691 2343 777 Aquilia

315 784 551 867 teneri,
606 781 703 847 ita
748 785 820 847 ut
874 782 1142 848 colonus
1188 802 1412 848 servos
1456 784 1682 866 posset
1725 803 1934 847 noxae
1980 781 2226 865 dedere,
2273 785 2341 845 et

316 872 371 936 si
430 893 557 936 uno
606 870 845 936 iudicio
890 891 993 935 res
1042 874 1215 935 esset
1256 868 1571 956 iudicata,
1627 871 1835 936 altero
1882 869 2160 954 amplius
2205 891 2343 935 non

316 960 656 1045 agendum.

491 1065 623 1133 36¹³.
670 1065 749 1131 D.
778 1066 839 1149 9,
867 1067 926 1147 2,
955 1066 1058 1149 27,
1085 1067 1185 1130 11.
1250 1064 1574 1149 Ulpianus
1611 1065 1779 1131 libro
1819 1068 2047 1130 octavo
2089 1063 2338 1130 decimo

313 1156 393 1220 ad
451 1157 749 1221 edictum.
791 1192 868 1202 —
909 1154 1222 1220 Proculus
1278 1155 1398 1237 ait,
1453 1176 1600 1220 cum
1646 1155 1857 1220 coloni
1903 1154 2072 1218 servi
2117 1153 2340 1219 villam

314 1246 737 1328 exussissent,
802 1244 1099 1310 colonum
1153 1242 1257 1307 vel
1311 1264 1392 1307 ex
1446 1243 1661 1308 locato
1715 1244 1819 1307 vel
1873 1242 2018 1328 lege
2075 1242 2342 1326 Aquilia

313 1335 547 1413 teneri,
600 1335 697 1400 ita
749 1337 823 1398 ut
874 1334 1141 1398 colonus
1186 1333 1398 1416 possit
1443 1353 1663 1397 servos
1709 1352 1914 1397 noxae
1961 1330 2219 1415 dedere,
2275 1335 2344 1395 et

316 1424 370 1487 si
424 1444 553 1488 uno
610 1423 845 1488 iudicio
891 1444 992 1486 res
1042 1426 1214 1485 esset
1257 1421 1564 1502 iudicata,
1621 1420 1826 1485 altero
1883 1420 2161 1503 amplius
2207 1441 2342 1485 non

316 1512 651 1595 agendum.
762 1510 876 1576 sed
950 1510 1108 1575 haec
1170 1510 1291 1595 ita,
1365 1510 1423 1575 si
1486 1510 1675 1593 culpa
1739 1510 2004 1574 colonus
2067 1512 2340 1591 careret3

315 1603 599 1664 ceterum
655 1598 713 1665 si
765 1598 991 1665 noxios
1048 1621 1267 1664 servos
1325 1599 1577 1682 habuit,
1633 1598 1852 1663 damni
1905 1619 2051 1662 eum
2105 1598 2344 1662 iniuria

313 1688 549 1771 teneri,
609 1710 722 1753 cur
779 1689 947 1753 tales
1010 1688 1259 1754 habuit.
1368 1688 1539 1752 idem
1599 1686 1985 1751 servandum
2044 1689 2111 1750 et
2168 1685 2342 1752 circa

313 1777 777 1861 inquilinorum
820 1778 1070 1842 insulae
1115 1799 1427 1861 personas
1476 1776 1716 1842 scribit.

493 1884 599 1948 37.
654 1881 733 1950 D.
775 1884 876 1964 18,
913 1884 973 1963 6,
1014 1885 1114 1950 13.
1158 1883 1260 1951 14.
1353 1883 1591 1948 Paulus
1648 1881 1817 1947 libro
1873 1882 2068 1947 tertio
2114 1882 2343 1947 Alfeni

321 1972 775 2057 Epitomarum
828 1970 928 2060 (P.
955 1971 1075 2058 52)
1132 1978 1198 2038 et
1248 1972 1540 2039 Iulianus
1595 1972 1763 2038 libro
1821 1973 2016 2037 tertio
2081 1972 2163 2037 ad
2217 1972 2342 2039 Ur-

317 2063 523 2128 seium
585 2061 893 2128 Ferocem
959 2058 1062 2148 (P.
1098 2062 1279 2148 910).
1333 2099 1424 2112 —
1477 2061 1712 2127 Lectos
1779 2065 2031 2145 emptos
2095 2061 2341 2143 aedilis,

317 2173 461 2216 cum
515 2151 584 2216 in
630 2153 735 2216 via
779 2152 1042 2235 publica
1083 2152 1285 2236 positi
1333 2155 1564 2236 essent,
1622 2151 1918 2216 concidit.
2011 2150 2066 2215 si
2112 2150 2342 2215 traditi

318 2244 535 2305 essent
609 2240 888 2324 emptori
960 2244 1074 2305 aut
1154 2262 1271 2324 per
1346 2263 1490 2305 eum
1566 2240 1855 2304 stetisset
1928 2260 2055 2323 quo
2127 2240 2339 2304 minus

315 2329 747 2412 traderentur,
795 2329 1107 2413 emptoris
1154 2330 1514 2414 periculum
1561 2349 1702 2392 esse
1746 2329 1974 2408 placet.
2013 2328 2024 2412 Ι
2066 2349 2339 2411 eumque

316 2440 461 2483 cum
502 2418 712 2502 aedili,
750 2417 807 2481 si
843 2418 909 2482 id
946 2440 1080 2483 non
1117 2419 1257 2482 iure
1292 2418 1572 2499 fecisset,
1608 2416 1980 2480 habiturum
2020 2417 2339 2481 actionem

315 2507 476 2592 legis
539 2507 867 2592 Aquiliae,
940 2511 1054 2572 aut
1124 2510 1296 2573 certe
1371 2527 1516 2572 cum
1579 2505 1914 2571 venditore
1978 2526 2056 2570 ex
2119 2509 2337 2588 empto

316 2597 636 2681 agendum
695 2617 862 2679 esse,
921 2600 995 2660 ut
1046 2596 1104 2661 is
1162 2596 1454 2661 actiones
1501 2615 1682 2677 suas,
1735 2615 1896 2678 quas
1942 2615 2087 2659 cum
2134 2593 2341 2658 aedile

314 2685 679 2768 habuisset,
724 2687 784 2749 ei
831 2688 1206 2769 praestaret.

639 2879 740 2945 De
782 2879 1362 2962 interroyationibus
1405 2879 1476 2942 in
1520 2879 1656 2942 iure
1694 2878 2016 2960 faciendis.

496 3004 600 3069 38.
665 3003 747 3067 D.
787 3004 888 3087 11,
930 3005 987 3080 1,
1025 3004 1125 3068 18.
1228 3002 1516 3067 Iulianus
1570 3001 1738 3066 libro
1795 3005 2024 3086 quarto
2081 3001 2162 3066 ad
2217 2998 2340 3064 Ur-

318 3091 520 3158 seium
586 3091 887 3156 Ferocem
953 3089 1049 3177 (P.
1097 3088 1272 3179 923).
1345 3127 1420 3138 -
1492 3089 1617 3166 Qui
1683 3113 1761 3155 ex
1824 3094 2006 3174 parte
2072 3087 2340 3154 dimidia

316 3181 503 3245 heres
561 3184 701 3245 erat
755 3201 897 3245 cum
953 3181 1287 3246 absentem
1343 3179 1720 3245 coheredem
1769 3201 1957 3244 suum
2003 3177 2340 3243 defendere

317 3270 536 3352 vellet,
595 3273 668 3333 ut
724 3270 1163 3334 satisdationis
1221 3292 1384 3335 onus
1441 3269 1682 3333 evItare
1736 3269 1975 3352 possit,
2027 3266 2140 3352 <in
2195 3267 2338 3332 iure

316 3357 801 3444 interrogatus>
871 3360 1205 3444 respondit
1277 3380 1348 3423 se
1424 3357 1636 3421 solum
1700 3357 2003 3421 heredem
2068 3377 2206 3421 esse
2273 3358 2340 3419 et

320 3446 780 3512 condemnatus
829 3453 942 3513 est.
1011 3448 1362 3532 quaerebat
1409 3450 1605 3529 actor,
1653 3467 1798 3510 cum
1845 3447 1986 3530 ipse
2023 3443 2337 3511 solvendo

324 3555 450 3600 *lon
505 3539 701 3621 esset,
759 3559 839 3602 an
893 3539 1168 3603 rescisso
1226 3533 1554 3618 superiore
1600 3534 1837 3600 iudicio
1885 3536 1953 3599 in
1999 3557 2172 3619 eum,
2227 3533 2340 3618 qui
