2575 3900
314 182 447 247 354
520 182 585 237 V.
624 180 922 237 NERVAE
958 180 1054 237 ET
1094 181 1400 238 TRAIANI
1437 179 1653 236 TEMP.
1690 180 1882 236 IURIS
1920 179 2280 236 CONSULTI

494 350 743 411 Pernice
796 351 1050 411 fortasse
1108 350 1179 411 de
1241 350 1392 410 iuris
1456 350 1612 410 sacri
1673 350 1943 428 collegiis
2009 369 2344 411 sermonem

316 458 447 501 esse
514 440 753 519 egregie
817 440 1036 499 conicit
1089 458 1215 518 arg.
1263 440 1380 515 leg.
1435 438 1646 499 Genet.
1691 458 1740 499 c.
1800 442 1912 500 67:
1979 434 2162 500 ‘neve-
2205 441 2340 516 quis

316 548 494 605 quem
546 528 611 587 in
657 528 993 607 conlegium
1038 528 1389 604 pontificum
1433 528 1642 605 kapito
1689 528 1990 607 sublegito
2059 532 2340 605 cooptato

314 618 430 677 nisi
475 620 620 677 tunc
666 635 804 677 cum
839 618 1037 677 minus
1074 617 1267 677 tribus
1305 616 1688 694 pontificibus
1725 636 1796 677 ex
1832 617 1906 676 iis
1945 616 2048 694 qui
2076 617 2343 678 coloniae

317 705 642 767 Genetivae
690 708 832 767 sunt
875 700 1095 765 erunt?

1008 876 1108 943 De
1149 878 1406 962 neyotiis
1444 880 1645 962 yestiS.

494 984 598 1051 65.
661 983 740 1049 D.
777 985 839 1071 3,
874 984 935 1067 5,
976 985 1077 1049 17.
1174 984 1414 1050 Paulus
1451 985 1643 1050 libro
1700 1006 1870 1051 nono
1926 984 2007 1050 ad
2064 985 2343 1051 edictum

316 1073 415 1159 (P.
447 1070 620 1159 190).
671 1110 747 1120 —
802 1073 1111 1138 Proculus
1168 1077 1235 1138 et
1288 1073 1579 1160 Pegasus
1635 1075 1873 1139 bonam
1928 1073 2121 1139 fidem
2177 1096 2344 1160 eum,

318 1163 428 1248 qui
474 1162 543 1226 in
591 1163 899 1227 servitute
945 1182 1167 1248 gerere
1213 1162 1444 1247 coepit,
1487 1167 1817 1247 praestare
1863 1163 2096 1228 debere
2135 1163 2344 1248 aiunt3

319 1251 592 1337 ideoque
621 1257 953 1336 quantum,
990 1252 1046 1316 si
1074 1252 1239 1317 alius
1270 1252 1410 1316 eius
1437 1252 1702 1336 negotia
1730 1252 2058 1338 gessisset,
2087 1273 2344 1317 servare

316 1340 660 1425 potuisset,
705 1345 962 1406 tantum
1009 1360 1174 1425 eum,
1222 1340 1334 1425 qui
1376 1362 1416 1405 a
1453 1345 1655 1405 semet
1691 1341 1833 1425 ipso
1870 1362 2003 1406 non
2041 1341 2348 1425 exegerit,

317 1430 731 1515 negotiorum
778 1432 1111 1514 gestorum
1158 1430 1412 1496 actione
1456 1432 1955 1513 praestaturum,
2001 1430 2058 1495 si
2100 1430 2342 1513 aliquid

318 1519 551 1583 habuit
597 1519 669 1582 in
712 1519 991 1605 peculio,
1036 1518 1217 1584 cuius
1263 1518 1627 1583 retentione
1671 1518 1737 1582 id
1785 1519 2030 1584 servari
2074 1517 2344 1604 potuit¹.

314 1608 485 1675 idem
528 1607 856 1674 Neratius.

388 1786 496 1852 Ex
539 1786 760 1869 quobus
803 1785 1009 1851 causis
1052 1786 1318 1851 maiores
1360 1784 1508 1849 XX
1519 1785 1577 1851 V
1614 1787 1802 1851 annis
1845 1786 1916 1850 in
1960 1786 2270 1869 inteqrum

1115 1875 1540 1940 restituuntur.

497 1984 599 2049 66.
655 1980 734 2045 D.
761 1983 824 2062 4,
852 1983 913 2063 6,
946 1981 1045 2064 15,
1074 1983 1133 2047 3.
1222 1979 1545 2065 Ulpianus
1601 1982 1768 2047 libro
1824 1981 2204 2047 duodecimo
2263 1981 2345 2046 ad

320 2069 739 2186 edictumgP.
757 2068 937 2157 431).
978 2107 1053 2117 —
1096 2119 1145 2134 ..
1194 2070 1367 2154 quod
1412 2071 1791 2156 simpliciter
1834 2075 2100 2154 praetor
2144 2069 2346 2135 edixit

320 2161 649 2245 ‘posteave
711 2159 806 2223 ita
842 2158 1282 2242 accipiendum
1321 2164 1438 2242 est,
1473 2164 1567 2243 ut,
1605 2160 1661 2225 si
1690 2158 1995 2226 inchoata
2025 2159 2110 2224 sit
2135 2159 2346 2224 bonae

319 2249 469 2314 fidei
538 2249 933 2333 possessoris
997 2248 1354 2314 detentatio
1421 2253 1569 2313 ante
1638 2248 2086 2332 [absentiam],
2157 2247 2347 2313 finita

320 2343 537 2433 agitem
600 2359 886 2422 reverso,
949 2337 1382 2404 restitutionis
1449 2338 1758 2403 auxilium
1823 2337 2040 2403 locum
2101 2336 2346 2401 habeat

319 2450 450 2494 non
513 2426 925 2514 quandoque,
988 2426 1099 2492 sed
1161 2427 1257 2491 ita
1321 2425 1604 2508 demum,
1668 2426 1724 2492 si
1787 2427 1960 2490 intra
2021 2424 2346 2490 modicum

319 2525 573 2601 tempus
613 2539 811 2603 quam
846 2515 1037 2580 rediit
1074 2515 1198 2581 hoc
1234 2515 1527 2599 contigit,
1564 2515 1632 2579 id
1668 2519 1767 2580 est
1803 2514 1954 2579 dum
1987 2514 2344 2598 hospitium

322 2607 467 2690 quis
506 2606 823 2690 conducit,
859 2604 1215 2671 sarcinulas
1253 2604 1602 2688 componit,
1642 2604 1898 2689 quaerit
1931 2602 2369 2685 advocatum3·

320 2719 471 2761 nam
518 2718 693 2779 cum,
743 2695 855 2781 qui
901 2693 1115 2758 differt
1160 2693 1671 2775 restitutionem,
1718 2714 1850 2758 non
1896 2713 2038 2756 csse
2085 2691 2342 2757 audien-

321 2785 473 2850 dum
518 2783 829 2852 Neratius
876 2782 1117 2848 scribit.

895 2958 997 3025 De
1038 2960 1370 3025 netralibus
1414 2959 1767 3025 actionibus.

501 3067 601 3130 67.
648 3064 729 3130 D.
749 3067 808 3147 9,
828 3067 890 3144 4,
909 3067 1014 3148 21,
1037 3067 1095 3131 6.
1176 3065 1500 3150 Ulpianus
1546 3065 1714 3130 libro
1760 3064 2112 3130 vicensimo
2148 3064 2346 3128 tertio

323 3157 402 3222 ad
460 3155 737 3220 edictum
784 3152 885 3240 (P.
915 3154 1091 3244 68⁵1).
1144 3191 1220 3202 —
1274 3153 1344 3219 Si
1396 3153 1842 3219 iusiurandum
1897 3155 2115 3239 exegit
2165 3157 2346 3218 actor

322 3265 594 3328 reusque
651 3244 890 3309 iuravit
946 3242 1061 3329 (sc.
1116 3244 1185 3308 in
1241 3265 1358 3308 sua
1411 3247 1737 3327 potestate
1794 3264 2048 3308 servum
2101 3263 2167 3306 se
2213 3262 2346 3330 non

322 3331 618 3418 habere),
685 3332 912 3398 deinde
976 3338 1205 3417 postea
1276 3334 1498 3397 noxali
1564 3331 1724 3396 velit
1799 3334 1980 3396 actor
2051 3330 2344 3414 experiri,

323 3420 668 3486 videndum
707 3425 824 3505 est,
861 3444 945 3486 an
983 3421 1275 3504 exceptio
1315 3420 1734 3486 iurisiurandi
1768 3420 2000 3484 debeat
2038 3418 2342 3485 adversus

469 3567 496 3614 1
540 3559 632 3616 Fe.
668 3561 871 3629 potest.
