2575 3900
928 198 977 246 5.
1026 191 1304 247 SEXTUS
1341 191 1600 246 PEDIUS
2187 192 2270 256 85

919 354 999 408 In
1033 354 1125 407 ius
1160 353 1341 407 vocati
1375 357 1438 406 ut
1475 358 1616 407 eant.

430 452 493 516 4.
567 452 644 516 D.
691 454 751 536 2,
796 455 858 534 4,
910 454 1009 534 10,
1062 453 1161 517 12.
1270 451 1596 535 Ulpianus
1665 452 1831 516 libro
1898 453 2126 538 quinto
2194 453 2275 518 ad

248 541 536 606 edictum
584 537 683 627 (P.
714 503 891 628 2'63).
930 579 1010 588 —
1052 542 1321 606 Praetor
1359 542 1475 605 ait:
1522 539 1612 603 ‘in
1651 541 1752 604 ius
1789 541 1918 606 nisi
1955 543 2275 644 permissu

244 652 397 694 meo
446 653 527 694 ne
576 632 719 714 quis
766 629 993 696 vocet’.
1078 631 1506 714 permissurus
1556 631 1724 693 enim
1767 638 1882 708 6813,
1929 631 1986 696 si
2021 631 2274 696 famosa

246 718 426 784 actio
473 741 605 784 non
653 720 743 783 sit
786 720 891 784 vel
930 719 1235 803 pudorem
1278 740 1409 783 non
1447 719 1738 802 sugillat,
1786 740 1912 802 qua
1959 723 2274 804 patronus

247 809 637 872 convenitur
681 808 782 872 vel
828 812 1147 892 parentes,
1238 812 1304 871 613
1346 810 1556 871 1301311111
1603 807 1726 871 1106
1773 829 1965 872 causa
2011 809 2274 893 cognita

246 897 447 961 debet
502 896 739 980 faceret,
802 919 952 960 nam
1008 895 1332 960 interdum
1390 896 1584 960 etiam
1641 917 1718 959 ex
1765 917 1959 961 causa
2003 896 2274 981 famosa,

245 990 325 1049 ut
379 984 615 1048 Pedius
681 991 893 1070 putat,
959 986 1334 1068 permittere
1399 985 1588 1048 debet
1651 989 1994 1068 patronum
2050 986 2118 1049 in
2173 988 2272 1050 ius

245 1073 474 1138 vocari
539 1096 577 1138 a
641 1075 906 1158 libertor,
971 1075 1026 1137 si
1092 1097 1235 1138 eum
1298 1073 1678 1158 gravissima
1731 1075 1966 1139 iniuria
2022 1075 2273 1160 adfecit,

244 1162 529 1245 flagellis
574 1164 742 1228 forte
789 1163 1033 1229 cecidit.

528 1319 615 1374 Ne
650 1321 772 1388 quis
807 1337 951 1385 eum,
988 1321 1085 1388 qui
1120 1320 1182 1373 in
1218 1321 1308 1373 ius
1343 1320 1652 1384 vocabitur,
1687 1321 1746 1374 vi
1780 1321 1997 1374 eximat.

429 1419 488 1483 5.
535 1419 614 1483 D.
645 1421 705 1503 2,
736 1422 792 1503 7,
822 1422 973 1504 3pr.
1048 1419 1368 1504 Ulpianus
1407 1419 1574 1484 libro
1614 1420 1841 1502 quinto
1881 1420 1959 1483 acl
1995 1421 2272 1485 edictum

248 1507 349 1592 (P.
388 1505 599 1595 26912).
645 1546 733 1558 -
781 1509 965 1584 Quod
1024 1508 1081 1573 si
1135 1530 1388 1572 servum
1437 1508 1578 1591 quis
1627 1509 1861 1571 exemit
1904 1509 1970 1573 in
2017 1511 2118 1573 ius
2163 1532 2272 1575 vo-

245 1601 496 1679 catum,
559 1596 792 1662 Pedius
860 1601 1047 1680 putat
1102 1617 1354 1660 cessare
1412 1597 1716 1677 edictum,
1780 1597 2086 1682 quoniam
2141 1622 2274 1663 non

246 1685 377 1750 fuit
422 1707 727 1769 persona,
775 1708 937 1771 quae
983 1685 1053 1750 in
1100 1687 1199 1750 ius
1245 1687 1462 1750 vocari
1507 1686 1737 1769 potuit.

1023 1843 1110 1897 De
1145 1841 1513 1896 vadimoniis?

428 1944 485 2009 6.
550 1942 630 2008 Ι).
675 1943 781 2028 50,
834 1945 931 2026 16,
980 1944 1077 2027 13,
1121 1945 1175 2008 1.
1275 1943 1454 2007 Idem
1520 1942 1634 2026 (sc.
1690 1940 2039 2031 Ulpianus)
2105 1944 2272 2010 libro

248 2033 529 2117 septimo
577 2033 982 2097 ad'edictum
1034 2032 1133 2118 (P.
1162 2031 1343 2117 300).
1386 2069 1460 2080 —
1513 2033 1640 2097 Res
1689 2033 1913 2097 abesse
1954 2034 2272 2118 videntur,

248 2126 321 2185 ut
371 2118 653 2187 Sabinus
710 2121 805 2185 ait
860 2126 924 2185 et
969 2121 1202 2185 Pedius
1251 2122 1514 2205 probat,
1569 2122 1764 2186 etiam
1812 2122 1954 2203 hae,
2002 2145 2272 2206 quarum

248 2231 482 2293 corpus
530 2218 769 2292 manet,
814 2210 1024 2274 forma
1060 2213 1315 2274 mutata
1353 2216 1479 2294 est3
1526 2217 1591 2274 et
1625 2210 1788 2293 icle0,
1838 2212 1893 2275 si
1933 2218 2271 2296 corruptae

245 2299 537 2363 redditae
577 2300 710 2364 sint
740 2301 839 2363 vel
867 2299 1386 2384 transfiguratae,
1431 2300 1633 2363 videri
1671 2300 1917 2384 abesse,
1964 2302 2269 2385 quoniam

243 2389 624 2471 plerumque
670 2388 814 2473 plus
863 2392 965 2451 est
1008 2390 1071 2451 in
1121 2409 1350 2451 manus
1396 2389 1633 2472 preti0,
1681 2411 1876 2472 quam
1922 2390 1990 2452 in
2037 2411 2122 2452 re.

427 2508 501 2566 cf.
530 2508 761 2567 Lenelii
788 2507 979 2567 Edict.
1008 2529 1064 2583 p.
1099 2510 1198 2567 69.
1258 2508 1418 2565 idem
1444 2508 1541 2567 vir
1569 2507 1946 2567 doctissimus
1974 2512 2148 2568 notat
2175 2509 2266 2571 P.:

248 2590 553 2656 ‘videntur
597 2597 745 2656 haec
788 2597 1092 2673 pertinere
1129 2597 1207 2654 ad
1247 2597 1398 2654 talia
1434 2597 1559 2653 fere
1598 2597 1778 2655 edicti
1814 2598 2024 2656 verba:
2073 2597 2136 2655 Si
2172 2617 2267 2657 res

244 2685 409 2744 furto
460 2686 667 2745 abesse
715 2680 1027 2745 dicentur'.

1061 2889 1274 2948 Liber
1320 2888 1456 2949 VII.

976 2997 1063 3052 De
1099 2997 1330 3067 neqotiis
1362 2998 1540 3067 yestis.

426 3107 484 3169 7.
532 3104 607 3169 D.
637 3107 696 3189 3,
725 3106 784 3185 5,
815 3106 873 3185 5,
908 3108 1006 3171 11.
1078 3105 1256 3171 Idem
1293 3104 1410 3192 (sc.
1441 3103 1786 3192 Ulpianus)
1819 3107 1987 3171 libro
2020 3106 2265 3173 decimo

242 3195 324 3259 ad
390 3194 668 3259 edictum
734 3192 833 3281 (P.
882 3195 1057 3279 350).
1114 3232 1201 3241 —-
1256 3248 1269 3259 .
1312 3246 1326 3261 .
1368 3197 1699 3279 quaeritur
1763 3196 1930 3280 apud
1995 3195 2267 3261 Pedium

240 3283 410 3348 libro
461 3284 767 3366 septimo,
820 3285 877 3348 si
923 3283 1166 3348 Titium
1215 3286 1403 3368 quasi
1451 3284 1806 3349 debitorem
1853 3288 2039 3349 tuum
2085 3289 2268 3349 extra

240 3372 550 3437 iudicium
609 3373 997 3437 admonuero
1056 3376 1120 3436 et
1163 3373 1219 3436 is
1265 3373 1427 3436 mihi
1476 3372 1765 3452 solverit,
1823 3395 1967 3437 cum
2016 3374 2268 3439 debitor

238 3484 373 3526 non
422 3465 611 3544 esset,
657 3465 851 3545 tuque
896 3464 1127 3545 postea
1172 3464 1552 3544 cognoveris
1593 3466 1656 3527 et
1691 3465 1904 3526 ratum
1944 3462 2266 3544 habueri8‚

240 3573 325 3615 an
370 3550 783 3632 negotiorum
831 3554 1159 3635 gestorum
1207 3551 1463 3615 actione
1512 3573 1612 3615 me
1655 3551 1868 3634 possis
1907 3551 2263 3615 convenire.
