2575 3900
357 195 488 261 392
561 197 627 252 V.
664 196 965 252 NERVAE
1004 196 1098 251 ΕΤ
1133 196 1439 251 TRAIANI
1475 196 1691 252 TEMP.
1727 196 1919 253 IURIS
1957 197 2327 255 CONSULTI

1208 413 1310 479 De
1352 416 1527 480 rivis,

533 537 635 603 60.
682 538 762 604 D.
789 538 896 619 43,
925 540 1029 619 21,
1059 540 1119 621 3,
1148 540 1206 604 6.
1282 538 1597 622 Ulpianus
1644 538 1811 604 libro
1852 541 2391 625 septuagensimo

356 625 438 689 ad
485 626 762 692 edictum
809 626 910 711 (P.
943 626 1160 713 1584).
1215 664 1289 675 -
1342 628 1567 693 Aristo
1616 631 1683 693 et
1728 627 1803 693 de
1850 628 2143 693 cuniculo
2190 632 2387 694 resti-

353 715 613 800 tuend0,
657 738 773 800 per
819 737 1010 800 quem
1050 739 1250 800 vapor
1282 717 1583 801 trahitur,
1628 717 1698 781 in
1734 717 2085 783 balneariis
2122 718 2385 803 vapori·
2472 752 2479 759 ·

356 804 475 869 bus
513 809 706 889 putat
743 805 967 869 utilem
1006 806 1325 871 actionem
1365 809 1755 891 competere3
1795 809 1862 871 et
1890 805 2015 871 erit
2040 805 2385 873 dicendum

354 894 511 957 utile
548 893 962 959 interdictum
998 890 1116 982 (sc.
1155 896 1232 960 de
1268 891 1455 981 rivis)
1495 918 1572 960 ex
1608 895 1729 960 hac
1767 916 1959 961 eausa
1995 900 2383 981 competere.

533 1005 608 1065 cf.
659 1004 732 1063 D.
774 1006 831 1083 8,
871 1008 929 1082 5,
969 1007 1026 1084 8,
1067 1011 1124 1066 7.
1214 1006 1510 1083 Ulpianus
1568 1007 1607 1067 1.
1652 1007 1828 1066 XVII
1884 1008 1959 1067 ad
2018 1008 2107 1066 ed.
2209 1007 2385 1067 Idem

355 1086 465 1177 (sc.
513 1088 908 1174 Pomponius)
1108 1098 1171 1156 et
1224 1096 1285 1154 in
1341 1096 1593 1156 balineis
1648 1088 1875 1177 (potius
1919 1088 2272 1177 balneariis)
2322 1145 2336 1157 .
2368 1144 2385 1157 .

353 1183 678 1259 vaporibus
715 1202 853 1243 eum
891 1182 1184 1255 Quintilla
1221 1184 1562 1245 cuniculum
1598 1188 1946 1263 pergentem
1982 1186 2045 1245 in
2081 1186 2223 1245 Ursi
2258 1186 2385 1245 Iuli

354 1272 763 1351 instruxisset,
809 1273 1037 1348 placuit
1080 1274 1348 1350 potuisse
1394 1275 1549 1333 tales
1596 1274 1917 1334 servitutes
1963 1275 2208 1350 imponi.

1041 1445 1220 1527 Quod
1257 1447 1321 1511 vi
1334 1443 1351 1456 '
1364 1452 1478 1511 aut
1518 1446 1695 1512 clam.

532 1570 636 1635 61.
682 1569 760 1635 D.
788 1570 893 1654 43,
923 1570 1028 1654 24,
1061 1572 1119 1651 1,
1149 1571 1209 1636 8.
1289 1568 1607 1654 Ulpianus
1645 1571 1812 1637 libro
1852 1572 2382 1658 septuagensimo

354 1658 563 1742 primo
629 1658 709 1723 ad
767 1660 1046 1724 edictum
1102 1655 1200 1746 (P.
1243 1657 1461 1745 1592).
1516 1696 1605 1707 -
1662 1710 1718 1725 ..
1748 1710 1763 1723 .
1800 1658 2023 1727 Aristo
2080 1661 2175 1725 ait
2228 1682 2383 1727 eum

356 1767 610 1831 quoque
665 1748 730 1812 vi
781 1747 1022 1832 facere,
1081 1749 1215 1832 qui,
1272 1770 1418 1813 cum
1474 1750 1668 1813 sciret
1712 1770 1781 1814 se
1825 1748 2230 1833 prohibitum
2276 1750 2378 1835 iri,

354 1856 469 1920 per
514 1837 645 1899 vim
692 1836 958 1902 molitus
1010 1841 1134 1919 est,
1179 1858 1260 1900 ne
1307 1836 1636 1921 prohiberi
1681 1840 1904 1921 possit.

533 1923 663 1990 62?
709 1924 787 1991 D
807 1926 915 2010 43,
943 1926 1048 2010 24,
1076 1927 1136 2008 3,
1167 1928 1223 1994 7.
1250 1926 1319 2010 83
1356 1927 1463 2028 4⁸3,
1492 1927 1597 2012 24,
1624 1927 1780 2012 5pr.
1849 1925 2167 2052 Ulpianus
2207 1926 2381 1996 libro

355 2018 1138 2170 ῗὲἓέἲέἕὲἔέῗέοοέἔέἒὲ
1187 2015 2105 2191 ἓὲιῑῖῗέοὲἶῗα,(Ρειὲῗῖἷιζνῑι
2150 2014 2380 2170 .ἓέἶῖ

357 2192 597 2257 sarium
671 2214 876 2276 neque
943 2193 1004 2258 ei
1070 2192 1501 2276 denuntiavit,
1575 2193 1631 2258 si
1696 2194 1884 2260 modo
1951 2195 2173 2260 timuit
2237 2195 2377 2260 eius

356 2281 864 2347 controversiam
903 2289 1016 2346 aut
1053 2281 1275 2347 debuit
1314 2283 1557 2347 timere.
1641 2282 1811 2348 idem
1850 2279 2108 2370 (item?)
2147 2282 2375 2351 Aristo

355 2372 545 2454 putat
606 2392 753 2436 eum
818 2392 1071 2456 quoque
1136 2372 1303 2435 clam
1367 2371 1603 2454 facere,
1669 2372 1781 2458 qui
1845 2372 2095 2436 celandi
2158 2372 2376 2438 animo

355 2456 564 2524 cavet¹
620 2481 789 2544 eum,
846 2481 1036 2545 quem
1092 2458 1571 2544 prohibiturum
1627 2481 1695 2524 se
1750 2460 2142 2526 intellexerit
2196 2465 2262 2525 et
2310 2461 2376 2525 id

356 2548 684 2613 existimat
749 2550 863 2613 aut
927 2548 1294 2613 existimare
1360 2548 1553 2612 debet
1616 2570 1684 2614 se
1749 2550 2148 2632 prohibitum
2214 2549 2314 2615 iri.
2358 2546 2374 2637 Ι

357 2641 470 2702 aut
512 2638 623 2723 qui
660 2638 851 2702 aliter
885 2637 1059 2722 fecit,
1105 2659 1302 2722 quam
1342 2637 1774 2722 denuntiavit,
1819 2638 1920 2704 vel
1958 2637 2070 2723 qui
2107 2637 2375 2724 decepto

354 2726 517 2791 facit
571 2748 675 2809 eo,
734 2726 815 2791 ad
871 2747 1058 2811 quem
1114 2726 1430 2809 pertinuit
1482 2748 1613 2792 non
1666 2723 1869 2811 fieri',
1924 2728 2026 2792 vel
2082 2728 2379 2794 consulto

355 2818 495 2880 tum
561 2815 900 2880 denuntiat
954 2815 1352 2901 adversario,
1418 2837 1564 2880 cum
1621 2837 1767 2880 eum
1823 2816 1945 2882 scit
1999 2837 2132 2882 non
2184 2838 2377 2900 posse

355 2901 724 2986 prohibere,
784 2903 886 2968 vel
942 2907 1077 2968 tam
1124 2924 1268 2968 sero
1318 2904 1727 2988 pronuntiat,
1781 2910 1855 2972 ut
1901 2905 2117 2970 venire
2163 2904 2379 2989 prohi-

355 2989 634 3074 biturus,
697 2991 875 3074 prius
942 3013 1136 3077 quam
1195 2993 1335 3076 fiat,
1397 3014 1531 3058 non
1595 2992 1822 3078 possit.
1931 2997 1998 3058 et
2060 2993 2221 3059 haec
2281 2993 2378 3058 ita

355 3074 727 3144 Labeonem
772 3079 1046 3164 probare
1095 3080 1318 3144 Aristo
1366 3083 1477 3147 ait.

535 3167 639 3234 63.
713 3167 788 3232 D.
835 3168 942 3253 43,
988 3169 1093 3252 24,
1147 3171 1244 3246 11,
1297 3171 1396 3234 11.
1501 3167 1821 3256 Ulpianus
1889 3171 2056 3236 libro
2123 3175 2379 3256 septua-

356 3255 652 3339 gensimo
717 3256 925 3339 primo
993 3258 1072 3321 ad
1138 3258 1418 3322 edictum
1488 3257 1584 3344 (P.
1630 3259 1845 3344 1597).
1910 3296 1987 3306 —
2059 3259 2279 3325 Aristo
2320 3309 2334 3324 .
2362 3310 2375 3325 .

359 3342 585 3408 scribit
619 3366 751 3409 non
785 3341 1246 3432 (omnimodo)
1281 3347 1644 3430 possessori
1671 3369 1809 3413 esse
1839 3348 2380 3434 denuntiandum3

503 3504 529 3552 1
571 3499 664 3554 ΓΖ.
701 3499 889 3555 habet.

499 3574 530 3622 2
574 3569 668 3625 ΓΖ.
705 3569 904 3626 facere.
