2575 3900
813 178 864 227 6.
907 170 1325 227 IAVOLENUS
1360 170 1657 227 PRISCUS
2118 169 2248 235 441

1051 334 1154 400 De
1201 336 1433 419 leyatis.

947 456 1042 516 De
1084 457 1270 531 fwndo
1315 457 1539 531 leyato?

412 566 472 632 5.
515 565 598 634 D.
628 567 732 650 33,
763 567 822 650 7,
855 568 953 632 11.
1024 565 1367 631 Iavolenus
1396 566 1564 631 libro
1596 564 1875 631 secundo
1907 587 1985 630 ex
2012 544 2257 630 Cassia.

229 692 318 704 —
362 656 607 722 Eadem
651 656 814 721 ratio
859 660 948 721 est
981 656 1051 720 in
1085 654 1321 739 avibus,
1364 676 1521 738 quae
1557 656 1627 719 in
1663 654 1890 721 insulis
1922 654 2261 719 maritimis

230 746 509 811 aluntur.

408 839 484 899 cf.
523 836 685 898 Cass,
723 837 796 898 D.
836 840 895 913 7,
937 839 992 915 1,
1033 839 1090 914 9,
1131 838 1168 897 5
1208 828 1320 917 (11,
1359 839 1393 896 1
1434 857 1492 912 p.
1530 828 1683 916 44.).

977 997 1072 1056 De
1113 1014 1277 1057 servo
1323 998 1519 1071 legato,

414 1101 474 1164 6.
520 1098 596 1163 D.
627 1100 733 1181 31,
760 1099 866 1166 37.
936 1098 1278 1164 Iavolenus
1322 1098 1487 1163 libro
1527 1096 1736 1182 primo
1775 1119 1853 1162 ex
1891 1094 2134 1162 Cassio,
2173 1131 2259 1143 —

239 1188 363 1271 Qui
425 1193 777 1254 testamento
840 1188 1144 1253 inutiliter
1194 1188 1621 1252 manumissus
1673 1190 1762 1251 est
1814 1186 2009 1270 leyari
2060 1186 2263 1251 eodem

237 1282 589 1343 testamento
620 1281 829 1360 potest,
864 1278 1016 1358 quia
1053 1277 1270 1342 totiens
1304 1276 1613 1358 efficacior
1647 1280 1737 1341 est
1770 1274 2016 1341 libertas
2053 1274 2265 1358 leyatO,

235 1368 510 1450 quotiens
551 1367 797 1453 utiliter,
830 1367 980 1431 data
1023 1369 1124 1431 est.

1077 1563 1297 1625 Liber
1341 1564 1419 1625 H.

1062 1683 1163 1749 Dc
1206 1684 1439 1767 leoatis.

982 1804 1078 1864 De
1120 1822 1282 1864 servo
1330 1806 1528 1880 leyat0.

422 1916 480 1983 7.
526 1912 608 1980 D.
639 1914 744 2000 33,
771 1914 833 1998 5,
863 1915 964 1982 14.
1037 1914 1379 1981 Iavolenus
1407 1913 1575 1981 libro
1606 1915 1884 1981 secundo
1914 1936 1992 1980 ex
2019 1911 2265 1980 Cassia

235 2041 330 2054 —-
374 2005 468 2090 Si,
521 2026 663 2071 cum
707 2006 869 2087 optio
912 2006 1074 2070 servi
1115 2025 1190 2070 ex
1232 2005 1524 2071 universa
1562 2003 1818 2086 familia
1864 2005 2061 2088 legata
2104 2007 2268 2082 esset,

242 2094 413 2161 heres
458 2095 726 2177 aliquem
759 2095 1134 2176 priusquam
1178 2099 1491 2176 optaretur
1534 2095 1924 2176 manumisit,
1969 2094 2055 2158 ad
2096 2091 2270 2158 liber-

243 2188 431 2250 tatem
474 2205 612 2248 eum
657 2185 721 2247 in
729 2184 906 2247 terim
941 2203 1068 2248 non
1101 2183 1402 2267 perducit,
1446 2204 1689 2249 servum
1726 2188 1931 2247 tamen
1966 2202 2143 2264 quem
2175 2181 2269 2244 ita

243 2273 679 2338 manumiserit
721 2273 968 2355 amittit,
1013 2274 1163 2353 quia
1207 2273 1263 2337 is
1308 2277 1421 2336 aut
1462 2273 1679 2337 electus
1722 2271 1915 2354 lcyato
1960 2270 2116 2335 cedit
2156 2272 2270 2334 aut

238 2362 488 2426 relictus
533 2367 676 2426 tunc
721 2360 872 2425 liber
915 2360 1268 2426 ostenditur.

423 2449 481 2515 8.
537 2449 615 2514 D.
645 2449 749 2533 31,
777 2450 881 2515 38.
971 2449 1149 2513 Idem
1197 2447 1315 2532 (sc.
1362 2444 1726 2534 Iavolenus)
1773 2447 1940 2512 libro
1988 2446 2266 2513 secundo

249 2558 328 2602 ex
383 2534 628 2603 Cassio.
697 2573 774 2584 —
846 2538 1023 2619 Quod
1072 2557 1280 2602 servus
1338 2537 1568 2620 lcyatus
1620 2543 1765 2602 ante
1816 2537 2054 2601 aditam
2105 2535 2266 2601 here-

241 2627 495 2691 ditatem
539 2627 856 2711 adquisiit‚
897 2625 1215 2692 hereditati
1259 2627 1551 2707 adgluirit.

855 2791 951 2850 De
993 2793 1148 2851 servi
1181 2792 1413 2865 peculio
1458 2793 1655 2866 leqatO.

421 2891 482 2956 9.
528 2890 606 2957 D.
629 2892 734 2975 33,
763 2892 822 2973 8,
856 2893 956 2956 17.
1025 2891 1375 2957 Iavolenus
1404 2892 1574 2957 libro
1605 2890 1885 2956 secundo
1914 2912 1992 2956 ex
2020 2888 2269 2957 Cassio.

247 3017 324 3029 —
388 2980 512 3063 Qui
559 2981 878 3063 peculium
939 2981 1102 3046 servi
1164 2981 1489 3064 leyaverat,
1555 2983 1854 3046 iudicium
1906 3001 1972 3045 eo
2023 2981 2273 3045 nomine

243 3075 571 3154 acceperat,
615 3071 831 3135 deinde
872 3071 1214 3135 decesserat.
1284 3071 1532 3153 placuit
1572 3091 1699 3135 non
1743 3071 1925 3135 aliter
1957 3069 2271 3152 peculium

245 3180 321 3225 ex
382 3178 574 3225 causa
638 3159 821 3242 leyati
863 3160 1207 3243 praestari,
1270 3180 1459 3242 quam
1515 3160 1574 3225 si
1625 3161 1699 3225 de
1750 3162 1986 3240 accepto
2040 3158 2271 3224 iudicio

241 3247 447 3314 heredi
491 3253 814 3314 caveretur.

916 3340 1012 3401 De
1055 3343 1345 3402 alimentis
1388 3343 1606 3416 leyatis.

428 3442 527 3507 10.
574 3441 654 3508 D.
685 3443 789 3523 34,
822 3443 878 3525 1,
909 3443 968 3507 6.
1040 3440 1384 3507 Iavolenus
1417 3442 1583 3509 libro
1613 3444 1889 3509 secundo
1919 3451 1997 3507 e'x
2025 3440 2272 3508 Cassio.

244 3565 328 3579 ——
377 3530 630 3613 Leyatis
686 3531 1000 3596 alimentis
1053 3530 1292 3596 cibaria
1343 3535 1401 3596 et
1445 3532 1693 3596 vestitus
1735 3536 1793 3596 et
1833 3531 2129 3596 habitatio
2174 3532 2271 3596 de-
