2575 3900
940 213 989 263 5
1033 206 1264 264 ‘rmus
1302 208 1559 265 Amsro
2120 212 2245 276 371

236 376 536 453 sufficere3
597 395 724 436 esse
775 376 930 435 enim
977 381 1376 454 contractum,
1422 377 1579 453 quod
1623 377 1829 438 Aristo
1877 378 2250 460 συνάλλαγμα

234 466 405 542 dicit,
453 465 610 525 unde
656 466 803 525 haec
845 466 1116 525 nascitur
1158 458 1355 526 actio'.

1018 636 1120 704 De
1161 639 1454 704 societate.

416 763 517 828 11.
571 761 651 827 D.
685 762 784 844 17,
811 763 874 845 2,
903 761 1003 827 62.
1094 761 1492 847 Pomponius
1547 762 1713 828 libro
1762 765 1956 829 tertio
2001 764 2248 831 decimo

231 852 314 917 ad
381 848 696 917 Sabinum
761 848 858 935 (P.
894 848 1071 933 586).
1129 886 1218 897 ——
1279 848 1349 915 Si
1411 850 1625 916 Titius
1690 873 1835 918 cum
1899 874 2025 938 quo
2087 855 2249 920 mihi

233 940 514 1005 societas
589 944 730 1005 erat
803 939 1150 1005 decesserit
1211 960 1459 1026 egoque
1523 961 1668 1005 cum
1730 945 2025 1024 putarem
2088 942 2248 1007 Titii

228 1029 669 1094 hereditatem
717 1028 798 1093 ad
843 1026 1060 1093 Seium
1105 1028 1456 1111 pertinere,
1512 1030 1934 1095 communiter
1976 1052 2123 1096 cum
2169 1054 2247 1097 eo

227 1140 336 1183 res
391 1116 784 1183 vendiderim
835 1121 902 1181 et
954 1119 1211 1200 partem
1256 1118 1564 1200 pecuniae
1611 1140 1688 1183 ex
1734 1119 2101 1184 venditione
2145 1142 2244 1185 re-

229 1207 460 1272 dactae
514 1227 664 1292 ego,
715 1211 970 1290 partem
1015 1202 1200 1271 Seius
1253 1206 1619 1290 abstulerit,
1673 1212 1769 1292 te,
1822 1208 1933 1292 qui
1977 1230 2046 1273 re
2092 1230 2246 1274 vera

229 1294 406 1362 Titio
449 1296 638 1361 heres
683 1316 770 1377 es,
815 1298 1070 1377 partem
1112 1294 1193 1358 ad
1229 1316 1333 1359 me
1370 1296 1669 1361 redactae
1704 1297 2015 1381 pecuniae
2050 1299 2245 1363 socie-

226 1384 390 1449 tatis
454 1383 690 1450 iudicio
733 1405 886 1449 ‚non
948 1387 1437 1448 consecuturum
1502 1382 1769 1449 Neratio
1834 1393 1900 1450 et
1952 1385 2245 1451 Aristoni

225 1472 547 1558 placebat,
575 1472 728 1558 quia
755 1492 936 1537 meae
964 1471 1305 1537 dumtaxat
1329 1473 1533 1557 partis
1562 1474 1777 1556 pretia
1796 1475 2244 1560 percepissem,

223 1582 435 1645 neque
472 1563 824 1646 interesset,
858 1566 1076 1625 utrum
1111 1582 1230 1646 per
1265 1582 1335 1625 se
1365 1564 1585 1645 partes
1614 1582 1791 1626 meas
1817 1562 2244 1629 vendidissem

225 1673 313 1716 an
359 1650 784 1716 communiter
829 1672 975 1715 cum
1013 1670 1110 1734 eo,
1155 1650 1266 1736 qui
1301 1651 1583 1734 reliquas
1619 1654 1835 1735 partes
1872 1651 1957 1716 ad
1994 1673 2063 1717 se
2098 1674 2243 1736 per-

223 1740 438 1806 tinere
484 1739 740 1805 diceret.
831 1738 1117 1824 alioquin
1161 1743 1566 1822 eventurum,
1620 1744 1696 1804 ut
1741 1740 1966 1825 etiam,
2012 1741 2068 1804 si
2114 1742 2241 1807 duo

224 1828 388 1894 socii
433 1850 565 1893 rem
614 1827 1036 1910 vendiderint,
1081 1826 1519 1913 unusquisque
1558 1826 1781 1911 (eius)
1825 1829 1995 1913 quod
2042 1828 2122 1894 ad
2171 1852 2241 1896 se

220 1918 590 2003 pervenerit
652 1920 908 2003 partem
974 1916 1160 1982 alteri
1227 1917 1557 1984 societatis
1616 1916 1851 1983 iudicio
1911 1927 2241 2003 praestare

223 2007 474 2073 debeat.
534 2007 646 2072 sed
680 2028 800 2071 nec
834 2009 903 2071 te
941 2027 1018 2070 ex
1053 2009 1259 2090 parte,
1296 2028 1489 2091 quam
1517 2005 1897 2072 hereditatis
1925 2007 2241 2092 petitione

220 2096 393 2161 forte
432 2118 470 2161 a
497 2093 645 2160 Seio
681 2099 1140 2161 consecuturus
1179 2095 1287 2179 sie,
1326 2095 1671 2181 quicquam
1709 2094 1872 2159 mihi
1908 2099 2238 2180 praestare

221 2184 471 2271 debere,
508 2184 662 2269 quia
694 2183 864 2268 quod
901 2184 984 2248 ad
1013 2181 1230 2249 Seium
1256 2185 1639 2267 pervenerit,
1666 2187 1922 2251 tuarum
1949 2186 2236 2269 partium

218 2273 508 2359 pretium
555 2271 642 2338 sit
683 2293 801 2338 nec
846 2272 927 2336 ad
973 2293 1077 2336 me
1120 2272 1467 2338 habentem
1515 2293 1728 2337 meum
1773 2273 2113 2358 quicquam
2160 2297 2237 2340 ex

221 2383 298 2427 eo
345 2360 550 2428 redire
596 2361 844 2426 debeat.

1029 2484 1130 2550 De
1171 2485 1423 2566 nuptiis.

404 2609 504 2674 12.
577 2608 654 2674 D.
696 2609 801 2691 23,
837 2610 898 2692 2,
933 2609 1040 2676 40.
1145 2606 1543 2691 Pomponius
1615 2607 1781 2673 libro
1855 2611 2083 2691 quarto
2157 2631 2233 2674 ex

216 2697 479 2762 Plautio
527 2695 622 2800 (P.
652 2696 828 2784 340).
879 2733 954 2743 —
1003 2695 1228 2762 Aristo
1273 2695 1609 2781 respondit
1650 2695 1990 2781 privignae
2032 2697 2234 2761 filiam

215 2808 352 2853 non
398 2787 608 2870 magis
654 2807 918 2851 uxorem
963 2785 1108 2850 duci
1149 2806 1339 2870 posse
1376 2806 1567 2869 quam
1604 2784 1812 2869 ipsam
1848 2784 2233 2870 privignam.

957 2979 1059 3046 De
1100 2981 1485 3047 condictione.

400 3107 499 3172 13.
573 3104 651 3170 D.
693 3104 793 3189 13,
830 3105 888 3189 1,
928 3106 1026 3188 12,
1064 3106 1122 3170 2.
1232 3103 1551 3188 OEpianus
1613 3105 1784 3170 libro
1848 3105 2229 3190 trigensimo

215 3199 450 3262 octavo
497 3194 578 3258 ad
625 3193 901 3259 edictum
939 3192 1036 3279 (P.
1057 3191 1307 3277 1058b).
1350 3229 1427 3240 —
1467 3192 1772 3260 Neratius
1812 3193 1993 3260 libris
2030 3193 2231 3259 Mem-

213 3285 564 3350 branarum
593 3282 966 3348 Aristonem
993 3282 1394 3348 existimasse
1421 3283 1621 3348 refert
1647 3305 1811 3366 eum,
1842 3283 1946 3348 cui
1973 3282 2232 3368 pignori

209 3395 318 3438 res
374 3371 526 3438 data
582 3371 695 3456 sit,
749 3371 978 3436 incerti
1031 3370 1437 3436 condictione
1484 3375 1805 3457 acturum,
1859 3371 1915 3437 si
1961 3393 2037 3436 ea
2084 3370 2231 3436 sub·

211 3465 403 3546 repta
449 3464 566 3526 est.

393 3571 466 3635 of.
503 3571 782 3648 Pflueger
826 3570 890 3629 Z.
917 3569 972 3630 d.
1003 3569 1270 3632 Sam-St.
1294 3568 1500 3629 XVIII
1525 3591 1585 3646 p.
1616 3573 1761 3630 112.

1693 3669 1804 3722 24*
