2575 3900
807 193 856 242 6.
901 187 1122 242 IAVOL
1131 186 1315 242 ENUS
1350 186 1649 243 PRISCUS
2100 187 2235 250 477

185 357 443 436 partem
496 351 824 416 dimidiam
869 350 1014 433 leyo.
1089 351 1343 414 eundem
1383 349 1654 429 fundum
1706 349 1867 415 Titio
1914 349 2081 434 leyo'.
2170 353 2232 416 si

198 440 394 508 Seius
447 442 779 519 decesserit,
822 459 981 520 pars
1041 441 1172 503 eius
1230 439 1472 520 utrique
1522 441 1841 523 adcrescit,
1898 442 2047 521 quia
2091 461 2232 505 cum

195 531 543 613 separatim
588 534 646 592 et
683 533 891 608 partes
928 528 1118 607 fandi
1159 532 1219 592 et
1261 532 1420 592 totus
1456 529 1685 610 leyatns
1721 532 1817 613 sit,
1862 547 2091 593 necesse
2125 534 2230 611 est,

196 625 278 684 ut
322 639 396 684 ea
431 637 589 700 pars
630 637 786 697 quae
831 620 1020 680 cessat
1051 637 1172 698 pro
1208 618 1490 698 portione
1535 617 1716 698 leyati
1750 618 1964 698 cuique
1997 637 2227 703 eornm,

197 708 431 790 quibas
471 706 710 786 fund-ns
753 706 1089 786 separatim
1135 705 1367 787 leyatas
1411 710 1522 788 est,
1567 707 1889 770 adcrescat.

389 795 493 861 38.
557 795 628 858 D.
665 794 816 859 ibid.
855 796 894 874 ἓ
937 796 994 859 1.
1038 831 1128 841 -
1173 796 1236 858 Α
1289 815 1385 858 me
1437 795 1646 859 herede
1702 795 1887 859 uxori
1931 815 2099 858 meae
2140 795 2232 858 ita

202 886 476 968 Zeyatum
530 888 646 948 est:
707 882 1026 965 ‘quidquid
1066 889 1320 965 propter
1379 881 1611 946 Titiam
1664 884 1750 948 ad
1805 882 2018 948 Seium
2072 884 2233 948 dotis

211 975 466 1039 nomine
479 973 775 1054 pervenit,
817 977 1056 1036 tantam
1071 972 1405 1053 pemmiam
1433 971 1610 1036 Seius
1635 971 1804 1036 heres
1831 993 1999 1037 meus
2030 972 2235 1036 Titiae

203 1061 348 1128 det'.
427 1081 676 1143 quaero,
739 1081 828 1124 an
887 1061 1264 1125 deductiones
1318 1062 1737 1143 impensarum
1789 1062 1929 1143 fieri
1971 1061 2233 1150 possint,

207 1173 371 1235 quae
412 1153 648 1234 fierent,
694 1150 752 1215 si
786 1150 859 1214 de
904 1170 971 1212 re
1020 1147 1278 1213 uxoria²
1325 1153 1618 1251 ayeretnr.

389 1238 751 1322 Respondit:
803 1259 929 1302 non
973 1238 1200 1321 dubito,
1241 1239 1393 1319 quin
1440 1237 1659 1321 [uxori
1699 1237 1884 1322 suae]
1930 1239 2095 1320 qnod
2138 1239 2233 1302 ita

209 1330 478 1412 leqatum
521 1333 635 1392 est:
681 1325 747 1390 a
793 1331 847 1390 te
889 1326 1056 1392 heres
1095 1332 1245 1408 peto,
1293 1327 1593 1408 quidquid
1632 1327 1720 1391 ad
1762 1333 1816 1391 te
1843 1328 2231 1409 pervenisset,

210 1423 284 1483 ut
343 1411 586 1481 tantam
647 1417 704 1480 ei
756 1413 982 1500 dares',
1046 1419 1171 1479 tota
1224 1417 1333 1479 dos
1383 1417 1517 1480 sine
1567 1416 1808 1480 ratione
1860 1416 2236 1481 deductionis

211 1508 633 1589 impensarum
696 1502 1014 1588 [mulieri]
1068 1503 1367 1569 debeatur.
1466 1525 1590 1568 non
1645 1507 1846 1568 autem
1900 1505 2059 1568 idem
2114 1505 2233 1587 ins,

213 1594 460 1678 (quod)
505 1594 740 1658 servari
783 1593 948 1657 debet
989 1612 1063 1656 ex
1108 1597 1455 1657 testamento
1500 1593 1800 1674 extranei,
1844 1598 2121 1657 servatur
2165 1595 2234 1658 in

215 1688 563 1749 testamento
625 1682 773 1760 viri,
835 1682 942 1762 qui
995 1681 1192 1745 dotem
1252 1682 1439 1745 uxori
1497 1682 1802 1763 relcyavit.
1909 1681 2008 1746 hic
2068 1683 2234 1746 enim

219 1772 556 1837 taoeationis
610 1771 734 1835 loco
787 1769 1128 1834 habendum
1183 1776 1268 1834 est
1322 1769 1641 1852 ‘quidquid
1681 1771 1767 1834 ad
1809 1774 1863 1834 te
1895 1769 2198 1852 pervenit’
2209 1792 2231 1849 ;

217 1862 344 1927 illic
388 1866 606 1938 autem,
652 1859 757 1924 ubi·
800 1860 895 1922 vir
937 1859 1120 1923 uxori
1158 1859 1397 1942 relegat,
1442 1861 1513 1924 id
1544 1860 1781 1923 videtur
1818 1860 2030 1943 leyare‚
2075 1861 2239 1942 quod

221 1953 288 2015 in
329 1952 554 2015 iudicio
599 1950 692 2012 rei
741 1945 1032 2013 uxoriae²
1077 1950 1301 2013 mulier
1345 1954 1735 2014 consecutura
1776 1947 1985 2029 fuerit.

396 2039 498 2103 39.
558 2036 631 2100 D.
662 2038 853 2118 29‚4,
891 2039 986 2101 11.
1067 2038 1405 2103 Iavolenus
1449 2039 1614 2102 libro
1654 2037 1931 2121 septimo
1971 2036 2234 2119 Epistu-

222 2128 444 2191 larum.
506 2164 590 2172 —
629 2116 720 2192 Si
774 2127 852 2190 ab
897 2128 1173 2192 instituto
1218 2133 1275 2190 et
1316 2128 1636 2191 substituto
1685 2128 1893 2192 eadem
1936 2146 2036 2191 res
2080 2127 2236 2190 mihi

223 2216 420 2299 leyata
471 2218 556 2280 sit
606 2221 664 2279 et
714 2216 940 2279 omissa
995 2236 1184 2280 causa
1229 2218 1568 2280 testamenti
1610 2216 1998 2281 hereditatem
2031 2217 2233 2298 possi-

227 2306 408 2369 deant
469 2304 615 2389 zeye,
676 2305 916 2368 etiamsi
977 2305 1054 2367 ab
1116 2308 1369 2386 utroque
1429 2305 1521 2369 sol
1526 2306 1693 2369 idum
1756 2305 1913 2368 mihi
1975 2305 2233 2387 debetur,

225 2399 424 2456 tamen
476 2393 553 2456 ab
608 2413 734 2457 ano
791 2392 1052 2475 leyatum
1104 2397 1453 2457 consecutus
1503 2393 1581 2457 ab
1635 2394 1827 2458 altero
1860 2397 2064 2475 petere
2107 2414 2235 2458 non

218 2486 424 2561 potero
434 2500 456 2557 ,·
501 2480 715 2563 eliyere
758 2481 962 2561 itaque
1005 2501 1178 2544 reum
1209 2485 1440 2562 potero.

906 2655 1006 2721 De
1047 2658 1545 2740 fideicommissis.

396 2770 500 2836 40.
567 2770 643 2836 D.
679 2772 794 2857 33,
833 2773 898 2846 1,
944 2772 1042 2837 15.
1141 2770 1388 2836 Valens
1452 2771 1621 2836 libro
1689 2772 1963 2856 septimo
2029 2770 2232 2835 Fidei-

227 2863 710 2926 commissorum
762 2859 860 2948 (P.
898 2857 1031 2946 22).
1082 2897 1159 2908 —
1209 2860 1552 2926 Iavolenus
1598 2882 1762 2942 eum,
1809 2860 1920 2944 qui
1965 2864 2231 2945 rogatus

228 2955 370 3035 post
415 2950 632 3015 decem
677 2972 880 3014 annos
927 2954 1262 3014 restituere
1319 2950 1653 3035 pecuniam
1702 2955 1853 3013 ante
1909 2950 2079 3013 diem
2133 2971 2235 3015 re-

231 3041 554 3121 stituerat,
619 3038 975 3122 respondit,
1051 3040 1107 3103 si
1171 3048 1434 3121 propter
1499 3036 1809 3121 capientis
1872 3060 2232 3123 personam,

232 3128 390 3212 quod
437 3151 571 3192 rem
621 3127 1002 3192 familiarem
1049 3129 1218 3191 tueri
1263 3149 1394 3192 non
1440 3132 1689 3212 posset,
1738 3129 1801 3191 in
1849 3128 2015 3190 diem
2058 3127 2233 3191 fidei·

231 3218 634 3282 commissum
673 3219 963 3282 relictum
1004 3217 1310 3299 probetur
1347 3222 1409 3280 et
1448 3218 1778 3299 perdituro
1830 3215 1885 3279 ei
1934 3216 1998 3279 id
2045 3216 2231 3279 heres

234 3310 375 3369 ante
440 3306 607 3371 diem
672 3305 1088 3386 restituisset,
1162 3306 1339 3369 nullo
1406 3306 1595 3369 modo
1661 3307 2001 3369 liberatum
2066 3326 2233 3385 esse3

234 3394 396 3479 quod
451 3394 509 3459 si
560 3402 813 3479 tempus
877 3395 1130 3459 heredis
1185 3416 1379 3459 causa
1435 3398 1854 3479 prorogatum
1912 3397 2107 3478 esset,
2161 3396 2235 3457 ut

368 3563 395 3612 1
436 3558 532 3614 Fi.
570 3558 718 3614 dote.
862 3564 894 3613 2
935 3558 1031 3615 ΓΖ.
1066 3557 1237 3615 dotis.
