2575 3900
372 178 456 240 28
513 177 608 233 111.
638 175 789 230 GAII
820 175 1115 232 CLAUDII
1142 175 1415 232 NERON.
1435 175 1724 232 GALBAE
1742 176 2168 234 TEMP.IURIS
2189 177 2392 234 CONS.

549 341 608 406 3.
653 339 733 404 D.
760 340 868 422 42,
899 340 957 419 8,
992 340 1091 404 11.
1173 337 1527 404 Venuleius
1575 338 1958 406 Saturninus
2004 340 2172 406 libro
2210 343 2394 406 sexto

368 427 872 493 Interdictorum
919 423 1028 513 (D.
1056 425 1190 514 29).
1229 465 1314 476 —
1355 426 1619 494 Cassius
1667 429 1986 494 actionem
2034 429 2396 494 introduxit

369 518 436 583 in
483 517 550 582 id
598 516 768 602 quod
817 517 894 581 ad
941 516 1241 582 heredem
1288 519 1599 602 pervenit.

546 637 773 714 Agitur
810 636 882 695 de
919 637 995 696 iis
1032 655 1187 714 quae
1224 637 1288 695 in
1324 637 1600 696 fraudem
1637 639 1996 698 creditorum
2035 639 2199 699 facta
2235 640 2396 699 sunt.

369 726 555 785 Lenel
583 726 776 786 Edict.
815 746 871 801 p.
904 728 1029 786 399
1069 745 1128 784 n.
1160 729 1193 785 1
1228 726 1342 785 ait:
1389 720 1628 787 ‘VenuL
1657 728 1786 787 will
1811 729 1972 787 wohl
1997 727 2166 788 nicht
2194 745 2396 804 sagen,

369 815 503 874 dass
534 814 778 874 Cassius
808 815 986 892 diese‚
1020 816 1275 874 sondern
1304 815 1434 874 dass
1462 834 1527 873 er
1553 814 1893 893 uberhaupt
1931 816 2045 876 die
2083 816 2395 876 Bereiche·

366 904 735 981 rungsklage
764 922 876 965 aus
901 903 1177 963 Delicten
1206 905 1494 963 adversus
1522 905 1802 964 heredem
1831 905 2174 984 eingefflhrt
2199 899 2398 964 habe'.

549 1024 611 1088 4.
666 1020 746 1089 D.
775 1023 883 1106 44,
913 1021 977 1106 4,
1004 1023 1067 1106 4,
1094 1022 1200 1086 33.
1288 1022 1608 1105 Ulpianus
1656 1023 1824 1088 libro
1871 1024 2399 1110 septuagensimo

374 1115 557 1177 sexto
615 1112 695 1175 ad
754 1112 1032 1176 edictum
1093 1110 1193 1196 (P.
1240 1108 1462 1198 1682).
1518 1148 1599 1158 —
1658 1111 1870 1177 Metus
1928 1134 2121 1178 causa
2176 1133 2399 1197 excep-

368 1201 614 1265 tionem
672 1198 937 1266 Cassius
1002 1222 1133 1265 non
1197 1203 1630 1285 proposuerat
1693 1205 2040 1266 contentus
2105 1201 2236 1266 doli
2294 1223 2403 1266 ex-

373 1289 700 1375 ceptione,
747 1310 913 1373 quae
960 1293 1060 1353 est
1106 1289 1449 1373 generalis.

546 1409 845 1487 Ulpianus
882 1409 1075 1469 addit:
1124 1403 1249 1468 ‘sed
1288 1409 1503 1468 utilius
1537 1409 1734 1470 visum
1772 1413 1864 1468 est
1901 1410 2082 1469 etiam
2121 1409 2194 1469 de
2231 1413 2401 1469 metu

372 1517 670 1575 opponere
701 1492 1151 1575 exceptionem’.
1212 1499 1285 1556 de
1314 1497 1561 1574 Ulpiani
1589 1499 1904 1571 sententia,
1932 1498 2128 1576 qualis
2155 1497 2397 1576 quidem

371 1587 660 1663 traditur,
716 1587 886 1646 valde
934 1587 1121 1645 dubia
1165 1607 1221 1647 v.
1267 1586 1514 1646 Pernice
1559 1580 1649 1645 11²
1694 1609 1751 1662 p.
1786 1591 1930 1647 199.
1961 1589 2107 1663 232,
2152 1587 2258 1664 qui
2303 1587 2404 1646 vir

374 1675 758 1735 doctissimus
785 1696 844 1750 p.
868 1676 990 1734 199
1023 1675 1245 1734 iterum
1273 1675 1532 1752 dubitat,
1569 1694 1645 1734 an
1685 1677 1756 1734 de
1786 1675 1936 1736 Gaio
1966 1674 2171 1735 Cassio
2202 1693 2400 1736 sermo

376 1763 481 1823 sit:
530 1757 975 1822 ‘Wiukurliche
1012 1750 1420 1841 Knderungen
1465 1782 1563 1822 am
1599 1764 1822 1824 Edikte
1867 1765 2022 1824 noch
2065 1766 2246 1824 unter
2293 1765 2403 1823 der

369 1851 717 1929 Regierung
756 1852 857 1910 des
888 1850 1166 1910 Tiberius
1200 1852 1398 1911 haben
1435 1853 1567 1911 eine
1595 1852 1977 1930 Vermutung
2005 1871 2197 1931 gegen
2225 1848 2401 1914 sich'-.

370 1943 437 2001 at
483 1941 622 2000 ante
668 1939 1044 2000 Hadrianum
1088 1943 1397 2016 praetores
1441 1942 1648 2019 magni
1688 1942 1944 2001 nominis
1991 1941 2404 2002 auctoritatis-

372 2048 486 2108 que
558 2029 878 2106 probaiae‚
956 2030 1125 2089 cuius
1199 2031 1434 2107 generis
1508 2030 1781 2090 Cassium
1859 2031 2039 2090 fuisse
2114 2035 2399 2107 apparet,

372 2119 639 2178 edictum
679 2138 843 2178 more
882 2118 1128 2197 antiquo
1168 2118 1245 2178 ad
1282 2119 1498 2178 melius
1532 2120 1882 2195 produxisse
1920 2121 2132 2198 negari
2166 2120 2400 2196 nequit.

371 2209 443 2268 cf.
490 2207 831 2285 Aquillium
880 2207 1122 2267 Gallum
1167 2208 1198 2266 I
1241 2228 1300 2282 p.
1342 2210 1486 2268 115.

726 2438 836 2497 ΠΙ.
901 2438 1322 2498 Sententiae
1369 2438 1442 2496 in
1488 2441 1745 2497 senatu
1790 2440 2046 2499 dictae.

551 2560 608 2623 1.
664 2556 815 2622 Tac.
862 2579 1011 2621 ann.
1064 2557 1167 2635 13,
1210 2558 1292 2621 41
1356 2562 1433 2621 ad
1493 2581 1544 2622 a.
1595 2564 1676 2622 58
1731 2567 2045 2639 postquam
2106 2582 2202 2622 res
2261 2582 2404 2623 con-

366 2656 467 2713 tra
512 2653 845 2712 Tiridatem
889 2653 1041 2712 bene
1087 2652 1291 2726 gestas
1337 2651 1627 2727 narravit,
1673 2651 1755 2711 sic
1799 2653 2025 2729 pergit:
2073 2645 2196 2711 ‘Ob
2239 2646 2404 2713 haec

372 2738 815 2801 consalutatus
845 2736 1199 2819 imperator
1216 2735 1278 2799 N
1283 2757 1415 2817 er0,
1441 2740 1508 2799 et
1536 2738 1796 2800 senatus
1826 2736 2122 2800 consulto
2152 2737 2403 2819 suppli·-

372 2824 662 2888 cationes
700 2823 981 2906 habitae,
1027 2826 1410 2907 statuaeque
1457 2828 1523 2888 et
1568 2845 1752 2888 arcus
1800 2828 1867 2887 et
1911 2824 2201 2889 continui
2248 2845 2403 2888 con-

373 2912 626 2976 sulatus
664 2911 959 2995 principi,
1003 2914 1202 2994 utque
1238 2912 1410 2975 inter
1444 2911 1644 2975 festos
1681 2912 2030 2978 referretur
2066 2913 2220 2997 dies,
2268 2935 2402 2997 quo

370 3003 633 3085 patrata
659 3000 957 3081 victoria,
998 3020 1126 3083 quo
1153 3000 1473 3081 nuntiata,
1511 3021 1636 3084 quo
1674 3002 1947 3066 relatum
1988 3001 2065 3066 de
2104 3023 2180 3066 ea
2208 3005 2404 3086 esset,

373 3089 623 3172 aliaque
669 3088 737 3151 in
783 3088 1052 3152 eandem
1098 3086 1374 3152 formam
1421 3088 1874 3171 decernuntur,
1932 3091 2089 3156 adeo
2133 3090 2403 3155 modum

374 3198 653 3262 egressa,
688 3180 762 3240 ut
797 3174 866 3241 O.
894 3174 1159 3242 Cassius
1198 3176 1275 3241 de
1314 3180 1542 3243 ceteris
1580 3178 1934 3244 honoribus
1974 3179 2304 3263 adsensus,
2343 3179 2403 3243 si

370 3288 490 3351 pro
538 3266 943 3349 benignitate
986 3265 1285 3331 fortunae
1336 3267 1434 3331 dis
1481 3272 1699 3352 grates
1749 3273 2120 3353 agerentur,
2172 3288 2255 3331 ne
2300 3271 2405 3332 to-

373 3363 512 3419 tum
572 3354 825 3438 quidem
894 3377 1132 3419 annum
1192 3356 1779 3440 supplicationibus
1846 3356 2141 3422 sufficere
2196 3356 2402 3421 disse—

372 3444 595 3525 ruerit,
641 3464 844 3528 eoque
882 3448 1179 3527 oportere
1218 3445 1416 3508 dividi
1453 3466 1671 3510 sacros
1711 3448 1779 3509 et
1814 3446 2194 3531 negotiosos
2242 3445 2408 3530 dies,

380 3532 517 3616 ‘iuis
566 3532 785 3597 divina
831 3534 1114 3598 colerent
1160 3537 1225 3597 et
1268 3534 1554 3598 humana
1597 3554 1727 3598 non
1773 3532 2204 3618 impedirent?
