2575 3900
365 164 451 227 60
503 163 596 219 ΙΠ.
627 163 778 218 GAlI
806 163 1097 218 CLAUDII
1126 163 1397 220 NERON.
1419 163 1703 219 GALBAE
1721 163 1932 220 TEMP.
1955 164 2145 219 IURIS
2167 163 2371 220 CONS.

364 323 528 391 Cum
575 349 815 405 servus,
869 327 938 391 in
984 348 1109 411 quo
1154 348 1342 392 unum
1387 327 1670 393 fructum
1706 328 2036 411 habemus,
2081 327 2370 411 proprie-

362 415 518 479 tatis
565 416 823 480 domino
869 437 947 479 ex
992 437 1061 479 re
1105 415 1440 480 fructuarii
1490 417 1589 480 vel
1629 437 1706 480 ex
1743 416 1954 499 operis
1993 414 2128 480 eius
2165 417 2371 481 nomi-

362 503 566 568 natim
614 505 980 588 stipuletur,
1037 505 1393 588 adquiritur
1438 503 1699 570 domino
1743 503 2182 590 proprietatis,
2253 505 2366 570 sed

362 614 492 677 qua
555 593 804 657 actione
868 593 1256 658 fructuarius
1323 593 1675 677 reciperare
1732 595 1939 678 possit
2004 615 2041 657 a
2105 593 2373 658 domino

362 682 799 766 proprietatis,
834 682 1279 762 requirendum
1319 687 1437 746 est.
1500 683 1654 746 item
1695 682 1750 746 si
1790 703 2008 746 servus
2045 683 2217 746 bona
2244 682 2390 746 fide·

359 770 547 834 nobis
600 770 839 835 serviat
886 776 950 835 et
996 770 1059 835 id
1107 771 1275 855 quod
1323 772 1512 836 nobis
1559 770 1893 853 adquirere
1938 771 2202 854 poterit,
2256 792 2370 835 no·

363 859 658 923 minatim
690 859 949 924 domino
988 881 1103 924 suo
1142 859 1490 942 stipulatus
1530 859 1741 944 fuerit,
1788 859 1847 924 ei
1885 859 2194 945 adquiret.
2259 859 2372 923 sed

364 969 491 1030 qua
549 947 799 1012 actione
856 947 923 1011 id
979 948 1333 1032 reciperare
1389 970 1759 1032 possumne,
1818 969 2214 1032 quaeremus,
2305 951 2376 1011 et

359 1057 493 1100 non
542 1036 676 1099 sine
721 1037 971 1100 ratione
1019 1042 1135 1121 est,
1182 1035 1348 1116 quod
1388 1035 1587 1101 Gaius
1631 1041 1855 1101 noster
1893 1036 2074 1118 dixit,
2120 1036 2373 1101 condici

361 1124 429 1188 id
474 1124 544 1187 in
590 1129 857 1208 utroque
904 1147 1055 1190 casu
1100 1146 1294 1209 posse
1340 1124 1617 1189 domino.
2258 1117 2268 1128 ’

540 1228 750 1295 ‘Gaius
795 1229 1021 1296 noster'
1076 1256 1194 1296 non
1240 1236 1554 1312 Pomponii
1598 1236 1703 1296 ille
1749 1235 2017 1311 aequalis
2063 1236 2376 1295 habendus

364 1327 476 1401 est,
524 1325 681 1401 quod
724 1326 909 1402 vulgo
954 1325 1072 1385 viri
1119 1320 1281 1385 docti
1331 1325 1676 1385 existimant
1722 1316 1823 1406 (cf.
1871 1324 2055 1383 Lenel
2101 1325 2164 1384 P.
2211 1324 2373 1400 apud

364 1412 581 1488 Gaium
616 1405 794 1494 482),
840 1414 1057 1490 quippe
1103 1414 1271 1472 cuius
1322 1416 1651 1472 sententiae
1697 1432 1992 1488 nusquam
2036 1414 2378 1490 laudentur,

364 1501 466 1561 sed
515 1500 771 1561 CassiuS.
833 1522 889 1562 v.
938 1521 1117 1579 supra
1158 1523 1216 1578 p.
1269 1505 1368 1561 19.

917 1672 1016 1738 De
1059 1674 1408 1738 litterarum
1452 1675 1830 1756 obliyatione.

539 1797 644 1861 94.
700 1795 841 1862 Gai.
879 1799 939 1879 3,
980 1797 1123 1861 133.
1173 1833 1256 1842 —
1315 1796 1866 1880 Transscripticiis
1905 1849 1919 1863 .
1949 1844 1964 1861 .
2003 1795 2375 1860 nominibus

367 1908 445 1950 an
492 1886 863 1971 obligentur
897 1885 1241 1971 peregrini,
1286 1885 1518 1950 merito
1558 1887 1886 1970 quaeritur
1913 1935 1926 1950 .
1957 1935 1970 1951 .
2000 1935 2014 1950 .
2045 1883 2285 1950 Sabino
2314 1934 2329 1950 .
2357 1933 2373 1948 .

364 1979 429 2040 et
476 1972 699 2039 Cassio
749 1974 955 2039 visum
1003 1980 1127 2056 est,
1175 1975 1230 2038 si
1276 1997 1316 2037 a
1360 1997 1427 2039 re
1476 1975 1542 2039 in
1588 1997 1928 2059 personam
1975 1975 2092 2039 fiat
2138 1996 2375 2038 nomen

364 2063 972 2148 transscripticium,
1030 2064 1224 2128 etiam
1271 2064 1647 2148 peregrinos
1696 2064 1991 2147 obligari,
2038 2063 2093 2127 si
2138 2084 2289 2127 vero
2337 2084 2378 2127 a

361 2174 642 2236 persona
685 2150 754 2215 in
801 2173 1172 2235 personam,
1217 2173 1348 2215 non
1395 2152 1687 2234 obligari.

936 2328 1035 2392 De
1077 2329 1394 2392 verborum
1439 2328 1816 2412 obliyatione.

543 2452 646 2517 95.
701 2453 781 2518 D.
808 2453 913 2533 22,
946 2453 1004 2536 l,
1030 2452 1132 2533 38,
1163 2452 1219 2515 7.
1311 2450 1547 2516 Paulus
1603 2452 1771 2516 libro
1830 2456 2009 2517 sexto
2063 2451 2144 2516 ad
2188 2450 2377 2517 Plau·

362 2541 527 2606 tium
583 2539 681 2627 (P.
723 2538 939 2626 1132).
994 2577 1079 2586 —
1136 2536 1203 2604 Si
1260 2539 1579 2604 actionem
1634 2540 1909 2605 habeam
1965 2540 2045 2604 ad
2101 2539 2167 2603 id
2228 2561 2376 2605 con-

364 2631 756 2716 sequendum
814 2628 982 2713 quod
1034 2651 1243 2694 meum
1293 2651 1424 2694 non
1471 2628 1621 2711 fuit,
1677 2629 1876 2694 veluti
1923 2652 1999 2693 ex
2045 2628 2380 2711 stipulatu,

363 2718 607 2784 fructus
662 2741 793 2783 non
849 2738 1229 2802 consequar,
1286 2719 1543 2783 etiamsi
1590 2740 1771 2783 mora
1815 2718 1990 2783 facta
2036 2718 2148 2800 sit;
2204 2717 2379 2801 quod

366 2807 422 2869 si
469 2811 800 2891 acceptum
848 2811 947 2870 est
994 2806 1315 2885 iudicium,
1361 2810 1514 2872 tunc
1561 2804 1835 2871 Sabinus
1883 2812 1949 2871 et
1991 2803 2252 2870 Cassius
2301 2827 2379 2870 ex

366 2894 690 2977 aequitate
772 2893 1018 2957 fructus
1100 2916 1352 2977 quoque
1432 2900 1583 2980 post
1656 2898 1990 2978 acceptum
2071 2893 2380 2959 iudicium

363 2980 785 3065 <perceptos>
835 2983 1255 3065 praestandos
1303 2988 1562 3067 putant,
1617 2988 1690 3047 ut
1735 3005 1929 3048 causa
1975 2984 2378 3048 restituatur.

542 3068 646 3135 96.
699 3069 777 3134 D.
820 3071 920 3150 12,
958 3071 1018 3152 2,
1055 3071 1159 3151 28,
1200 3071 1254 3134 1.
1347 3070 1585 3135 Paulus
1641 3071 1806 3135 libro
1854 3076 2077 3136 octavo
2127 3072 2380 3137 decimo

365 3156 445 3222 ad
513 3158 791 3223 edictum
858 3154 956 3245 (P.
994 3155 1170 3245 281).
1235 3196 1320 3205 —
1389 3159 1571 3235 Quod
1635 3181 1782 3223 reus
1849 3159 2116 3243 iuravit,
2180 3160 2381 3224 etiam

369 3245 727 3311 fideiussori
771 3246 1041 3330 proficit.
1123 3270 1161 3312 a
1196 3248 1568 3313 fideiussore
1606 3252 1900 3313 exactum
1937 3248 2378 3312 iusiurandum

364 3337 670 3420 prodesse
733 3334 926 3400 etiam
989 3359 1097 3401 reo
1154 3336 1416 3402 Cassius
1479 3341 1543 3400 et
1596 3336 1883 3403 Iulianus
1946 3337 2130 3401 aiunt
2196 3335 2374 3419 [nam

363 3425 514 3509 quia
566 3426 633 3489 in
688 3425 902 3489 locum
950 3425 1292 3491 solutionis
1340 3425 1647 3510 succedit,
1702 3426 1806 3491 hic
1852 3447 2102 3511 quoque
2151 3423 2379 3488 eodem

363 3514 502 3579 loco
558 3514 924 3579 habendum
980 3517 1103 3597 est]
1116 3564 1135 3600 ,
1201 3516 1257 3578 si
1320 3513 1507 3577 modo
1564 3514 1707 3579 ideo
1763 3513 2218 3598 interpositum
2275 3516 2380 3577 est
