2575 3900
354 197 486 264 350
556 198 623 256 V.
660 197 959 254 NERVAE
998 198 1093 254 ΕΤ
1128 197 1438 254 TRAIANI
1471 195 1690 254 TEMP.
1725 197 1921 253 IURIS
1957 197 2319 256 CONSULTI

1156 379 1259 446 De
1300 381 1577 446 iniuriis.

531 487 636 552 51.
674 486 751 552 D.
770 488 875 570 47,
899 487 1000 571 10,
1023 489 1081 566 7,
1101 486 1159 554 5.
1235 485 1556 571 Ulpianus
1593 487 1761 552 libro
1802 489 2384 576 quinquagensimo

352 575 628 660 septimo
684 576 766 641 ad
822 575 1101 641 edictum
1148 573 1249 660 (P.
1282 573 1503 662 1339).
1552 613 1638 623 —
1685 574 1756 641 Si
1812 577 1974 642 mihi
2018 579 2236 662 plures
2281 581 2384 643 in-

348 664 549 731 iurias
603 663 858 746 feceris,
914 669 1071 747 puta
1124 666 1320 730 turba
1376 670 1441 729 et
1495 670 1682 731 coetu
1734 665 1910 732 facto
1956 667 2216 733 domum
2264 669 2382 732 ali·

350 754 530 818 cuius
577 754 860 818 introeas
908 759 974 818 et
1017 754 1142 819 hoc
1186 753 1361 819 facto
1408 753 1747 838 efficiatur,
1786 760 1863 821 ut
1903 757 2096 821 simul
2133 761 2198 822 et
2234 778 2381 822 con·

349 842 585 908 vicium
631 843 850 928 patiar
886 847 953 908 et
991 843 1321 926 verberer,
1369 864 1451 908 an
1488 843 1736 929 possim
1775 847 2126 930 separatim
2163 852 2379 912 tecum

350 932 626 1017 experiri
682 932 760 996 de
817 931 1091 1015 singulis
1138 931 1424 1015 iniuriiS,
1479 933 1827 1017 quaeritur.
1919 938 1985 999 et
2028 933 2377 1000 Marcellus

350 1020 702 1087 secundum
756 1018 1010 1085 Neratii
1076 1021 1468 1086 sententiam
1530 1020 1656 1085 hoc
1718 1022 1956 1105 probat
2010 1022 2375 1108 ‚cogendum

346 1108 643 1188 iniurias,
689 1130 850 1194 quas
898 1109 1089 1173 simul
1134 1130 1370 1192 passus
1416 1113 1541 1192 est,
1587 1113 1998 1196 coniungere.

523 1214 629 1281 52.
667 1215 870 1297 D.47,
893 1214 995 1297 10,
1020 1216 1075 1296 1,
1095 1215 1153 1281 8.
1227 1214 1550 1298 Ulpianus
1589 1216 1760 1283 libro
1796 1218 2374 1301 quinquagensimo

347 1308 529 1370 sexto
578 1303 660 1369 ad
708 1304 987 1369 edictum
1034 1299 1133 1391 (P.
1169 1301 1388 1391 1335).
1430 1339 1516 1350 —
1554 1302 1703 1370 Sive
1749 1311 1966 1371 autem
2015 1307 2180 1370 sciat
2227 1305 2372 1390 quis

345 1392 552 1458 filium
600 1414 813 1458 meum
859 1414 1001 1458 esse
1046 1393 1148 1457 vel
1193 1414 1460 1457 uxorem
1503 1414 1733 1476 meam,
1780 1395 1915 1458 sive
1952 1395 2370 1480 ignoraverit,

343 1480 585 1546 habere
630 1502 732 1546 me
778 1502 922 1547 meo
968 1481 1229 1547 nomine
1276 1482 1599 1547 actionem
1650 1481 1956 1548 Neratius
2005 1484 2282 1568 scripsit.

522 1587 627 1654 53.
692 1586 770 1654 D.
807 1588 959 1653 ibid.
998 1590 1037 1670 ἓ
1076 1588 1135 1653 9.
1197 1625 1271 1634 -
1331 1587 1514 1653 Idem
1579 1589 1671 1652 ait
1731 1588 2034 1654 Neratius
2099 1613 2175 1654 ex
2241 1611 2372 1654 una

343 1676 579 1743 iniuria
615 1677 938 1742 interdum
975 1677 1182 1742 tribus
1221 1678 1379 1742 oriri
1405 1678 1783 1742 iniuriarum
1815 1677 2132 1744 actionem
2161 1700 2371 1764 neque

342 1766 535 1830 ullius
601 1766 917 1831 actionem
979 1787 1095 1850 per
1160 1765 1363 1831 alium
1428 1767 1749 1851 consumi,
1817 1770 1892 1831 ut
1957 1771 2116 1850 puta
2184 1769 2372 1832 uxori

344 1876 523 1919 meae
569 1854 742 1919 filiae
787 1854 1071 1919 familias
1118 1855 1357 1920 iniuria
1401 1855 1577 1920 facta
1614 1858 1737 1920 est:
1785 1859 1850 1920 et
1888 1856 2048 1920 mihi
2087 1861 2152 1921 et
2187 1858 2364 1941 patri

343 1945 479 2010 eius
526 1951 592 2009 et
638 1943 767 2028 ipsi
815 1944 1189 2009 iniuriarum
1235 1944 1406 2010 actio
1450 1944 1720 2030 incipiet
1766 1953 2145 2030 competere.

519 2038 591 2099 cf.
614 2036 743 2097 Gai.
766 2040 823 2115 3,
844 2040 966 2097 221
1019 2032 1248 2115 ‘itaque
1293 2039 1346 2099 si
1380 2038 1542 2098 filiae
1579 2058 1748 2098 meae
1787 2058 1939 2115 qnae
1979 2040 2141 2100 Titio
2176 2046 2371 2118 nupta

342 2132 460 2203 est,
516 2126 796 2185 iniuriam
840 2126 1081 2205 feceris,
1124 2145 1244 2186 non
1291 2128 1485 2187 solum
1531 2127 1689 2187 filiae
1734 2128 1974 2187 nomine
2018 2132 2219 2189 tecum
2267 2132 2371 2207 agi

340 2216 698 2276 iniuriarum
724 2219 941 2292 potest,
969 2235 1179 2275 verum
1207 2217 1390 2275 etiam
1418 2235 1551 2276 meo
1582 2236 1815 2295 qnoque
1845 2221 1907 2276 et
1936 2218 2082 2276 Titii
2110 2219 2370 2282 nomine.

1090 2387 1193 2454 De
1234 2390 1619 2454 condictione.

517 2493 622 2560 54.
667 2494 744 2562 D.
771 2495 872 2579 12,
892 2496 952 2579 6,
972 2496 1075 2561 63.
1160 2493 1365 2560 Gaius
1409 2495 1574 2561 libro
1625 2496 1942 2582 singulari
1988 2496 2066 2563 de
2108 2496 2367 2563 casibus

340 2579 437 2670 (P.
475 2581 559 2671 1).
594 2619 683 2633 —-
718 2584 1025 2650 Neratius
1072 2606 1292 2649 casum
1338 2583 1553 2670 refert,
1597 2589 1671 2649 ut
1717 2585 1860 2671 quis
1907 2584 1974 2650 id
2021 2586 2190 2672 quod
2237 2588 2367 2651 sol-

341 2673 505 2738 verit
550 2679 839 2757 repetere
885 2695 1014 2738 non
1063 2674 1297 2757 possit,
1353 2675 1537 2757 qnasi
1584 2674 1868 2739 debitum
1919 2674 2192 2756 dederit,
2244 2696 2366 2740 nec

337 2766 558 2827 tamen
602 2762 937 2827 liberetur:
983 2762 1163 2827 velut
1208 2761 1265 2826 si
1308 2763 1382 2845 is,
1430 2764 1538 2847 qui
1576 2761 1718 2828 cui1
1755 2768 2002 2829 certum
2035 2764 2365 2828 hominem

338 2852 627 2934 deberet,
698 2851 1148 2916 statuliberum
1222 2852 1494 2932 dederit3
1569 2874 1721 2917 nam
1794 2852 1940 2917 ideo
2012 2875 2158 2917 eum
2229 2874 2364 2917 non

335 2938 627 3023 liberari,
693 2940 864 3025 quod
925 2961 1057 3004 non
1120 2939 1188 3004 in
1251 2941 1515 3025 plenum
1575 2942 1976 3026 stipulatoris
2031 2941 2364 3006 hominem

335 3029 587 3113 fecerit,
632 3050 749 3095 nec
792 3033 1014 3094 tamen
1059 3032 1345 3113 repetere
1392 3050 1540 3095 eum
1583 3051 1804 3114 posse,
1850 3030 2019 3115 quod
2067 3029 2358 3095 debitum

335 3116 597 3183 dederit.

511 3224 614 3291 55.
662 3224 739 3290 D.
769 3225 871 3303 24,
903 3226 963 3310 1,
995 3225 1095 3309 13,
1121 3226 1179 3290 2.
1255 3224 1574 3309 Ulpianus
1618 3224 1787 3290 libro
1832 3226 2222 3311 trigensimo
2259 3249 2358 3291 se-

334 3314 543 3379 cundo
589 3314 670 3379 ad
719 3312 1031 3381 Sabinum
1078 3313 1176 3401 (P.
1206 3312 1430 3397 2769).
1477 3351 1560 3361 —
1609 3312 1772 3380 Cum
1823 3317 1970 3399 quis
2015 3316 2359 3401 acceperit,

332 3406 407 3467 ut
468 3403 537 3469 in
602 3425 719 3470 suo
782 3403 1099 3483 aedificet,
1163 3403 1412 3468 condici
1475 3404 1534 3467 ei
1587 3404 1650 3467 id
1709 3426 1841 3471 non
1895 3408 2141 3490 potest,
2205 3404 2358 3487 qnia

476 3583 505 3631 1
545 3577 641 3633 1⁵¹1.
679 3596 823 3633 cum.
