2575 3900
366 187 493 254 112
528 187 621 243 111.
641 186 794 243 GAII
814 185 1110 241 CLAUDII
1128 183 1400 242 NERON.
1418 183 1710 240 GALBAE
1731 185 1945 242 ΤΕΜΡ.
1967 186 2160 243 IURIS
2182 186 2388 243 CONS.

362 357 507 417 emit
559 356 757 416 lacum
802 354 1163 415 Sabatenem
1204 354 1610 430 Angularium
1665 357 1729 414 et
1783 355 1940 415 circa
1995 375 2133 415 eum
2188 356 2390 416 lacum

357 445 541 523 pedes
595 439 869 522 decem’).
960 444 1064 520 qui
1116 443 1440 503 Proculum
1492 445 1906 512 consulebant.
1961 446 2058 506 vel
2113 446 2384 520 priorum

358 534 914 594 iurisconsultorum
959 533 1285 593 sententias
1332 533 1664 592 afferebant
1711 526 1812 615 (D.
1843 535 1947 610 28,
1986 535 2045 607 5,
2088 535 2170 593 70
2218 528 2386 594 ‘Cor-

358 623 555 683 nelius
594 626 655 682 et
690 622 977 699 Maevius,
1020 625 1161 682 uter
1196 641 1406 681 eorum
1441 622 1622 700 volet,
1667 621 1839 682 heres
1879 616 2049 682 esto?
2130 625 2390 701 uterque

359 713 493 774 vult
520 757 533 770 .
565 710 881 771 Trebatius
916 714 1203 770 neutrum
1233 711 1362 770 fore
1390 709 1685 787 heredem,
1725 709 2010 770 Cartilius
2039 713 2387 790 utrumque:

360 807 431 860 tu
470 801 570 860 cui
603 791 1056 880 adsentiaris’?)
1091 801 1190 860 vel
1226 799 1373 875 quid
1405 799 1522 876 ipsi
1549 799 1622 858 de
1649 818 1714 858 re
1743 800 2052 877 proposita
2079 801 2388 875 sentirent,

361 890 637 949 dicebant
685 884 783 965 (D.
825 891 882 967 8,
924 891 980 964 2,
1021 891 1131 962 13,
1195 888 1303 947 ubi
1355 888 1542 948 verba
1595 907 1776 965 supra
1820 889 2009 948 allata
2054 893 2393 964 sequuntur

360 979 531 1038 haec:
571 972 711 1037 ‘non
748 977 891 1038 licet
927 980 1131 1037 autem
1167 977 1412 1037 tubulos
1444 977 1665 1037 habere
1695 977 1965 1037 admotos
1995 978 2071 1036 ad
2096 978 2392 1054 parietem

363 1085 737 1127 communem
757 1113 771 1140 ,
838 1066 1015 1126 sicuti
1076 1085 1153 1125 ne
1216 1066 1509 1142 parietem
1570 1066 1808 1143 quidem
1863 1084 2043 1143 super
2096 1067 2391 1143 parietem

360 1174 761 1233 communem3
809 1155 881 1215 de
926 1155 1151 1214 tubulis
1190 1173 1258 1214 eo
1298 1155 1559 1233 amplius
1595 1156 1709 1214 hoc
1742 1155 1894 1214 iuris
1932 1160 2041 1232 est,
2086 1157 2248 1233 quod
2282 1175 2391 1232 per

362 1263 464 1305 eos
510 1245 753 1303 flamma
796 1247 1063 1304 torretur
1104 1235 1379 1323 paries').
1458 1263 1568 1319 per
1611 1244 1850 1304 litteras
1897 1244 2204 1304 consultus
2242 1245 2387 1305 Pro-

361 1334 531 1394 culus
584 1332 807 1393 litteris
861 1333 1263 1409 respondebat
1318 1327 1419 1414 (D.
1460 1335 1562 1394 31.
1600 1334 1683 1392 48
1742 1326 2071 1392 ‘Licinnius
2121 1332 2390 1393 Lucusta

360 1422 611 1482 Proculo
657 1440 764 1482 suo
811 1423 1082 1481 salutem.
1123 1467 1173 1480 ..
1195 1467 1208 1481 .
1247 1421 1538 1481 Proculus
1576 1421 1874 1482 Lucustae
1911 1441 2019 1482 suo
2059 1416 2388 1503 salutem’).

540 1511 885 1571 Triboniani
906 1530 1047 1572 vero
1068 1511 1309 1570 adiutor
1327 1511 1642 1587 plerasque
1663 1510 1952 1586 epistulas
1980 1530 2098 1570 non
2120 1511 2388 1589 integras

365 1600 685 1677 expressit,
758 1601 861 1659 sed
925 1601 1166 1659 tantum
1225 1603 1490 1676 partem,
1552 1599 1823 1674 inprimis
1879 1600 2015 1676 ipsa
2076 1619 2385 1678 responsa.

361 1689 697 1764 exemplum
731 1688 917 1748 habes
949 1688 1306 1766 D.23,3,67
1338 1682 1650 1748 ‘Proculus
1679 1688 1900 1765 Nepoti
1938 1707 2045 1748 suo
2085 1684 2390 1750 salutem’.

360 1796 494 1837 cum
532 1796 884 1853 responsum
920 1780 1161 1836 tantum
1197 1776 1489 1854 redditur,
1528 1777 1816 1837 salutatio
1855 1796 2091 1854 quoque
2124 1779 2390 1853 plerum-

361 1885 477 1943 que
541 1866 741 1926 deleta
804 1870 897 1925 est
954 1911 967 1925 .
1024 1867 1296 1942 exempla
1357 1865 1542 1925 habes
1607 1865 1679 1926 D.
1721 1868 1825 1939 49,
1872 1868 1972 1944 15,
2019 1870 2166 1942 7pr.
2230 1862 2392 1927 ‘Non

362 1955 572 2015 dubito
630 1956 774 2033 quin
822 1998 838 2015 .
868 1999 881 2014 .
911 1947 949 2015 ‚⁹
1006 1955 1078 2016 D.
1110 1959 1213 2032 32,
1244 1956 1326 2015 86
1377 1950 1466 2014 effi
1517 1956 1608 2014 ita
1661 1956 1933 2033 legatum
1977 1960 2072 2017 est
2118 2003 2133 2019 .
2163 2002 2176 2016 .
2207 2000 2221 2015 .
2268 1976 2391 2017 non

360 2046 509 2121 puto
558 2090 571 2102 .
604 2091 616 2103 .
647 2039 712 2121 .';
767 2044 837 2105 D.
871 2046 973 2122 31,
1001 2047 1083 2104 46
1136 2038 1227 2103 ‘Si
1282 2044 1619 2121 scripsisset
1673 2045 1778 2121 qui
1828 2045 2072 2122 legabat
2120 2092 2133 2106 .
2163 2090 2176 2103 .
2208 2090 2224 2105 .
2269 2064 2391 2104 non

362 2133 700 2192 dubitarem
749 2179 761 2193 .
793 2179 806 2192 .
836 2126 875 2193 .'

537 2222 609 2280 In
671 2221 805 2281 aliis
865 2222 1071 2281 multis
1124 2221 1478 2299 fragmentis
1533 2221 1794 2299 genuina
1848 2222 2138 2298 epistulae
2191 2222 2390 2283 forma

362 2310 510 2369 adeo
556 2310 755 2370 deleta
797 2314 915 2385 est,
963 2314 1033 2370 ut
1079 2314 1140 2370 et
1185 2310 1547 2369 consultatio
1594 2313 1656 2368 et
1700 2328 2050 2386 responsum
2095 2311 2159 2370 in
2204 2313 2385 2371 breve

362 2402 634 2458 coactum
672 2399 769 2474 sit,
814 2400 983 2459 cuius
1018 2400 1107 2458 rei
1143 2400 1480 2473 exemplum
1514 2399 1766 2475 praebet
1803 2400 1875 2457 D.
1905 2403 1964 2477 4,
1997 2402 2054 2473 3,
2086 2402 2165 2460 31
2215 2394 2391 2460 ‘Cum

363 2487 496 2564 quis
539 2490 908 2565 persuaserit
953 2489 1219 2547 familiae
1261 2506 1445 2562 meae,
1493 2490 1564 2547 ut
1601 2488 1672 2546 de
1709 2488 2082 2563 possessione
2122 2489 2389 2566 decedat,

361 2578 656 2653 possessio
697 2577 939 2655 quidem
974 2596 1094 2637 non
1131 2577 1450 2654 amittitur,
1489 2576 1593 2635 sed
1632 2576 1702 2635 de
1742 2576 1877 2636 dolo
1917 2577 2073 2636 malo
2100 2577 2386 2637 iudicium

360 2665 423 2724 in
477 2686 614 2726 eum
669 2668 981 2744 competit,
1036 2668 1087 2726 si
1141 2666 1287 2743 quid
1338 2666 1537 2725 damni
1583 2665 1730 2724 mihi
1779 2660 2137 2727 accesserit’.
2229 2667 2388 2726 eius-

361 2755 520 2814 modi
580 2756 1055 2833 fragmentorum
1108 2756 1374 2815 condicio
1431 2754 1776 2814 Triboniani
1839 2753 2129 2815 adiutoris
2184 2756 2388 2833 negle-

362 2844 569 2917 gentia
585 2863 1008 2920 nonnunquam
1028 2844 1364 2903 miserrima
1392 2850 1500 2921 est,
1528 2843 1719 2903 veluti
1738 2842 1809 2901 D.
1829 2845 1930 2919 34,
1947 2845 2004 2913 2,
2025 2846 2103 2903 11
2138 2838 2226 2903 ‘Si
2253 2846 2390 2922 quis

362 2931 657 3005 legaverit
727 2949 939 2991 aurum
1011 2950 1277 3009 gemmas
1343 2931 1704 3008 margaritas
1767 2950 1919 3008 quae
1982 2932 2045 2990 in
2107 2952 2176 2992 eo
2240 2952 2389 2993 auro

364 3022 587 3094 essent,
643 3020 822 3077 etiam
877 3021 939 3078 id
995 3039 1235 3095 aurum,
1291 3020 1388 3078 cui
1436 3039 1630 3095 neque
1676 3039 1946 3099 gemmae
1991 3040 2184 3099 neque
2229 3040 2388 3081 mar-

363 3106 593 3184 garitae
649 3108 928 3186 inessent,
982 3109 1213 3185 legasse
1260 3103 1544 3187 videtur’,
1609 3112 1671 3168 et
1715 3128 1852 3187 cum
1898 3110 2043 3187 quid
2078 3110 2205 3186 ipse
2241 3110 2388 3170 Pro-

366 3195 538 3254 culus
584 3195 770 3275 dieat,
815 3197 1166 3274 plerumque
1211 3216 1285 3256 ne
1333 3197 1588 3258 divinari
1635 3198 1874 3275 quidem
1921 3200 2139 3276 possit,
2183 3199 2248 3257 in
2294 3199 2390 3259 his

363 3284 718 3361 fragmentis
764 3286 1106 3362 repetendis
1154 3286 1648 3363 acquiescendum
1693 3291 1802 3348 est.

543 3372 786 3433 Certum
850 3395 1049 3435 rerum
1113 3376 1384 3435 ordinem
1445 3377 1506 3434 in
1560 3375 1976 3453 Epistularum
2038 3376 2214 3437 libris
2264 3396 2390 3438 non

363 3460 618 3521 inveniri
681 3464 795 3525 viri
856 3465 1015 3525 docti
1068 3469 1328 3526 monent.
1429 3466 1704 3543 Krueger
1755 3486 1813 3541 p.
1857 3467 2002 3525 153.
2093 3465 2280 3525 Lenel
2327 3467 2391 3526 II

365 3552 472 3611 col.
507 3554 629 3613 159
670 3573 724 3613 n.
759 3556 815 3613 2.
906 3554 1169 3633 singulos
1217 3554 1407 3633 igitur
1451 3555 1637 3614 libros
1686 3572 1952 3614 seorsum
2002 3548 2064 3614 et
2108 3554 2391 3632 deinceps
