2575 3900
323 189 503 245 XXIV

325 358 798 420 Cordubensium
879 356 944 417 in
1027 354 1448 417 contrahendis
1530 355 1779 438 nuptiis.
1835 376 1999 417 more
2012 352 2052 431 ¹,
2134 377 2363 435 parum

321 448 504 508 utiles
552 447 711 506 duxi.
2360 467 2365 478 ·

499 536 773 614 Denique
821 555 858 594 a
901 553 967 595 re
1012 534 1328 611 proposita
1370 550 1490 593 non
1538 535 1806 594 alienum
1850 553 1983 595 esse
2030 536 2246 611 putavi
2292 539 2365 596 et

322 645 530 686 eorum
557 625 867 698 librorum,
897 642 1152 700 quorum
1180 623 1426 683 nomina
1454 626 1694 683 tantum
1723 627 1947 698 extant,
1974 627 2365 702 argumenta,'

321 717 616 792 quantum
665 713 795 772 fieri
841 713 1075 791 liceret,
1133 713 1477 772 coniectura
1523 711 1769 772 definire
1816 704 2120 794 (exempla
2164 714 2367 774 habes

321 805 349 862 Ι
396 824 452 880 p.
496 802 532 862 3
582 806 645 862 et
688 822 744 879 p.
788 804 942 880 3643
989 801 1078 880 ΙΙ,
1120 804 1153 860 1
1195 820 1251 877 p.
1286 794 1445 882 364)
1512 804 1573 860 et
1626 802 1874 860 Masurii
1930 802 2139 861 Sabini
2198 803 2359 865 iuris

320 892 512 953 civilis
571 892 757 951 libros
804 883 924 973 (11,
975 892 1008 949 1
1058 911 1116 967 p.
1167 890 1295 951 383
1314 883 1497 970 sqq.)‚
1554 907 1703 966 quos
1758 909 1947 968 usque
2004 891 2080 950 ad
2143 890 2355 953 Severi

320 983 584 1042 aetatem
641 999 908 1041 summae
957 978 1339 1039 auctoritatis
1385 979 1571 1039 fuisse
1618 987 1895 1056 apparet,
1940 979 2118 1039 hodie
2164 981 2363 1039 maxi-³

320 1089 480 1130 mam
517 1072 752 1147 partem
780 1068 1121 1144 deperditos
1161 1088 1232 1128 ex
1270 1067 1384 1127 Gai
1410 1068 1871 1127 Institutionum
1908 1069 2359 1129 commentariis

319 1158 684 1236 Ulpianique
731 1157 1099 1236 Regularum
1150 1157 1305 1216 libro
1354 1157 1649 1234 singulari
1694 1176 1814 1217 non
1859 1159 1986 1217 tam
2030 1157 2353 1218 restituere

322 1267 503 1326 quam
555 1248 760 1325 potius
815 1265 890 1306 ea
934 1245 1134 1322 capita
1179 1265 1333 1323 quae
1377 1246 1857 1321 praetermittere
1904 1246 2123 1306 Sabino
2180 1248 2367 1308 nullo'

320 1337 497 1397 modo
544 1337 734 1413 licuit,
777 1335 1042 1395 indicare
1088 1339 1269 1411 atque
1317 1334 1673 1413 fragmentis
1712 1335 1965 1396 servatis
2002 1335 2354 1411 adiungere.

497 1425 586 1484 De
649 1425 942 1485 librorum
1006 1423 1329 1503 generibus
1390 1425 1489 1485 vel
1553 1424 1625 1483 de
1686 1423 1855 1484 vario
1921 1425 2082 1501 quod
2146 1425 2370 1484 dieunt·

321 1517 648 1590 systemate
696 1511 987 1574 disserere
1034 1532 1154 1573 non
1199 1513 1412 1590 putavi
1458 1513 1639 1572 huius
1685 1513 1802 1572 loci
1848 1531 1995 1573 esse.
2078 1513 2184 1572 sed
2227 1513 2371 1573 iam‘

321 1603 668 1664 summatim
705 1601 1087 1663 statuendum
1127 1605 1236 1676 est,
1280 1601 1524 1679 quinam
1560 1597 1807 1661 illorum
1844 1602 2155 1680 librorum,
2202 1621 2369 1681 quo·-

319 1711 452 1751 rum
497 1694 848 1768 fragmenta.
881 1692 944 1750 in
988 1692 1101 1751 hac
1137 1691 1487 1750 collectione
1523 1691 1833 1768 proposita
1870 1693 2029 1765 sunt,
2073 1691 2141 1749 in
2174 1691 2371 1751 novis·

319 1781 588 1858 Digestis
657 1781 1076 1857 componendis
1137 1779 1501 1840 Triboniano
1571 1779 1795 1858 integri
1856 1783 2098 1856 praesto
2163 1780 2359 1840 fuisse

317 1870 657 1933 videantur.
757 1874 937 1947 atque
993 1869 1164 1930 libris
1218 1869 1445 1929 liberae
1490 1868 1579 1927 rei
1622 1868 1898 1944 publicae
1945 1871 2145 1928 aetate
2190 1887 2355 1928 com-

319 1960 534 2035 positis
605 1960 776 2018 illum
837 1960 1196 2019 abstinuisse
1255 1959 1435 2019 facile
1496 1961 1771 2035 apparet,
1840 1958 1983 2018 licet
2046 1957 2111 2028 Q.
2166 1957 2357 2019 Mucii

322 2048 645 2109 Scaevolae
681 2067 899 2108 nomen
934 2049 1001 2107 in
1034 2048 1228 2107 indice
1255 2048 1606 2107 Florentino
1640 2048 1881 2125 legatur
1908 2041 2011 2121 (cf.
2039 2047 2073 2105 I
2099 2068 2155 2123 p.
2190 2044 2355 2128 103)

321 2141 384 2197 et
429 2138 722 2198 nonnulla
766 2137 906 2195 libri
953 2134 1110 2217 ὅρων
1155 2138 1499 2213 fragmenta
1536 2136 1735 2196 Mucio
1780 2136 2019 2195 nomine
2056 2136 2356 2212 insignita

319 2227 384 2285 in
420 2226 673 2304 Digesta
708 2229 948 2302 recepta
982 2218 1085 2306 (cf.
1121 2224 1154 2284 I
1187 2246 1247 2302 p.
1289 2218 1466 2308 104),
1504 2228 1817 2301 praeterea
1853 2225 1971 2285 duo
2007 2225 2360 2301 fragmenta

319 2315 482 2375 Aelii
528 2314 686 2374 Galli
742 2314 981 2373 nomine
1024 2314 1320 2390 inscripta
1362 2314 1543 2374 titulo
1591 2315 1662 2373 de
1706 2314 2027 2374 verborum
2074 2332 2227 2389 quae
2272 2314 2357 2375 ad

318 2405 416 2463 ius
452 2403 758 2478 pertinent
794 2401 1228 2479 significatione
1264 2404 1493 2463 inserta
1520 2401 1641 2461 sint
1670 2394 1757 2483 (p.
1788 2404 1936 2463 247.
1968 2399 2144 2481 252),
2182 2403 2352 2463 deni·

320 2511 437 2570 que
474 2492 738 2567 plurima
773 2491 1112 2567 fragmenta
1138 2490 1344 2550 Alfeni
1371 2491 1519 2550 Vari
1556 2510 1772 2551 nomen
1808 2510 1953 2568 prae
1990 2510 2052 2552 se
2088 2492 2355 2551 ferentia

317 2600 426 2659 per
470 2581 671 2641 varios
705 2580 1096 2657 Digestorum
1140 2581 1326 2641 libros
1376 2580 1644 2656 dispersa
1689 2581 1971 2659 legantur
2014 2574 2073 2661 (I
2107 2601 2167 2657 p.
2196 2582 2353 2641 292.

322 2673 466 2732 293.
511 2673 654 2731 296.
697 2672 842 2731 300.
892 2672 1038 2731 301.
1078 2672 1223 2731 302.
1267 2672 1412 2730 303.
1456 2671 1599 2730 305.
1642 2672 1784 2730 306.
1827 2672 1973 2731 307.
2015 2672 2159 2730 308.
2199 2672 2353 2731 310.

320 2762 468 2819 311.
508 2762 655 2819 312.
697 2762 842 2819 314.
884 2760 1028 2819 315.
1071 2761 1217 2819 316.
1258 2761 1406 2819 320.
1449 2761 1593 2819 321.
1635 2761 1779 2818 322.
1826 2760 1971 2818 323.
2013 2750 2161 2819 324.
2200 2759 2351 2819 325.

321 2849 468 2907 327.
507 2840 698 2926 328)t
742 2866 807 2905 re
851 2866 997 2906 vera
1036 2846 1102 2915 Q.
1140 2848 1325 2905 Mucii
1364 2846 1714 2920 sententiae,
1761 2850 1832 2906 ut
1872 2844 2139 2907 conicere
2176 2848 2351 2924 licet,

319 2954 390 2995 ex
435 2934 752 3010 Pomponii
786 2926 891 3015 (cf.
929 2935 961 2992 Ι
998 2954 1055 3011 p.
1097 2927 1227 3016 59),
1263 2934 1427 2994 Aelii
1466 2934 1644 3012 Galli,
1689 2938 1760 2993 ut
1795 2935 2049 3013 videtur,
2094 2954 2166 2994 ex
2212 2934 2352 2995 Graii

318 3024 491 3085 libris
551 3016 655 3105 (cf.
701 3024 733 3081 Ι
779 3044 835 3100 p.
876 3015 1061 3104 246),
1126 3022 1331 3082 Alfeni
1386 3022 1534 3083 Vari
1600 3024 1726 3084 sine
1796 3024 1977 3085 dubio
2042 3044 2114 3084 ex
2169 3025 2353 3085 Pauli

321 3113 586 3190 epitoma
628 3112 858 3189 petitae
905 3114 1046 3172 sunt
1091 3103 1193 3194 (cf.
1240 3113 1272 3170 I
1313 3115 1438 3173 289
1488 3116 1549 3172 et
1593 3134 1651 3191 p.
1690 3115 1815 3173 329
1868 3108 2144 3175 ‘Alfenus
2190 3114 2349 3173 libro

317 3202 511 3279 primo
579 3194 1133 3281 epitomarum').
1232 3202 1437 3281 itaque
1493 3202 1783 3263 librorum
1844 3203 1920 3262 ad
1980 3203 2204 3263 liberae
2257 3203 2350 3261 rei

317 3291 591 3368 publicae
630 3292 891 3351 aetatem
926 3290 1357 3368 pertinentium
1393 3292 1735 3370 fragmenta
1764 3291 2083 3351 maximam
2110 3296 2349 3368 partem

317 3380 493 3439 Pauli
555 3381 653 3442 vel
707 3379 955 3457 Ulpiani
1017 3380 1186 3440 libris
1250 3381 1573 3459 debentur,
1641 3398 1790 3459 quos
1845 3397 1965 3441 non
2028 3381 2204 3441 modo
2269 3380 2351 3439 ad

466 3574 514 3625 1.
555 3566 636 3625 cf.
674 3568 891 3625 Puchta
925 3569 1105 3625 Instit.
1143 3568 1196 3623 11
1233 3574 1263 3636 g
1303 3572 1407 3625 289
1434 3588 1488 3625 n.
1517 3568 1555 3623 f.
