2575 3900
328 160 413 226 98
459 160 556 217 111.
586 160 737 216 GAII
762 159 1054 217 CLAUDII
1079 160 1352 218 NERON.
1373 160 1664 217 GALBAE
1687 161 1902 217 ΤΕΜΡ.
1922 161 2120 219 IURIS
2141 161 2346 219 CONS.

333 325 485 410 quid
542 345 620 389 ex
674 328 1063 390 testamento
1112 345 1245 390 non
1288 328 1618 411 potuerat:
1672 324 1838 390 nihil
1883 324 2042 391 haec
2087 347 2191 390 res
2234 348 2354 391 no-

330 414 519 478 cebit.
625 412 859 479 Pedius
931 413 1190 498 quidem
1264 415 1460 479 etiam
1529 411 1691 479 illud
1762 435 1897 478 non
1963 418 2151 498 putat
2211 436 2354 480 esse

331 502 779 587 spectandum,
860 502 1041 567 cuius
1122 503 1669 588 contemplatione
1745 506 2024 570 testator
2096 525 2355 568 servum

330 590 628 656 heredem
668 593 999 676 scripserit
1025 591 1128 656 vel
1166 591 1225 656 ei
1260 591 1578 676 legaverit
1615 592 1793 676 [quia
1821 596 1887 656 et
1913 593 1967 656 si
1997 591 2357 658 venditoris

330 681 678 745 mansisset
689 678 731 763 ¹,
792 680 956 744 nihil
1009 679 1169 745 haec
1227 701 1332 743 res
1387 680 1663 763 emptori
1708 679 2060 765 proderat}
2149 686 2208 746 et
2239 702 2357 764 per

331 770 727 850 eontrarium,
771 769 1003 852 inquit,
1044 771 1105 834 si
1136 768 1636 851 contemplatione
1668 771 2000 834 venditoris
2034 771 2358 836 institutus

320 863 788 941 proponeretur,
852 863 1058 922 tamen
1108 858 1444 922 diceremus
1495 859 1802 922 restituere
1857 863 2188 941 emptorem
2230 879 2358 924 non

332 948 536 1013 debere
577 947 895 1029 venditori,
940 947 998 1012 si
1040 946 1226 1010 nollet
1266 966 1406 1011 enm
1450 945 1772 1012 redhibere.

512 1065 680 1137 Quae
724 1066 893 1126 uncis
939 1066 1173 1145 inclusi,
1217 1064 1465 1126 Pernice
1513 1065 1782 1126 eiciendo.
1825 1071 2045 1128 censet.

514 1187 571 1251 7.
616 1184 696 1252 D.
715 1186 822 1270 21,
842 1187 901 1268 1,
920 1185 1027 1269 25,
1044 1185 1103 1251 4.
1178 1183 1500 1268 Ulpianus
1533 1184 1702 1251 libro
1730 1186 1940 1270 primo
1970 1185 2051 1252 ad
2078 1186 2357 1252 edictum

334 1275 637 1340 aedilium
700 1275 1017 1340 curulium
1071 1270 1171 1361 (P.
1211 1273 1430 1360 1773).
1485 1309 1570 1320 -
1626 1273 1862 1339 Pedius
1926 1276 2023 1340 ait
2083 1296 2359 1361 aequum

338 1364 538 1429 fuisse
602 1363 667 1428 id
733 1363 1069 1428 dumtaxat
1128 1362 1440 1448 imputari
1503 1365 1781 1447 emptori
1845 1385 1924 1429 ex
1981 1363 2154 1429 facto
2209 1386 2360 1449 pro-

335 1453 650 1518 curatoris
707 1455 774 1517 et
826 1452 1141 1534 familiae,
1198 1452 1369 1535 quod
1415 1472 1549 1516 non
1591 1452 1717 1516 fuit
1760 1474 2068 1536 passurus
2115 1474 2361 1535 servus,

334 1541 464 1606 nisi
507 1541 815 1627 venisset3
860 1541 1029 1625 quod
1076 1545 1291 1605 autem
1334 1562 1642 1624 passurus
1690 1545 1830 1606 erat
1865 1541 2081 1624 etiam,
2130 1542 2186 1605 si
2223 1563 2357 1606 non

333 1631 651 1713 venisset,
704 1630 773 1694 in
830 1651 904 1695 eo
960 1630 1219 1695 concedi
1276 1629 1554 1712 emptori
1610 1630 1776 1694 servi
1833 1630 1931 1694 sui
1986 1651 2195 1694 noxae
2251 1630 2359 1694 de-

336 1717 649 1784 ditionem
696 1726 764 1783 et
809 1739 885 1783 ex
934 1740 1038 1801 eo,
1088 1718 1327 1801 inquit,
1372 1717 1543 1803 quod
1588 1722 1971 1801 procurator
2017 1717 2361 1803 commisit,

338 1809 546 1873 solum
586 1807 913 1872 actionum
951 1807 1487 1889 praestandarum
1524 1807 1972 1873 necessitatem
2003 1809 2062 1872 ei
2088 1808 2362 1892 iniungi.

516 1906 575 1970 8.
621 1903 1111 1990 D.21,1,30,1.
1191 1903 1431 1969 Paulus
1477 1904 1645 1970 libro
1692 1905 1902 1989 primo
1951 1905 2032 1971 ad
2079 1904 2361 1971 edictum

341 1994 644 2059 aedilium
710 1994 1027 2058 curulium
1094 1991 1195 2080 (P.
1234 1991 1412 2080 836).
1480 2030 1557 2042 -
1627 1992 1802 2071 Quas
1865 1995 2190 2079 impensas
2253 2016 2361 2060 ne-

339 2083 617 2151 cessario
673 2082 743 2148 in
799 2082 1151 2147 curandum
1206 2104 1462 2147 servum
1508 2086 1659 2167 post
1702 2083 1883 2147 litem
1931 2086 2362 2148 contestatam

346 2175 601 2256 emptor
646 2171 895 2253 fecerit,
949 2170 1326 2255 imputabit3
1379 2170 1830 2253 praecedentes
1878 2172 2205 2254 impensas
2252 2194 2364 2238 no·

347 2261 642 2325 minatim
695 2259 1323 2344 comprehendendas
1370 2257 1624 2324 Pedius.

517 2358 574 2422 9.
615 2357 1109 2441 D.21,1,31,11.
1181 2354 1497 2440 Ulpianus
1527 2356 1696 2422 libro
1725 2357 1938 2441 primo
1968 2358 2050 2422 ad
2079 2358 2362 2424 edictum

341 2446 645 2513 aedilium
700 2446 1013 2513 curulium
1069 2442 1168 2532 (P.
1209 2443 1430 2531 1779).
1483 2480 1556 2491 -
1610 2443 1679 2511 Si
1731 2447 2132 2529 mancipium
2189 2448 2364 2532 quod

339 2535 663 2601 redhiberi
715 2540 969 2619 oportet
1012 2538 1335 2600 mortuum
1383 2534 1535 2619 erit,
1588 2539 1708 2599 hoc
1753 2540 2119 2620 quaeretur,
2175 2556 2366 2601 num-

344 2626 501 2711 quid
549 2627 738 2711 culpa
782 2624 1092 2709 emptoris
1139 2625 1240 2690 vel
1284 2624 1571 2688 familiae
1613 2623 1748 2688 eius
1788 2625 1888 2689 vel
1925 2627 2366 2709 procuratoris

340 2716 535 2781 homo
584 2716 953 2779 demortuus
1000 2716 1113 2800 sit3
1168 2735 1321 2778 nam
1369 2718 1423 2778 si
1471 2714 1660 2797 culpa
1707 2713 1842 2776 eius
1889 2713 2191 2799 decessit,
2244 2737 2365 2798 pro

344 2806 488 2868 vivo
553 2802 888 2868 habendus
953 2807 1077 2886 est,
1151 2807 1216 2867 et
1280 2806 1690 2887 praestentur
1755 2823 1832 2866 ea
1896 2802 2140 2886 omnia,
2205 2825 2367 2887 quae

342 2894 852 2975 praestarentur,
899 2890 953 2954 si
999 2892 1258 2954 viveret.

526 2986 626 3051 10.
672 2985 751 3051 D.
778 2985 931 3050 ibid.
969 2989 1008 3067 ἓ
1040 2986 1141 3051 13.
1176 3022 1251 3032 -
1286 3036 1300 3051 .
1322 3036 1336 3051 .
1357 3036 1373 3053 .
1411 2986 1468 3050 si
1505 2991 1654 3071 post
1689 2987 1999 3052 iudicium
2038 2990 2368 3071 acceptum

345 3077 694 3143 decessisse
740 3080 1153 3158 proponatur,
1197 3079 1352 3141 tunc
1388 3076 1457 3139 in
1494 3078 1832 3142 arbitrium
1869 3075 2096 3142 iudicis
2135 3076 2369 3161 veniet,

347 3164 624 3251 qualiter
678 3169 967 3228 mortuus
1024 3165 1135 3248 sit3
1201 3169 1275 3229 ut
1331 3165 1500 3229 enim
1559 3171 1623 3231 et
1675 3165 1871 3231 Pedio
1930 3166 2209 3251 videtur,
2274 3186 2370 3251 ea,

347 3274 779 3340 quaecumque
834 3258 987 3336 post
1030 3254 1167 3318 litis
1217 3255 1758 3320 contestationem
1806 3256 2216 3341 contingunt,
2272 3277 2369 3320 ar-

346 3344 612 3408 bitrium
660 3341 887 3407 iudicis
934 3342 1317 3409 desiderant.

488 3543 517 3589 1
560 3536 652 3591 Fe.
688 3535 941 3591 venditio
978 3537 1349 3593 remansisset.
