2575 3900
2016 206 2169 262 XXV

173 377 386 436 Masurii
433 376 648 436 Sabini
703 377 855 435 iuris
913 375 1108 436 civilis
1152 376 1357 453 libros,
1404 375 1510 434 sed
1556 375 1740 434 etiam
1788 373 1866 433 ad
1910 375 2185 434 edictum·

171 466 430 540 praetoris
458 466 872 542 amplissimos
906 465 1366 524 commentarios
1398 464 1799 539 composuisse
1824 467 2038 524 notum
2067 467 2192 524 est.-

313 555 729 616 Posteriorum
786 573 931 615 vero
1007 553 1303 614 librorum
1365 553 1722 629 quibusdam
1777 553 2192 614 Tribonianus

163 643 376 702 videtur
414 663 568 704 usus
619 661 750 705 esse
796 642 1072 721 integi-ie,
1116 643 1392 719 inprimis
1440 642 1698 702 Traiano
1744 643 1871 701 fere
1906 642 2189 718 principe

160 731 339 811 editis,
391 733 632 794 scilicet
675 732 915 793 Neratii
951 735 1016 792 ct
1059 732 1346 792 Iavoleni.
1438 731 1511 790 de
1556 731 1807 808 reliquis
1852 749 1975 791 non
2018 731 2178 791 idem

161 820 454 880 dicendum
499 826 620 882 est.

313 909 579 971 Antistii
607 910 908 970 Labeonis
945 909 1188 988 quidem
1221 928 1417 986 neque
1453 908 1641 969 libros
1680 908 1757 967 ad
1785 907 1903 967 XII
1939 910 2177 968 tabulas

155 1017 331 1074 neque
377 999 454 1059 ad
504 1000 708 1060 edicta
751 1003 1100 1076 praetorum
1139 999 1236 1058 vel
1281 997 1563 1057 aedilium
1614 998 1911 1056 curulium
1924 1043 1939 1072 ‚
1985 1016 2177 1074 neque

157 1086 590 1162 Responsorum
634 1089 735 1151 vel
771 1088 1191 1164 Epistularum
1227 1088 1433 1163 libros,
1480 1089 1551 1146 ut
1586 1087 1738 1146 alios
1776 1087 2070 1159 omittam,
2114 1087 2179 1146 in

159 1175 463 1236 Iustiniani
506 1177 782 1254 Digestis
826 1177 1248 1252 componendis
1295 1175 1457 1251 ipsos
1505 1175 1806 1235 adhibitos
1852 1192 1981 1234 esse
2028 1176 2177 1234 satis

162 1269 396 1340 apparet
435 1261 545 1346 (cf.
584 1266 665 1340 Π,
707 1270 737 1324 1
781 1286 836 1342 p.
869 1268 969 1326 81.
1011 1267 1110 1326 84.
1152 1267 1252 1325 89.
1296 1265 1397 1325 95.
1439 1265 1583 1324 145.
1625 1257 1803 1341 147).
1866 1269 2177 1340 praeterea

161 1372 338 1430 neque
377 1373 450 1414 ex
487 1357 794 1414 Πνθανῶν
839 1355 1028 1427 libris,
1074 1373 1435 1432 quamquam
1484 1353 1549 1412 in
1594 1352 1792 1412 indice
1828 1353 2177 1413 Florentino

159 1443 517 1520 referuntur,
563 1463 760 1522 neque
811 1463 885 1502 ex
930 1443 1375 1504 Posterioribus
1422 1443 1585 1520 ipsis,
1632 1442 1736 1501 sed
1782 1460 1855 1500 ex
1900 1442 2177 1517 epitomis

161 1533 404 1607 tantum,
450 1532 698 1592 illorum
744 1533 942 1610 Pauli,
987 1534 1203 1592 horum
1247 1531 1545 1609 Iavoleni,
1602 1532 1946 1609 fragmenta
1986 1531 2179 1606 petita

162 1619 423 1679 videntur
470 1640 604 1682 esse
651 1614 759 1704 (H,
802 1625 834 1680 1
887 1643 943 1696 p.
979 1624 1100 1681 149
1143 1624 1205 1680 et
1244 1623 1387 1680 161.
1438 1621 1511 1680 cf.
1556 1620 1621 1680 Π
1660 1623 1697 1679 2
1737 1639 1797 1696 p.
1834 1612 2015 1700 403).

322 1708 489 1769 Idem
543 1710 618 1769 de
654 1709 908 1770 Masurii
947 1709 1155 1768 Sabini
1199 1709 1373 1768 libris
1418 1709 1805 1769 statuendum
1850 1719 1961 1786 est,
2008 1709 2177 1768 cuius

163 1795 294 1856 iuris
349 1799 548 1859 civilis
591 1800 883 1859 librorum
928 1799 993 1857 in
1037 1798 1387 1858 Florentino
1434 1798 1629 1857 indice
1675 1798 2058 1857 laudatorum
2101 1817 2175 1857 ne

165 1901 331 1944 uuum
367 1889 614 1964 quidem
651 1889 1058 1969 fragmentum
1089 1886 1299 1946 Sabini
1330 1887 1569 1947 nom-ine
1604 1887 1963 1964 inscriptum
1992 1889 2174 1962 extat,

170 1978 222 2031 et
258 1976 326 2035 de
372 1976 582 2037 Cassio
629 1977 931 2055 Longino,
978 1977 1144 2037 cuius
1191 1977 1524 2036 doctrinam
1574 1996 1647 2036 ex
1690 1976 1765 2035 iis
1810 1976 1981 2035 libris
2027 1996 2177 2053 quos

169 2060 466 2230 {avolenus
505 2085 581 2234 εἷ
617 2065 823 2126 Cassio
852 2066 996 2126 fecit
1025 2085 1062 2125 a
1091 2065 1452 2127 Triboni·ano
1480 2066 1736 2142 petitam
1765 2083 1896 2125 esse
1925 2070 2177 2142 apparet

326 2242 412 2302 De
450 2245 698 2305 Proculi
724 2243 1138 2319 Epistularum
1175 2244 1367 2323 libris,
1404 2262 1765 2321 quamquam
1802 2244 1981 2319 plura
2010 2245 2173 2321 frag-

175 2334 352 2391 menta
373 2334 544 2393 illius
573 2333 808 2393 nomine
840 2337 1053 2393 ornata
1081 2335 1224 2393 sunt
1250 2325 1359 2411 (11,
1390 2335 1429 2392 2
1458 2354 1515 2409 p.
1540 2330 1938 2411 113·-129),
1970 2336 2177 2392 tamen

173 2415 544 2482 dubitandum
609 2426 731 2498 est,
791 2440 927 2481 cum
987 2422 1343 2483 Iavolenum
1402 2422 1466 2480 in
1519 2422 1935 2498 Epistolarum
1999 2422 2175 2482 libris

172 2502 383 2569 Proculi
430 2511 757 2586 epistulam
795 2512 1073 2571 attulisse
1109 2515 1341 2571 certum
1380 2512 1459 2570 sit
1496 2503 1603 2593 (Π,
1635 2514 1671 2569 2
1713 2530 1769 2587 p.
1800 2514 1946 2572 464.
1995 2503 2174 2591 476),

179 2592 252 2651 ita
279 2601 344 2657 ut
375 2598 806 2659 Tribonianum
847 2600 1186 2677 fragmenta
1220 2600 1495 2660 Iavol‘eni
1528 2600 1698 2658 libris
1736 2599 1950 2659 debere
1992 2599 2175 2659 liceat

181 2686 376 2753 putare.
446 2691 766 2764 praeterea
799 2688 1017 2747 indicio
1052 2689 1309 2750 fortasse
1346 2691 1453 2760 est,
1491 2693 1649 2764 quod
1686 2706 1820 2747 cum
1848 2688 2175 2747 Proculum

185 2774 295 2831 octo
349 2777 770 2854 Epistularum
842 2776 1028 2837 libros
1090 2777 1494 2853 composuisse
1564 2776 1757 2835 indice
1823 2775 2173 2837 Florentino

178 2858 438 2938 tradatur,
476 2866 540 2923 in
574 2865 838 2941 Digestis
874 2867 1173 2925 undecimi
1207 2866 1349 2925 libri
1384 2867 1727 2944 fragmenta
1764 2869 1971 2925 extant
2008 2858 2102 2948 (Π
2134 2870 2169 2926 2

179 2966 225 3020 p.
267 2948 661 3033 128—129)‚
726 2955 829 3029 qui
891 2955 1045 3013 liber
1097 2955 1296 3015 nescio
1352 2974 1428 3014 an
1482 2954 1639 3013 idem
1705 2956 1786 3014 sit
1839 2959 2020 3031 atque
2074 2957 2170 3015 Ia-

179 3037 348 3099 voleni
390 3043 545 3102 liber
590 3043 679 3101 XI
724 3044 1132 3118 Epistularum
1181 3038 1281 3124 (cf.
1329 3043 1409 3121 H,
1457 3046 1494 3117 2
1544 3065 1598 3119 p.
1640 3043 2048 3127 484—487),
2110 3047 2173 3104 in

181 3124 502 3205 fragmentis
558 3132 679 3189 illis
735 3132 1151 3208 componendis
1207 3152 1407 3191 errore
1464 3133 1538 3191 ad
1593 3133 1917 3193 Proculum
1974 3138 2169 3194 trans·

183 3216 421 3293 scriptus,

331 3309 399 3367 In
450 3309 772 3369 Iustiniani
816 3309 1086 3385 Digestis
1140 3329 1261 3369 non
1306 3329 1442 3370 raro
1491 3311 1757 3370 eiusdem
1804 3310 2020 3388 operiS‚
2068 3311 2170 3371 sed

184 3394 311 3453 varii
343 3397 683 3476 argumenti
715 3396 1057 3475 fragmenta
1090 3398 1494 3470 inveniuntur,
1539 3400 1710 3460 velut
1744 3400 1814 3460 D.
1836 3401 1940 3474 50,
1962 3402 2018 3469 6,
2044 3402 2167 3460 157

186 3484 235 3538 ct
273 3486 384 3545 242
431 3486 531 3546 vel
574 3486 650 3547 D.
680 3489 916 3565 5o,17‚
949 3489 1055 3565 73,
1103 3488 1166 3546 in
1212 3488 1427 3565 quibus
1479 3486 1545 3557 Q.
1583 3488 1763 3548 Mucii
1809 3488 1949 3546 libri
1997 3486 2169 3563 ὅρων,

191 3570 318 3632 Aelii
359 3574 512 3635 Galli
569 3574 711 3635 libri
767 3575 798 3633 I
853 3576 923 3635 de
978 3576 1139 3636 verb.
1197 3576 1422 3654 signifi,
1477 3576 1745 3635 Iavoleni
1798 3575 1939 3632 libri
1988 3574 2049 3629 II
2098 3592 2167 3630 ex
