2575 3900
336 231 469 297 564
1073 226 1624 283 ADDITAMENTA.

338 396 655 460 bonorum
701 395 1036 475 raptorum
1079 391 1317 457 iudicio
1363 395 1636 473 tenetur,
1680 390 1958 455 maxime
2003 390 2059 454 si
2098 411 2235 454 non
2276 390 2379 454 in-

337 482 692 567 tellegebat
727 503 806 546 ex
853 479 1196 564 naufragio
1242 480 1347 545 vel
1390 479 1681 545 incendio
1718 480 1985 544 ruinave
2022 501 2165 544 eam
2202 500 2377 544 esse.

339 574 656 637 iacentem
703 591 958 655 quoque
1003 591 1141 634 rem
1178 591 1256 634 ex
1293 569 1655 656 naufragio,
1701 589 1865 654 quae
1912 567 2210 632 fiuctibus
2262 589 2372 632 ex-

336 662 527 746 pulsa
572 660 680 744 sit,
727 661 784 725 si
831 660 974 745 quis
1022 658 1381 742 abstulerit,
1426 658 1713 742 plerique
1760 657 1931 722 idem
1975 659 2231 740 putant.

987 809 1087 875 De
1131 811 1265 874 iure
1309 809 1705 874 deliberandi.

522 926 663 992 177.
757 924 836 990 D.
875 926 981 1004 30,
1018 926 1120 991 87.
1209 923 1605 1009 Papinianus
1638 924 1804 989 libro
1844 926 2073 988 octavo
2112 922 2368 988 decimo

343 1015 826 1092 Quaestionum.
884 1051 968 1060 —
1024 1013 1188 1078 Filio
1251 1017 1455 1096 pater,
1518 1034 1707 1098 quem
1766 1013 1835 1077 in
1886 1014 2212 1096 potestate
2266 1033 2367 1076 re-

337 1105 566 1182 tinuit,
639 1103 858 1167 heredi
938 1124 1057 1186 pro
1128 1106 1315 1186 parte
1385 1103 1687 1167 instituto
1758 1102 2046 1186 legatum
2113 1122 2368 1185 quoque

343 1191 653 1277 relinquit
700 1243 715 1257 .
747 1242 759 1255 .
789 1241 804 1256 .
852 1191 1172 1256 sententia
1218 1193 1319 1255 est
1365 1190 1871 1255 existimantium
1918 1189 2367 1276 denegandam

346 1283 405 1347 ci
452 1281 650 1364 legati
695 1279 1095 1363 petitionem,
1161 1278 1218 1344 si
1281 1280 1487 1363 patris
1535 1278 1923 1344 abstinuerit
1985 1277 2364 1343 hereditate.

524 1369 668 1435 178.
762 1367 839 1435 D.
866 1369 971 1450 29,
1009 1369 1067 1448 2,
1106 1369 1212 1450 20,
1248 1369 1310 1433 4.
1400 1367 1719 1453 Ulpianus
1756 1368 1924 1432 libro
1956 1368 2362 1451 sexagesimo

340 1459 551 1544 primo
581 1458 663 1523 ad
692 1458 987 1523 edictum.
1019 1495 1100 1505 —-
1132 1456 1527 1541 Papinianus
1558 1457 1787 1523 scribit
1823 1456 2029 1520 filium
2056 1456 2363 1521 heredem

339 1548 714 1613 institutum
798 1547 906 1632 qui
984 1568 1053 1611 se
1124 1547 1315 1611 bonis
1390 1547 1679 1631 paternis
1765 1546 2083 1611 abstinuit
2166 1545 2361 1630 volgo

338 1642 570 1721 putare
636 1636 968 1722 quosdam,
1023 1636 1080 1699 si
1135 1658 1175 1700 a
1231 1640 1406 1700 statu
1462 1635 1664 1700 libero
1711 1634 2053 1719 pecuniam
2100 1637 2365 1718 accepit,

341 1748 380 1790 a
435 1725 862 1790 creditoribus
919 1724 1455 1802 conveniendum,
1512 1725 1648 1789 sive
1701 1723 1951 1788 nummi
2005 1724 2366 1807 peculiares

341 1813 585 1878 fuerint
639 1815 774 1879 sive
830 1835 963 1878 non
1017 1813 1284 1893 fuerint,
1345 1813 1497 1897 quia
1552 1835 1629 1876 ex
1684 1812 1970 1876 defuncti
2025 1812 2367 1877 voluntate

343 1902 672 1987 accipitur,
720 1902 886 1986 quod
937 1901 1331 1967 condicionis
1376 1900 1738 1985 implendae
1784 1922 1978 1967 causa
2024 1901 2232 1968 datur.

526 1991 667 2057 179.
762 1989 837 2054 D.
886 1991 990 2072 29,
1035 1992 1097 2073 4,
1142 1992 1248 2075 24,
1300 1993 1353 2057 1.
1445 1991 1684 2056 Paulus
1737 1990 1904 2056 libro
1959 1991 2365 2076 sexagesimo

344 2081 425 2145 ad
455 2080 753 2144 edictum.
781 2116 870 2125 ——
900 2076 1001 2166 (Si
1030 2080 1177 2145 dolo
1207 2080 1441 2146 tutoris
1473 2080 1763 2145 omiserit
1789 2079 2072 2163 pupillus
2103 2101 2367 2144 causam

342 2168 718 2234 testamenti
767 2175 832 2231 et
887 2168 1245 2254 legitimam
1296 2168 1716 2233 hereditatem
1761 2166 2111 2252 possideat,
2158 2167 2369 2233 danda

344 2263 445 2322 est
499 2258 863 2341 legatorum
921 2260 1089 2322 actio
1144 2259 1215 2322 in
1269 2256 1633 2341 pupillum.)
1696 2256 1805 2321 sed
1863 2257 1985 2321 hoc
2042 2261 2107 2320 et
2160 2255 2231 2321 in
2287 2279 2366 2322 eo

345 2348 458 2431 qui
515 2346 720 2431 pubes
778 2350 877 2411 est
934 2347 1221 2431 plerique
1274 2351 1509 2427 putant
1562 2345 2058 2425 observandum,
2118 2349 2193 2409 ut
2246 2368 2365 2430 pro

341 2457 472 2518 qua
508 2440 696 2519 parte
731 2435 1079 2519 possideat,
1115 2439 1432 2518 teneatur,
1470 2434 1764 2519 quamvis
1799 2437 2060 2518 praetor
2094 2434 2363 2518 perinde

342 2524 412 2587 in
458 2545 604 2589 eum
652 2524 760 2589 det
807 2526 1142 2607 actionem,
1190 2526 1385 2607 atque
1434 2524 1488 2587 si
1534 2523 1779 2588 adisset
1824 2523 2267 2588 hereditatem.

345 2685 442 2753 Ne.
495 2686 650 2769 quid
693 2686 762 2749 in
816 2684 1072 2766 fhamine
1105 2683 1351 2765 publico
1396 2683 1607 2765 ripave
1650 2684 1783 2748 eius
1825 2683 1959 2765 flat,
2014 2703 2134 2765 quo
2180 2683 2363 2749 aliter

1157 2793 1323 2854 aqua
1365 2772 1541 2853 fluat.

526 2879 671 2946 180.
763 2878 1022 2961 D.43,
1099 2878 1208 2957 13,
1282 2880 1347 2961 1,
1412 2880 1469 2944 6.
1561 2877 1881 2963 Ulpianus
1946 2878 2114 2943 libro
2191 2900 2367 2942 sexa-

348 2969 643 3053 gensimo
693 2972 922 3033 octavo
961 2967 1040 3032 ad
1079 2966 1378 3033 edictum.
1426 3004 1510 3013 —
1558 2965 1723 3032 Sunt
1758 2967 1868 3069 qui
1904 2970 2154 3051 putent,
2201 2967 2366 3031 exci-

345 3055 650 3140 piendum
707 3055 831 3121 hoc
885 3057 1253 3121 interdicto:
1312 3055 1503 3141 ‘quod
1564 3055 1701 3121 eius
1756 3056 1935 3139 ripae
1982 3056 2365 3120 muniendae

347 3166 543 3210 causa
588 3167 720 3210 non
765 3144 917 3229 fiet',
981 3145 1227 3211 scilicet
1292 3149 1382 3227 ut,
1446 3144 1501 3209 si
1565 3144 1717 3229 quid
1780 3144 1925 3227 fiat,
1984 3165 2111 3228 quo
2177 3143 2365 3209 aliter

347 3256 518 3319 aqua
569 3234 748 3315 fluat,
809 3234 862 3298 si
917 3238 1138 3298 tamen
1184 3234 1565 3298 muniendae
1624 3234 1804 3318 ripae
1851 3254 2052 3297 causa
2090 3232 2225 3311 fiat,
2270 3233 2364 3297 in-

342 3323 620 3389 terdicto
661 3322 845 3387 locus
883 3345 1014 3388 non
1054 3324 1158 3387 sit.
1250 3322 1363 3386 sed
1391 3342 1508 3386 nec
1542 3321 1667 3387 hoc
1705 3319 2092 3406 quibusdam
2127 3323 2365 3405 placet:

344 3434 554 3499 neque
619 3412 790 3475 enim
854 3414 1034 3494 ripae
1091 3434 1237 3477 cum
1284 3410 1687 3476 incommodo
1737 3411 2168 3476 accolentium
2230 3432 2365 3474 mu—

343 3502 612 3567 niendae
661 3504 826 3564 sunt.

523 3596 594 3654 cf.
643 3594 828 3653 Lenel
875 3592 1066 3653 Edict.
1113 3614 1168 3669 p.
1221 3594 1346 3654 369
1394 3614 1451 3653 n.
1499 3594 1556 3653 8.

2556 46 2575 339 ἱ

2562 353 2575 534 ι
