2575 3900
842 234 890 282 6.
937 226 1353 282 IAVOLENUS
1391 226 1687 283 PRISCUS
2138 228 2271 293 459

235 396 323 456 de
365 396 584 475 legatis
633 400 696 456 et
741 396 811 456 de
855 397 988 455 iure
1035 396 1283 467 dotium,
1330 395 1587 456 seeundo
1627 396 1698 455 de
1736 396 2031 473 emptione
2068 397 2275 458 vendi-

243 485 408 545 tione
435 485 603 560 dixit,
632 486 813 563 idque
842 485 1114 561 inprimis
1143 485 1216 544 de
1235 484 1589 545 hereditatis
1610 485 1969 547 venditione.
2036 485 2273 563 reliqua

243 574 475 633 ineerta
521 577 680 635 sunt.

1106 716 1326 775 Liber
1371 716 1419 776 I.

1066 834 1167 899 De
1213 836 1444 917 leyatis.

425 961 480 1024 1.
529 958 740 1045 D.31‚
771 959 870 1023 10.
945 958 1286 1023 Iavolenus
1324 959 1489 1024 libro
1524 960 1733 1043 primo
1763 981 1839 1024 ex
1870 958 2149 1025 Plautio,
2179 998 2263 1007 —-

243 1046 404 1114 Cum
444 1047 681 1128 fundus
721 1010 1097 1113 'nominatim
1142 1049 1373 1131 leyatus
1407 1050 1505 1131 sit,
1549 1051 1606 1113 si
1644 1050 1798 1130 quid
1831 1050 1889 1113 ei
1912 1055 2059 1132 post
2090 1054 2269 1115 testa-

244 1142 520 1201 mentum
579 1138 815 1215 factum
877 1138 1180 1202 adiectum
1241 1142 1353 1215 est,
1417 1139 1487 1201 id
1545 1158 1779 1255 quoque
1842 1138 2035 1220 leyato
2098 1140 2270 1221 cedit,

239 1226 486 1291 etiamsi
537 1227 653 1290 illa
705 1226 886 1291 verba
939 1228 1177 1290 adiecta
1227 1246 1355 1290 non
1408 1228 1539 1291 sint
1590 1225 1723 1308 qui
1778 1247 1949 1291 meus
2000 1226 2157 1311 erif,
2210 1229 2271 1293 si

241 1316 419 1380 modo
474 1320 719 1379 testator
769 1335 906 1379 cam
950 1318 1198 1397 partem
1249 1336 1377 1379 non
1431 1317 1769 1397 separatim
1810 1318 2109 1400 possedit,
2162 1317 2271 1381 sed

242 1405 632 1469 universitati
664 1405 904 1485 prioris
944 1404 1135 1481 fundi
1176 1404 1484 1467 adiunxit.

421 1494 480 1556 2.
527 1492 604 1557 D.
633 1493 738 1575 21,
768 1494 826 1574 2,
856 1492 958 1557 58.
1031 1490 1376 1556 Iavolenus
1413 1493 1581 1557 libro
1620 1492 1829 1575 primo
1869 1515 1945 1556 ex
1984 1492 2261 1557 Plautio.

239 1618 331 1627 —-
375 1582 574 1645 Heres
609 1600 843 1644 servum
887 1602 1012 1645 non
1055 1582 1427 1645 nominatim
1472 1582 1735 1664 leyatum
1771 1583 2032 1645 tradidit
2062 1579 2269 1664 (man-

239 1671 400 1752 cipio
446 1669 686 1751 dedit&
730 1674 788 1733 et
829 1670 900 1733 de
942 1670 1078 1733 dolo
1120 1671 1501 1752 repromisit,·
1536 1675 1753 1753 postea
1796 1690 2007 1735 servus
2042 1672 2269 1736 evictus

239 1765 341 1824 est.
433 1778 609 1841 ayere
661 1779 799 1822 cum
853 1758 1061 1822 herede
1115 1758 1448 1841 leyatarius
1504 1779 1580 1823 ex
1634 1763 1979 1824 testamento
2021 1762 2268 1844 poterit,

235 1849 523 1930 quamvis
565 1846 734 1911 heres
777 1848 1050 1911 alienum
1093 1868 1217 1912 esse
1258 1867 1501 1912 servum
1544 1848 1935 1930 iynoraverit.

422 1938 480 2002 3.
538 1934 616 2000 D.
645 1936 749 2021 34,
781 1937 840 2008 2,
871 1938 930 2001 8.
1021 1934 1198 2000 Idem
1259 1932 1377 2023 (sc.
1421 1933 1689 2024 Paulus)
1745 1938 1913 2002 libro
1964 1959 2135 2002 nono
2184 1938 2264 2002 ad

241 2025 591 2090 Plautium.
653 2063 726 2071 —
788 2024 1103 2090 Plautius,
1195 2026 1425 2090 mulier
1479 2025 1575 2090 ita
1619 2027 1890 2112 legavit:
1949 2026 2266 2112 ‘quisquis

241 2114 404 2179 mihi
459 2115 648 2178 heres
704 2114 874 2192 erit.
913 2115 1121 2178 Titiae
1170 2118 1417 2178 vestem
1466 2137 1673 2178 meam
1721 2116 2028 2180 mundum
2079 2138 2266 2180 orna-

241 2207 586 2288 mentaque
643 2203 984 2268 muliebria
1039 2203 1307 2268 damnas
1359 2208 1497 2268 est-o
1546 2202 1739 2270 dare’.
1843 2203 2105 2270 Cassius
2155 2204 2265 2287 ait,

241 2293 297 2356 si
352 2314 481 2356 non
539 2296 902 2376 appareret,
961 2291 1115 2376 quid
1170 2293 1509 2374 sensissem
1565 2314 1818 2357 omnem
1874 2298 2120 2358 vestem
2168 2315 2265 2357 se-

242 2380 516 2445 cundum
547 2380 744 2444 verba
772 2381 1146 2444 testamenti
1175 2381 1459 2464 legatam
1488 2381 1709 2445 videri.
1774 2382 2034 2446 Paulus,
2093 2381 2265 2446 idem

234 2467 582 2533 Iavolenus
656 2469 904 2550 scribit,
975 2470 1125 2550 quia
1195 2469 1524 2534 verisimile
1593 2475 1705 2553 est,
1776 2471 2013 2555 inquit,
2086 2480 2263 2536 testa-

241 2557 453 2620 tricem
481 2561 722 2620 tantum
749 2563 1248 2622 ornamentorum
1276 2559 1663 2623 universitati
1688 2560 2016 2642 deroqasse‚
2044 2559 2265 2641 quibus

232 2646 743 2728 >si-animationem
797 2646 1186 2710 muliebrium
1232 2649 1765 2724 accommodasset;
1810 2648 2121 2733 ‘accedere
2168 2669 2265 2732 ee,

241 2733 409 2816 quod
466 2733 581 2796 illa
635 2734 1098 2799 demonstrat-10
1155 2733 1540 2799 ‘muliebria'
1592 2757 1797 2818 neque
1844 2734 2010 2799 vesti
2054 2757 2263 2820 neque

243 2821 484 2886 mundo
542 2823 851 2905 applicari
909 2823 1090 2886 salva
1144 2825 1393 2888 ratione
1448 2825 1605 2888 recti
1664 2824 1979 2888 sermonis
2026 2827 2263 2908 potest.

416 2920 476 2984 4.
524 2917 602 2982 D.
632 2919 736 3000 32,
769 2921 870 2984 77.
941 2918 1287 2986 Iavolenus
1325 2920 1490 2986 libro
1520 2921 1730 3005 primo
1762 2943 1838 2984 ex
1866 2920 2145 2987 Plautio,
2174 2959 2263 2972 —-

229 3007 994 3162 foffssngsstusrubstitutim
1048 3010 1244 3091 lcqata
1296 3015 1665 3094 repetuntur,
1722 3011 2023 3076 libertates
2074 3012 2263 3076 eliam

964 3203 1064 3270 De
1105 3206 1243 3269 iure
1286 3207 1537 3270 dotium.
1642 3207 1647 3210 ’

416 3319 475 3384 5.
521 3318 598 3385 D.
633 3321 735 3403 12,
767 3319 826 3400 4,
860 3320 960 3384 10.
1033 3319 1377 3386 Iavolenus
1415 3320 1584 3385 libro
1621 3320 1828 3404 primo
1868 3342 1947 3384 ex
1982 3319 2261 3385 Plautio.

239 3445 322 3454 —-
369 3407 446 3473 Si
488 3409 712 3474 mulier
756 3412 812 3473 ei
854 3411 958 3474 cui
999 3414 1275 3492 nuptura
1320 3413 1454 3474 erat
1486 3429 1623 3474 cum
1659 3411 1855 3474 dotem
1890 3411 2039 3475 dare
2072 3409 2260 3487 vellet,

221 3498 558 3578 pecuniam
593 3519 749 3580 quae
783 3498 903 3562 sibi
937 3498 1257 3563 debebatur
1292 3503 1599 3579 acceptam
1623 3498 1769 3578 fecit
1793 3519 1981 3579 neque
2003 3499 2263 3582 nuptiae

237 3586 542 3649 insecutae
584 3591 744 3668 sunt,
789 3591 941 3650 recte
985 3587 1061 3650 ab
1105 3606 1172 3651 eo
1204 3589 1473 3668 pecunia
1508 3587 1866 3665 condicetur,
1912 3587 2061 3668 quia
2096 3585 2261 3650 nihil
