2575 3900
824 204 874 276 4:-
921 199 983 254 L.
1022 196 1388 254 NERATIUS
1425 198 1722 256 Pfflscus
2149 202 2277 266 309

258 365 424 424 ultra
472 365 695 424 librum
740 366 1033 426 decimum
1077 367 1258 427 huius
1306 366 1502 444 operis
1549 368 1889 446 fragmenta
1930 369 2100 428 nulla
2143 389 2276 445 pro-

254 457 577 530 ponuntur.
678 457 814 514 ante
877 454 1222 532 Neratium,
1287 457 1408 517 nisi
1471 457 1630 533 quod
1694 456 1762 528 Q.
1825 458 2056 517 Mucius
2123 456 2278 539 ὅρων

257 542 484 602 librum
520 543 886 619 singularem
923 545 1261 622 composuit
1286 541 1344 618 (Ι
1362 566 1419 621 p.
1441 541 1618 624 103),
1647 545 1912 606 eiusdem
1939 547 2280 620 argumenti

255 631 395 690 libri
438 651 556 691 non
598 631 881 693 videntur
926 633 1215 694 extitisse.
1295 638 1433 711 post
1468 635 1641 693 illum
1679 635 2054 712 Regularum
2089 635 2276 695 libros

253 721 459 796 plures
550 720 891 781 ediderunt:
985 723 1349 799 Pomponius
1442 714 1536 805 (P.
1598 716 1998 806 372—377),
2090 723 2277 784 Gaius

256 803 349 888 (P.
370 803 773 891 483-485),
818 809 1104 871 Scaevola
1151 801 1666 894 (P.195—212),
1711 813 1937 872 Paulus
2020 812 2080 873 P.
2106 815 2277 873 1425

254 891 568 976 -1443),
612 898 878 958 Licinius
923 899 1175 960 Rufinus
1220 892 1603 982 (P.1—16),
1649 900 1946 977 Ulpianus
2015 901 2082 961 P.
2106 903 2276 961 2362

260 978 577 1068 -2386),
630 987 970 1048 Marcianus
1017 979 1113 1071 (P.
1147 981 1554 1071 219—286),
1603 989 1974 1050 Modestinus
2022 980 2119 1071 (P.
2150 991 2275 1049 173

255 1067 527 1157 -280).
626 1076 731 1154 qui
784 1080 1079 1154 quatenus
1133 1077 1368 1137 Neratii
1423 1078 1594 1138 libris
1650 1079 1743 1138 usi
1800 1079 1948 1152 sint,
2003 1078 2279 1155 cognosci

255 1165 496 1245 nequit;
531 1165 593 1223 in
630 1163 951 1225 Modestini
986 1169 1226 1226 tantum
1263 1186 1441 1244 opere
1479 1168 1546 1227 P.
1580 1169 1702 1227 187
1743 1168 1896 1227 libro
1931 1185 2051 1226 non
2088 1167 2280 1227 nomi-

254 1256 398 1314 nato
436 1253 671 1313 Neratii
708 1255 1005 1314 sententia
1041 1255 1306 1333 affertur,
1344 1258 1414 1314 ut
1448 1256 1708 1316 fortasse
1734 1256 2105 1335 Regularum
2139 1256 2280 1315 libri

260 1341 513 1402 subsint.
565 1342 629 1401 in
663 1343 871 1418 paucis
898 1343 1136 1403 Neratii
1170 1344 1650 1421 fragmentorum
1686 1344 1836 1404 iuris
1875 1345 2133 1404 consulti
2159 1363 2280 1403 non

254 1429 607 1508 laudantur,
661 1432 819 1507 quod
872 1452 992 1493 non
1047 1432 1338 1492 librorum
1390 1436 1642 1493 naturae
1689 1433 2002 1494 convenire
2049 1433 2279 1509 reliqua

256 1539 441 1596 opera
479 1520 789 1580 sententiis
832 1520 1149 1595 afferendis
1179 1522 1407 1582 docent.
1500 1521 1778 1582 extremis
1807 1521 1996 1600 libris,
2026 1540 2279 1597 quorum

256 1609 601 1686 fragmenta
652 1629 773 1670 non
828 1612 1062 1686 extant,
1108 1608 1179 1669 de
1225 1611 1465 1686 publico
1511 1612 1642 1671 iure
1689 1611 1972 1670 Neratius
2017 1609 2276 1670 fortasse

256 1697 513 1757 dixerat:
562 1702 721 1758 certe
768 1701 829 1757 et
875 1697 1225 1760 Scaevolam
1270 1699 1343 1758 de
1379 1699 1614 1760 iudiciis
1651 1699 1906 1776 publicis
1945 1702 2006 1758 et
2042 1699 2278 1758 Modes-

254 1786 448 1846 tinum
503 1786 575 1845 de
632 1786 975 1846 criminibus
1031 1790 1093 1848 et
1147 1789 1221 1848 de
1277 1787 1615 1864 municipiis
1663 1792 1726 1848 et
1769 1787 2013 1848 coloniis
2061 1787 2279 1846 dixisse

255 1877 508 1935 constat.

433 1964 509 2023 In
551 1964 905 2043 fragmentis
947 1964 1237 2026 librorum
1272 1965 1644 2044 Regularum
1683 1969 1743 2025 et
1778 1965 2278 2043 Membranarum,

255 2071 411 2130 quae
459 2052 700 2130 quidem
742 2052 1015 2131 integrae
1064 2073 1134 2114 ex
1178 2054 1328 2129 ipsis
1363 2054 1598 2113 Neratii
1642 2054 1815 2115 libris
1859 2055 1923 2114 in
1958 2054 2281 2114 Iustiniani

254 2142 507 2218 Digesta
560 2142 857 2201 translata
909 2141 1253 2220 videantur,
1299 2146 1551 2221 rectam,
1608 2163 1760 2220 quae
1814 2146 2092 2221 vocatur,
2149 2160 2277 2201 ora·

255 2230 482 2290 tionem
527 2230 783 2290 cursivis
827 2230 1051 2291 litteris
1096 2234 1424 2308 exprimere
1471 2233 1794 2310 supersedi.

1082 2425 1300 2486 Liber
1345 2425 1455 2485 III.

1098 2544 1198 2609 De
1242 2545 1471 2610 tutela.-

443 2652 497 2715 1.
546 2648 622 2715 D.
652 2650 757 2734 26,
792 2651 845 2734 1,
880 2650 979 2715 18.
1059 2647 1370 2715 Neratius
1416 2649 1585 2715 libro
1631 2650 1823 2714 tertio
1864 2648 2279 2735 Regularum.

257 2774 343 2785 -—
392 2737 696 2802 Feminae
742 2741 989 2802 tutores
1038 2737 1179 2803 dari
1224 2760 1356 2803 non
1401 2742 1691 2823 possunt,
1742 2739 1892 2823 quia
1937 2738 2003 2803 id
2049 2759 2279 2803 munus

254 2826 689 2891 masculorum
727 2829 827 2891 est
864 2828 1017 2907 [nisi
1046 2850 1085 2892 a
1110 2827 1403 2912 principe
1431 2828 1708 2892 filiorum
1738 2827 2007 2892 tutelam
2039 2826 2280 2912 specia-

252 2916 403 2980 liter
447 2914 829 2999 postulent}

434 3007 814 3085 Schlesinger
870 3009 932 3067 Z.
968 3009 1009 3069 f.
1047 3008 1170 3069 RG.
1208 3010 1384 3085 VIII,
1414 3013 1515 3071 52.
1588 3010 1786 3071 Eisele
1834 3010 1894 3071 Z.
1925 3010 1977 3071 d.
2009 3009 2280 3071 Sav.·St.

251 3097 324 3174 x,
355 3100 503 3157 316.

432 3199 493 3263 2.
540 3197 618 3263 D.
639 3198 744 3282 26,
764 3199 988 3283 3,2pr.
1070 3197 1378 3265 Neratius
1424 3200 1592 3265 libro
1630 3200 1823 3265 tertio
1863 3200 2278 3285 Regularum.

252 3324 338 3333 —
388 3285 623 3351 Mulier
677 3286 901 3352 liberis
960 3310 1090 3352 non
1143 3292 1316 3353 recte
1374 3291 1766 3355 testamento
1822 3293 2105 3354 tutorem
2153 3288 2280 3353 dat.

255 3375 366 3439 sed
433 3376 492 3439 si
554 3374 827 3458 dederit,
892 3376 1149 3442 decreto
1203 3378 1526 3461 praetoris
1580 3376 1685 3441 vel
1739 3378 2147 3463 proconsulis
2204 3398 2280 3441 ex

253 3464 675 3549 inquisitione
732 3464 1221 3529 confirmabitur
1274 3486 1393 3530 nec
1450 3463 1794 3531 satisdabit
1849 3466 2096 3551 pupillo
2144 3486 2280 3529 rem

256 3554 499 3619 salvam
547 3552 704 3617 fore.
