2575 3900
340 177 468 240 120
496 177 588 232 111.
610 175 760 232 GAII
782 177 1074 233 CLAUDII
1091 176 1358 233 NERON.
1381 177 1669 236 GALBAE
1692 177 2116 236 TEMP.1URIS
2135 179 2338 236 CONS.

1121 357 1223 423 De
1265 359 1556 426 societate.

515 481 612 546 15.
677 481 754 545 D.
795 481 896 564 17,
931 482 992 560 2,
1029 481 1130 545 76.
1170 482 1272 547 78.
1311 483 1413 547 80.
1512 481 1822 548 Proculus
1886 482 2053 548 libro
2113 483 2338 567 quinto

332 569 792 654 Epistularum.
838 605 923 615 —
969 568 1322 634 Societatem
1371 590 1603 635 meeum
1645 572 1819 636 eoisti
1863 591 1934 636 ea
1979 572 2341 656 condicione,

331 663 402 723 ut
440 658 648 723 Nerva
693 659 929 722 amicus
972 659 1312 723 eommunis
1344 657 1556 740 partes
1597 660 1899 725 societatis
1943 661 2340 726 constitueret.

333 747 542 812 Nerva
576 748 906 831 consumit,
938 751 1011 810 ut
1045 751 1111 811 tu
1133 767 1216 812 ex
1253 748 1468 816 triente
1503 749 1718 818 socius
1729 767 1896 830 esses,
1932 768 2036 831 eqo
2065 769 2139 813 ece
2165 749 2341 814 besse.

331 837 604 920 quaeris,
666 839 875 899 utrum
936 839 1144 899 ratum
1209 836 1279 900 id
1328 837 1463 900 iure
1515 837 1815 922 societatis
1867 837 1952 901 sit
2007 857 2093 902 an
2145 837 2340 902 nihilo

330 925 537 988 minus
590 943 664 988 ex
717 924 928 1006 aequis
968 923 1257 1010 partibus
1309 925 1460 989 socii
1512 927 1722 990 simus.
1811 926 2088 990 existimo
2135 930 2344 990 autem

330 1012 547 1076 melius
593 1017 647 1076 te
689 1013 1111 1093 quaesiturum
1140 1011 1358 1098 fuisse,
1399 1017 1610 1078 vitrum
1641 1033 1718 1078 esc
1752 1013 1850 1078 his
1875 1014 2158 1116 partibus
2191 1014 2343 1094 socii

331 1120 590 1165 essemus
623 1120 781 1181 quas
815 1102 871 1165 is
907 1101 1325 1186 constituisset,
1360 1122 1444 1166 an
1481 1123 1556 1167 ex
1581 1102 1679 1166 his
1703 1095 1860 1184 quas
1884 1103 2089 1166 virum
2116 1090 2340 1166 bonum

328 1189 684 1254 constituere
753 1189 1123 1270 oportuisset.
1230 1152 1607 1256 arbitrorum
1679 1191 1845 1255 enim
1909 1211 2134 1272 yenera
2193 1183 2343 1255 sunt

328 1279 463 1342 duo.
546 1297 741 1341 unum
785 1279 1106 1360 eiusmodi,
1159 1283 1230 1342 ut
1272 1280 1397 1344 sive
1441 1300 1702 1360 aequum
1745 1280 1829 1342 sit
1869 1279 1994 1344 sive
2036 1279 2336 1381 iniquum,

322 1385 541 1447 parere
582 1365 926 1449 debeamus,
982 1368 1143 1448 quod
1185 1367 1559 1450 observatur,
1611 1388 1749 1432 eum
1793 1387 1867 1432 ex
1909 1369 2340 1469 compromisso

327 1455 414 1518 ad
454 1453 759 1518 arbitrum
801 1455 957 1519 itum
1000 1459 1103 1539 est,
1146 1454 1410 1520 alterum
1455 1457 1767 1540 eiusmodi,
1809 1460 1881 1520 ut
1922 1456 2008 1520 ad
2041 1455 2183 1520 boni
2215 1456 2340 1520 viri

329 1542 653 1606 arbitrium
697 1543 892 1624 rediyi
934 1542 1155 1630 debeat,
1200 1545 1310 1608 etsi
1353 1545 1722 1611 nominatim
1755 1563 2024 1625 persona
2067 1544 2152 1608 sit
2185 1564 2338 1608 eom·

314 1629 636 1713 prehensa,
660 1633 856 1700 euius
900 1631 1207 1696 arbitratu
1245 1633 1376 1714 fiat.
1417 1637 1425 1712 Ι
1465 1634 1535 1697 in
1559 1633 1882 1714 proposita
1919 1637 2121 1696 autem
2157 1653 2338 1714 quae-

327 1719 523 1783 stione
574 1719 904 1785 arbitrium
956 1721 1081 1785 viri
1134 1720 1273 1784 boni
1325 1722 1603 1790 existimo
1654 1721 2019 1801 sequendum
2069 1741 2192 1786 esse
2241 1719 2344 1804 [eo

328 1809 526 1890 mayis
577 1809 740 1889 quod
792 1809 1088 1872 iudicium
1124 1829 1242 1890 pro
1286 1811 1446 1874 socio
1493 1810 1681 1874 bonae
1723 1809 1889 1890 fidei
1922 1808 2104 1888 est?].
2144 1811 2154 1888 Ι
2193 1810 2345 1891 quid

326 1896 490 1959 enim
532 1897 589 1961 si
634 1897 845 1963 Nerva
888 1899 1308 1980 constituisset,
1353 1903 1424 1963 ut
1465 1899 1620 1964 alter
1662 1918 1736 1963 ex
1779 1897 2108 1965 millesima
2143 1902 2344 1980 parte,

326 1983 483 2059 alter
560 2006 633 2057 ex
700 1982 819 2050 duo
886 1986 1227 2051 millesimis
1280 1988 1575 2068 partibus
1635 1987 1834 2057 socius
1896 1986 2087 2055 esset?
2187 1986 2346 2060 illud

312 2077 515 2155 potest
565 2073 915 2138 conveniens
968 2095 1024 2138 es
1027 2093 1089 2138 se
1140 2076 1264 2138 veri
1318 2075 1459 2140 boni
1512 2076 1797 2153 arbitrio,
1851 2080 1924 2140 ut
1967 2095 2092 2139 non
2135 2076 2346 2162 utique

328 2180 409 2227 ex
452 2163 663 2241 aequis
695 2162 983 2243 partibus
1019 2164 1169 2227 socii
1194 2164 1416 2265 simus,
1461 2164 1644 2229 veluti
1677 2164 1736 2229 si
1769 2164 1923 2227 alter
1946 2164 2096 2247 plus
2132 2170 2348 2250 operae

326 2251 669 2315 industriae
706 2252 946 2333 qratiae
978 2252 1277 2332 pecuniae
1321 2254 1392 2316 in
1434 2255 1778 2318 societatem
1821 2252 2152 2321 collaturus
2195 2257 2341 2318 erat.

504 2360 577 2420 ef.
611 2360 683 2419 D.
725 2363 827 2437 17,
869 2364 924 2437 2,
964 2364 1004 2431 ⁴6
1061 2361 1426 2437 Pomponius
1489 2363 1640 2423 libro
1704 2382 1858 2423 nono
1923 2362 1998 2433 ad
2056 2362 2344 2421 Sabinum

318 2440 419 2529 (P.
456 2441 634 2529 532).
734 2448 809 2521 Si·
859 2450 1207 2519 societatem
1276 2470 1508 2511 meeum
1577 2451 1787 2511 coieris
1851 2469 1923 2509 ea
1985 2450 2346 2529 condicione,

326 2539 396 2595 ut
448 2540 651 2613 partes
706 2538 1014 2607 societatis
1065 2538 1484 2617 constitueres»,
1539 2540 1616 2598 ad
1670 2538 1813 2599 boni
1863 2539 1979 2599 viri
2025 2539 2344 2599 arbitrium

328 2642 399 2683 ea
444 2644 538 2685 res
584 2626 907 2704 redigenda
944 2630 1190 2686 est.e1·.
1226 2630 1580 2687 conveniens
1620 2632 1711 2687 est
1745 2627 1861 2687 viri
1899 2627 2037 2686 boni
2075 2627 2343 2700 arbitriO,

326 2717 396 2773 ut
450 2734 568 2774 non
623 2716 829 2791 utique
886 2735 959 2775 ex
1013 2716 1216 2793 aequis
1270 2716 1544 2791 partibus
1601 2716 1746 2775 socii
1783 2714 2002 2791 simuS,
2045 2715 2244 2775 veluti
2292 2717 2345 2775 si

326 2801 481 2861 alter
524 2804 661 2877 plus
708 2823 921 2879 operae
966 2803 1296 2871 industliae
1343 2806 1627 2881 pecuniae
1673 2806 1735 2869 in
1781 2804 2125 2879 societatem
2163 2791 2341 2863 colla

330 2892 503 2947 turus
552 2891 645 2948 sit.

1046 2975 1144 3039 De
1188 2976 1325 3039 iure
1368 2976 1618 3045 dotium.

506 3095 604 3158 16.
650 3064 731 3159 D.
750 3095 853 3179 50,
877 3098 977 3177 16,
1003 3099 1142 3164 125.
1210 3099 1385 3163 Idem
1415 3097 1524 3182 (so.
1552 3098 1891 3187 Proculus)
1918 3100 2085 3166 libro
2115 3100 2340 3183 quinto

327 3181 787 3265 Epistularum.
834 3221 916 3231 —-
963 3148 1107 3271 Nep
1112 3210 1183 3253 os
1229 3187 1500 3253 Proculo
1548 3209 1664 3253 suo
1713 3188 2002 3253 salutem.
2092 3184 2196 3251 Ab
2244 3209 2340 3271 eo,

328 3271 437 3355 qui
473 3270 565 3334 ita
602 3272 816 3336 dotem
860 3210 1296 3340 dixit1f‘cum
1334 3276 1738 3342 commodum
1775 3277 1915 3361 erit,
1961 3276 2129 3342 dotis
2167 3275 2340 3341 filiae

326 3396 502 3441 meae
549 3377 669 3441 tibi
716 3382 900 3443 erunt
939 3379 1147 3465 HSO',
1194 3385 1472 3464 putasne
1519 3383 1814 3465 protinus
1859 3383 2106 3468 nuptiis
2152 3382 2347 3455 factis

468 3538 495 3585 1
541 3532 689 3589 Trib.
727 3537 996 3605 promisit.
