2575 3900
498 139 570 202 ίΙΙ.
606 137 1089 194 INOERTORUM
1126 137 1584 192 SENTENTIAE
1623 139 1716 192 ET
1754 137 1962 194 LIBRI.
2113 138 2243 203 519

217 324 489 366 uxorem
535 301 836 366 heredem
884 303 1140 384 scripsit
1196 307 1260 367 et
1317 303 1372 367 ei
1431 301 1767 365 substituit
1819 301 2004 366 filios
2053 323 2245 386 quae-

220 393 421 455 situm
471 395 589 472 est,
636 413 719 455 an
766 392 1091 455 institutio
1131 392 1348 455 uxoris
1395 390 1634 454 nullius
1674 391 1985 454 momenti
2032 393 2121 455 sit
2167 413 2242 455 eo

217 481 392 564 quod
460 480 542 544 ab
609 501 683 543 eo
751 479 951 564 grado
1016 481 1136 543 filii
1199 501 1346 544 non·
1399 481 1614 543 essent
1674 478 2056 543 exheredati.
2149 501 2245 543 re-

220 567 454 652 spondi
504 591 652 634 eum
698 570 992 654 gradum,
1039 591 1077 633 a
1116 590 1239 652 quo
1278 567 1396 632 filii
1432 568 1768 649 praeteriti
1805 567 1958 653 sint,
2002 567 2245 632 nullius

218 679 366 722 esse
396 657 721 739 momenti,
752 661 815 721 et
841 657 1003 741 ideo,
1032 680 1178 722 cum
1205 657 1374 721 idem
1405 657 1744 721 substituti
1778 659 2245 740 proponantur,

219 768 301 810 ex
349 749 736 810 testamento
768 768 877 810 eos
905 747 1169 810 heredes
1208 745 1501 810 extitisse
1539 744 1760 829 videri,
1807 745 2054 810 scilicet
2091 746 2245 829 quia

215 856 351 898 non
388 838 600 900 totum
638 838 1099 900 testamentum
1136 835 1468 899 infirmant
1499 834 1634 917 filii,
1673 833 1783 898 sed
1811 836 2068 898 tantum
2097 856 2244 898 eum

219 923 521 1009 gradum,
587 924 697 1008 qui
762 924 842 988 ab
906 924 1090 988 initio
1154 945 1286 988 non
1345 924 1574 1007 valuit,
1639 923 1807 988 sicut
1859 944 2243 1007 responsum

218 1019 346 1095 est,
404 1013 460 1076 si
518 1037 555 1077 a
610 1014 819 1096 primo
878 1014 964 1077 sit
1016 1013 1187 1078 filius
1242 1012 1658 1097 praeterituS,
1714 1035 1752 1075 a
1799 1012 2076 1076 secundo
2135 1034 2241 1076 ex-

219 1100 581 1166 heredatuS.

400 1209 486 1272 2?
551 1207 629 1273 D.
667 1208 772 1286 28,
810 1209 870 1291 2,
899 1210 957 1273 2.
1032 1207 1211 1273 Idem
1269 1207 1384 1294 (sc.
1433 1205 1780 1292 Ulpianus)
1838 1207 2005 1271 libro
2063 1210 2241 1271 sexto

219 1295 635 1381 Regularum.
700 1333 789 1343 -
851 1295 1260 1362 Nominatim
1327 1295 1747 1362 exheredatus
1803 1296 1975 1360 filius
2033 1299 2097 1359 et
2151 1297 2244 1360 ita

218 1387 477 1450 videtur
541 1385 735 1449 ‘filius
782 1408 961 1450 meus
1010 1385 1271 1449 exheres
1321 1385 1503 1468 es'to',
1557 1386 1611 1448 si
1657 1406 1776 1448 nec
1821 1405 2057 1448 nomen
2105 1385 2242 1449 eius

219 1495 590 1556 expressum
641 1475 743 1557 sit,
791 1475 846 1538 si
892 1474 1083 1538 modo
1130 1473 1356 1538 unicus
1399 1474 1511 1557 sit3
1557 1495 1708 1537 nam
1748 1473 1800 1538 si
1836 1474 2052 1557 plures
2093 1477 2245 1537 sunt

218 1562 367 1645 filii,
438 1563 716 1649 benigna
778 1563 1312 1644 interpretatione
1377 1562 1595 1646 potius
1663 1584 1701 1626 a
1755 1562 2080 1646 plerisque
2144 1583 2242 1625 re-

219 1650 574 1734 spondetur
617 1651 864 1715 nullum
914 1650 1367 1716 exheredatum
1417 1671 1594 1714 esse..

771 1828 871 1893 De
914 1830 1298 1911 adquirenda
1342 1829 1684 1894 hereditate.

398 1955 457 2019 3.
504 1954 583 2019 D.
630 1954 734 2036 39,
781 1954 841 2032 6,
880 1955 982 2019 21.
1029 1952 1206 2018 Idem
1245 1951 1362 2040 (sc.
1400 1950 1718 2038 Iulianus)
1755 1952 1921 2017 libro
1961 1952 2239 2017 secundo

220 2043 300 2107 ad
333 2042 639 2108 Urseium
670 2043 988 2108 Ferocem.
1024 2081 1099 2089 —
1132 2043 1301 2107 Eum
1331 2043 1443 2128 qui
1471 2051 1544 2107 ut
1573 2043 1778 2107 adiret
1815 2041 2239 2106 hereditatem

217 2132 553 2217 pecuniam
610 2134 979 2216 accepisset,
1023 2133 1310 2217 plerique
1343 2180 1358 2197 .
1389 2181 1404 2196 .
1435 2181 1450 2198 .
1495 2131 1966 2215 responderunt
2009 2130 2237 2194 mortis

218 2243 412 2286 causa
459 2242 602 2285 eam
651 2244 900 2305 capere.

397 2332 469 2391 ef.
517 2332 597 2410 11,
646 2334 681 2389 2
731 2353 784 2407 p.
836 2334 981 2392 264.

399 2452 460 2515 4.
505 2450 585 2514 D.
614 2451 717 2531 29,
747 2452 805 2529 2,
833 2449 938 2531 45,
968 2450 1028 2514 4.
1073 2449 1250 2514 Idem
1301 2446 1417 2536 (sc.
1446 2447 1765 2536 Iulianus)
1812 2450 1980 2514 libro
2027 2449 2239 2535 primo

222 2540 297 2603 ad
344 2537 643 2603 Urseium
673 2538 992 2603 Ferocem.
1028 2574 1101 2585 —
1153 2590 1166 2602 .
1200 2590 1213 2604 .
1245 2588 1259 2602 .
1307 2560 1346 2603 a
1383 2538 1768 2623 quibusdam
1801 2540 2241 2623 respondetur,

220 2628 276 2693 si
336 2628 501 2691 liber
550 2627 747 2693 homo
804 2627 912 2710 qui
965 2628 1137 2691 bona
1196 2627 1320 2691 fide
1367 2627 1526 2691 mihi
1580 2627 1923 2711 serviebat,
1972 2630 2240 2711 propter

220 2739 319 2782 me
365 2716 553 2781 heres
598 2716 936 2781 institutus
989 2717 1129 2798 erit,
1176 2738 1365 2799 posse
1422 2737 1567 2781 eum
1621 2716 1803 2781 iussu
1859 2738 2001 2781 meo
2059 2716 2238 2781 adire

218 2806 658 2871 hereditatem.

1037 2928 1139 2995 De
1183 2930 1412 3013 leyatis.

930 3060 1025 3119 De
1069 3060 1194 3119 dote
1236 3061 1505 3135 releyata.

392 3170 453 3236 5.
502 3170 581 3235 D.
628 3170 732 3254 31,
781 3170 865 3235 82
912 3192 1005 3253 pr.
1051 3168 1230 3234 Idem
1277 3168 1390 3255 (sc.
1438 3166 1711 3256 Paulus)
1771 3170 1936 3235 libro
1986 3170 2234 3235 decimo

222 3259 699 3335 Quaestionum.
753 3296 839 3305 —
894 3310 908 3325 .
939 3310 952 3323 .
982 3310 998 3324 .
1042 3264 1109 3322 in
1158 3259 1308 3323 dote
1353 3258 1668 3345 relegata²
1712 3281 2088 3341 responsum
2136 3262 2236 3323 est

219 3352 417 3412 totam
469 3371 610 3412 eam
660 3370 736 3413 ex
781 3351 1172 3413 testamento
1217 3347 1356 3431 peti
1402 3370 1610 3433 posse.

359 3516 406 3568 1.
445 3513 541 3568 Fz.
579 3515 921 3583 praelegata.
