2575 3900
289 215 421 278 578
745 287 752 296 ο
1021 211 1573 268 ADDITAMENTA.

289 400 424 444 non
470 375 786 443 nubserit'
826 377 928 441 vel
956 377 1053 441 ita
1099 375 1179 440 ‘si
1223 398 1430 460 neque
1466 375 1637 440 Titio
1676 397 1881 460 neque
1920 373 2067 440 Seio
2108 397 2323 459 neque

296 466 550 532 Maevio
605 463 922 549 nupserit’
976 470 1043 530 et
1096 465 1371 548 denique
1416 466 1473 528 si
1517 466 1732 548 plures
1780 486 2095 548 personae
2144 486 2323 529 com-

294 555 649 640 prehensae
712 554 973 637 fueriut,
1035 554 1246 636 magis
1310 554 1575 638 placuit,
1636 553 1904 618 cuilibet
1968 574 2192 619 eorum
2262 554 2321 616 si

294 643 617 724 nubserit,
697 643 1082 708 amissuram
1141 642 1454 726 legatum,
1518 663 1638 707 nec
1700 640 1903 706 videri
1984 643 2106 706 tali
2171 660 2319 706 con-

295 733 544 798 dicione
606 732 914 797 viduitate
973 731 1366 814 iniunctam,
1434 752 1579 795 cum
1649 730 1761 794 alii
1827 731 2092 796 cuilibet
2156 732 2318 795 satis

301 820 632 887 commode
677 819 885 904 possit
929 821 1189 885 nubere.

482 920 578 984 18.
625 919 704 982 D.
750 918 855 1002 35,
903 919 961 1000 1,
1008 918 1108 981 24.
1156 915 1339 980 Idem
1386 913 1500 1002 (sc.
1547 914 1867 1000 Iulianus)
1913 917 2081 981 libro
2132 916 2319 1000 quin-

297 1009 670 1092 quagesimo
718 1007 940 1089 quinto
987 1004 1426 1090 Digestorum.
1470 1041 1544 1052 -
1588 1004 1734 1069 Iure
1772 1005 1947 1070 civili
1983 1009 2319 1088 receptum

295 1100 421 1179 est,
500 1095 795 1180 quotiens
868 1117 982 1178 per
1046 1116 1189 1158 eum
1216 1144 1232 1174 ,
1291 1094 1467 1159 cuius
1531 1094 1802 1158 interest
1874 1094 2319 1158 condicionem

295 1184 514 1268 <non>
561 1184 844 1266 impleri,
898 1184 1004 1262 fit,
1061 1205 1188 1268 quo
1238 1182 1449 1247 minus
1503 1182 1879 1266 impleatur,
1933 1188 2010 1248 ut
2052 1183 2323 1267 perinde

297 1272 630 1355 habeatur,
678 1294 753 1337 ac
800 1272 855 1336 si
901 1271 1173 1355 impleta
1219 1270 1509 1336 condicio
1556 1271 1804 1336 fuisset.

1106 1454 1200 1512 De
1244 1455 1495 1514 caducis.

482 1574 603 1638 19?
678 1572 755 1637 D.
814 1575 935 1657 31,
993 1573 1078 1638 55
1108 1595 1202 1655 pr.
1296 1570 1498 1636 Gaius
1558 1572 1724 1637 libro
1791 1571 2170 1637 duodecimo
2238 1573 2319 1637 ad

296 1664 505 1748 legem
549 1662 783 1727 Iuliam
829 1666 895 1726 et
930 1661 1214 1746 Papiam.
1244 1698 1332 1708 —
1362 1659 1431 1726 Si
1460 1660 1633 1726 Titio
1663 1666 1729 1724 et
1755 1661 1916 1725 mihi
1946 1661 2170 1726 eadem
2215 1682 2319 1725 res
2372 1745 2377 1748 ,

297 1752 515 1835 legata
542 1751 739 1815 fuerit
768 1755 833 1814 et
859 1751 914 1814 is
945 1751 1046 1814 die
1074 1749 1337 1815 cedente
1365 1750 1570 1835 legati
1600 1749 1945 1814 decesserit
1966 1771 2067 1814 me
2086 1748 2319 1814 herede

295 1840 521 1904 relicto
579 1843 644 1903 et
690 1839 788 1902 vel
837 1860 912 1902 ex
959 1861 1102 1902 mea
1146 1838 1409 1922 propria
1448 1860 1643 1903 causa
1677 1838 1885 1903 velex
1920 1837 2321 1903 hereditaria

296 1932 583 2013 legatum
654 1927 1107 2012 repudiavere,
1177 1928 1387 2013 magis
1466 1928 1719 2012 placere
1801 1926 1985 1993 video
2067 1932 2321 2013 partem

298 2016 620 2081 defecisse.

476 2113 605 2180 20?
688 2112 765 2177 D.
822 2114 928 2196 31,
983 2114 1088 2198 55,
1147 2116 1202 2178 1.
1296 2113 1494 2180 Gaius
1560 2115 1730 2180 libro
1797 2113 2173 2179 duodecimo
2240 2114 2321 2178 ad

297 2204 510 2287 legem
555 2202 788 2267 Iuliam
853 2207 918 2267 et
971 2203 1260 2287 Papiam.
1323 2240 1405 2247 ·—
1464 2200 1533 2267 Si
1590 2225 1664 2268 eo
1722 2204 1953 2268 herede
1998 2204 2320 2286 institutO,

300 2294 412 2377 qui
457 2292 559 2355 vel
607 2290 767 2355 nihil
805 2292 906 2354 vel
944 2314 1077 2355 non
1113 2296 1326 2356 totum
1374 2314 1598 2376 capere
1635 2296 1870 2375 potest,
1916 2313 2103 2356 servo
2145 2292 2316 2355 here-

301 2381 537 2444 ditario
583 2379 874 2463 legatum
910 2380 1123 2462 fuerit,
1161 2380 1594 2445 tractantibus
1623 2380 1812 2445 nobis
1843 2379 1919 2444 de
1958 2381 2319 2464 capacitate
2364 2452 2372 2459 ‚

301 2468 653 2533 videndum
701 2472 816 2551 est,
871 2472 1090 2532 utrum
1144 2468 1396 2532 heredis
1458 2491 1540 2533 an
1587 2468 1872 2533 defuncti
1916 2491 2193 2553 persona
2240 2491 2321 2533 an

301 2558 592 2623 neutrius
669 2557 944 2640 spectari
1012 2557 1256 2621 debeat.
1334 2561 1399 2620 et
1462 2561 1614 2639 post
1677 2559 1911 2622 multas
1978 2559 2321 2622 varietates

306 2647 540 2730 placet,
596 2651 667 2711 ut
723 2645 872 2728 quia
925 2646 1143 2710 nullus
1200 2648 1301 2709 est
1344 2644 1660 2728 dominus,
1704 2646 1776 2709 in
1821 2646 2001 2711 cuius
2048 2668 2328 2729 persona

304 2734 379 2798 de
419 2736 769 2817 capacitate
803 2735 1030 2818 'quaeri
1067 2734 1291 2817 possit,
1339 2734 1476 2799 siue
1524 2735 1653 2799 ullo
1699 2733 2167 2818 impedimento
2215 2736 2321 2799 ad-

304 2824 596 2907 quiratur
640 2825 925 2908 legatum
965 2822 1308 2887 hereditati
1356 2826 1547 2906 atque
1595 2824 1679 2887 ob
1725 2824 1789 2887 id
1829 2823 2202 2889 omnimodo
2243 2825 2321 2888 ad

304 2934 447 2975 eum
495 2913 833 2995 pertineat,
881 2914 1261 2995 quicumque
1309 2915 1535 2993 postea
1579 2912 1769 2975 heres
1817 2911 2117 2976 extiterit.

956 3094 1058 3154 Ad
1102 3096 1276 3168 leye‘m
1321 3095 1667 3153 Falcidiam.

481 3212 585 3277 21.
661 3213 738 3277 D.
795 3213 897 3296 35,
953 3215 1014 3297 2,
1072 3214 1172 3296 76,
1231 3216 1286 3277 1.
1350 3250 1426 3259 —
1480 3211 1680 3277 Gaius
1744 3213 1910 3277 libro
1985 3214 2181 3278 tertio
2248 3213 2326 3277 de

307 3303 546 3388 legatis
612 3302 692 3366 ad
761 3302 1031 3366 edictum
1098 3301 1435 3385 praetoris,
1490 3338 1579 3349 —
1634 3353 1647 3366 .
1681 3352 1693 3365 .
1724 3352 1737 3364 .
1792 3302 2037 3385 placuit
2089 3303 2328 3386 legata,

307 3414 471 3475 quae
527 3391 825 3473 legatarii
880 3413 1009 3455 non
1078 3390 1367 3474 capiunt,
1427 3412 1573 3455 cum
1628 3389 1797 3474 apud
1866 3389 2131 3454 heredes
2178 3392 2326 3456 sub-

308 3479 606 3557 sederint,
654 3478 1040 3543 hereditario
1092 3479 1229 3543 iure
1286 3478 1455 3562 apud
1510 3500 1619 3542 eos
1666 3500 1992 3544 remanere
2028 3479 2327 3565 intellegi

307 3574 374 3631 et
419 3569 557 3632 ideo
605 3567 943 3651 quadranti
990 3567 1383 3650 imputanda.
