2575 3900
699 205 750 254 4.
791 199 850 256 C.
880 199 1168 255 CASSIUS
1205 197 1572 254 LONGINUS
2064 197 2146 260 13

200 367 530 442 posteriorum
573 386 813 444 quoque
855 367 1009 426 iuris
1061 367 1467 426 consultorum
1512 367 1684 425 libris
1729 375 1962 427 veteres
2010 385 2147 425 sen-

197 455 365 514 tentias
391 475 517 514 eum
541 457 806 515 tenuisse
834 456 1091 534 legimus
1113 451 1278 535 (Vat.
1300 457 1373 514 fr.
1399 461 1427 514 1
1457 451 1569 515 ‘ita
1596 458 1657 514 et
1674 458 1910 515 veteres
1928 458 2147 530 putant

197 546 243 602 et
270 543 490 604 Sabinus
526 551 587 604 et
625 542 868 604 Cassius
917 537 1230 604 scribunt’.
1312 545 1383 603 D.
1416 547 1518 622 41,
1549 547 1606 618 2,
1648 546 1704 620 3,
1737 544 1816 603 18
1858 538 2151 621 ‘plerique

190 635 416 692 veterum
442 637 500 694 et
517 633 774 693 Sabinus
803 636 863 692 et
883 633 1124 692 Cassius
1155 679 1202 692 ..
1230 626 1704 709 responderunt'.
1767 633 1839 692 D.
1863 633 1964 709 35,
1987 635 2043 710 2,
2066 634 2144 692 31

187 714 480 780 ‘secundum
534 719 726 781 Cassii
790 725 852 781 et
912 726 1184 782 veterum
1246 713 1650 801 opinionem').
1768 740 1876 781 nec
1946 724 2150 780 tamen

181 828 361 887 magna
409 811 809 870 intercedente
863 828 1046 870 causa
1115 814 1389 871 veterum
1451 809 1787 886 opinionem
1848 809 2148 869 interdum

179 899 469 976 relinquere
506 899 806 960 dubitavit
841 891 943 980 (D.
983 903 1040 978 2,
1078 901 1138 975 4,
1175 901 1235 973 4,
1270 901 1308 958 2
1358 893 1627 977 ‘quidam
1664 945 1676 957 .
1716 945 1729 960 .
1768 943 1782 957 .
1830 898 2002 957 aiunt
2048 944 2060 956 .
2091 942 2107 958 .
2138 945 2150 957 .

178 984 266 1045 hoc
326 990 545 1048 veteres
619 988 991 1047 existimasse
1063 988 1428 1064 Pomponius
1500 987 1710 1064 refert3
1792 987 1895 1046 sed
1968 986 2150 1046 Gaius

178 1072 382 1136 Cassius
427 1125 438 1137 .
476 1121 490 1136 .
527 1122 541 1136 .
590 1076 754 1152 dicit,
802 1076 958 1154 quod
1003 1123 1016 1136 .
1058 1123 1070 1136 .
1116 1077 1427 1136 honestius
1475 1079 1567 1135 est
1613 1121 1626 1134 .
1656 1123 1669 1134 .
1699 1067 1789 1156 .').

321 1163 381 1234 Q.
432 1165 694 1242 MuciuS,
760 1165 926 1224 cuius
991 1166 1149 1240 apud
1205 1165 1493 1224 Sabinum
1557 1182 1733 1240 saepe
1797 1164 2018 1224 mentio
2082 1163 2153 1223 fit

184 1243 256 1332 (Π
288 1256 318 1312 1
365 1275 418 1330 p.
456 1247 642 1335 322),
696 1253 761 1313 in
815 1252 1004 1313 Cassii
1067 1253 1305 1331 quidem
1368 1254 1720 1330 fragmentis
1782 1271 1902 1312 non
1963 1253 2152 1312 nomi·

173 1345 348 1419 natur3
393 1343 586 1402 Servii
614 1342 866 1419 Sulpicii
902 1345 1224 1420 utrumque
1256 1343 1551 1402 rationem
1576 1342 1857 1401 habuisse
1885 1344 2151 1418 apparet.

176 1431 324 1506 atque
379 1434 448 1490 ut
497 1431 757 1491 Sabinus
819 1431 982 1490 illius
1048 1431 1377 1490 sententias
1432 1431 1582 1490 alias
1637 1430 1937 1506 probavit,
2002 1430 2152 1489 alias

177 1518 350 1578 reiecit
402 1513 466 1600 (l.
513 1514 619 1599 c.),
693 1520 781 1578 ita
846 1517 1088 1580 Cassius
1153 1519 1425 1580 Servium
1498 1517 1673 1578 modo
1752 1522 1987 1578 secutus
2061 1522 2156 1578 est

178 1597 256 1684 (D.
281 1609 377 1686 40,
407 1612 463 1686 7,
494 1611 552 1685 3,
586 1611 623 1667 2
673 1602 831 1667 ‘cum
869 1653 882 1668 .
915 1655 927 1667 .
963 1627 1166 1668 veram
1212 1611 1492 1684 putemus
1543 1607 1901 1671 sententiam
1947 1607 2156 1684 Servii,

173 1694 463 1770 videamuS,
511 1716 591 1756 an
618 1743 631 1756 .
663 1742 677 1757 .
707 1745 719 1756 .
749 1698 994 1772 proinde
1041 1697 1280 1756 defendi
1323 1699 1523 1772 potest
1551 1741 1565 1756 .
1594 1743 1608 1756 .
1639 1741 1653 1755 .
1683 1700 1745 1756 et
1787 1697 1877 1755 ita
1914 1695 2154 1756 Cassius

174 1802 374 1892 quoque
433 1778 721 1934 scgibit's),
777 1787 952 1886 modo
1008 1785 1444 1948 cumtaff’abinos
1454 1785 1703 1932 rgliqtssit
1722 1777 1925 1933 12(gaiis
1929 1787 2060 1934 ·2,s2
2070 1786 2153 1843 44

195 1893 617 1951 ...quaenurz
697 1893 1122 1952 erviuS...pu
1448 1893 1625 1933 amu
1690 1893 1720 1932 e
1828 1893 1863 1931 a
1925 1894 1991 1933 m

173 1955 424 2044 putant').
526 1962 690 2022 Ofilii
761 1982 997 2041 quoque
1070 1968 1320 2041 uterque
1382 1963 1679 2024 rationem
1743 1963 1976 2040 habuit;
2053 1963 2157 2021 sed

179 2046 386 2111 Cassius
440 2053 503 2112 in
560 2072 678 2112 uno
734 2053 1071 2127 fragmento
1115 2052 1297 2129 idque
1341 2052 1459 2127 ita,
1504 2057 1574 2111 ut
1616 2052 1973 2111 sententiam
2028 2052 2155 2111 eius

175 2136 437 2213 improbet
480 2133 586 2223 (D.
620 2144 677 2217 2,
712 2144 765 2217 1,
800 2143 897 2218 11,
930 2143 967 2200 2
1017 2136 1054 2200 ‘.
1084 2186 1097 2201 .
1127 2186 1140 2199 .
1177 2143 1386 2200 utrum
1417 2188 1429 2201 .
1460 2188 1473 2201 .
1504 2186 1548 2218 .‚
1604 2141 1765 2219 quod
1811 2138 1986 2200 Ofilio
2035 2188 2047 2200 .
2089 2188 2102 2201 .
2142 2183 2155 2198 .

173 2225 364 2306 placet,
425 2274 439 2289 .
479 2278 491 2289 .
532 2273 548 2289 .
593 2248 672 2287 an
714 2272 730 2288 .
766 2276 778 2289 .
821 2275 860 2304 .,
918 2231 1079 2305 quod
1132 2228 1337 2289 Cassio
1381 2274 1395 2289 .
1434 2274 1447 2289 .
1485 2276 1501 2291 .
1542 2222 1813 2310 placet').
1903 2229 2158 2306 denique

177 2313 435 2391 Trebatii,
515 2318 622 2396 qui
682 2318 748 2376 in
811 2317 1019 2378 Sabini
1081 2318 1435 2397 fragmentis
1498 2336 1794 2397 nusquam
1856 2318 2155 2392 laudatur,

176 2421 490 2481 responsum
518 2406 762 2467 Cassius
801 2406 1026 2485 attulit,
1064 2408 1223 2485 quod
1249 2408 1517 2467 Labeoni
1558 2409 1884 2485 opponeret
1922 2399 2024 2487 (D.
2056 2408 2157 2484 30,

179 2493 226 2566 5,
252 2497 282 2550 1
317 2488 533 2665 ‘La)beo
570 2496 658 2555 ait
686 2540 701 2553 .
730 2541 748 2557 .
775 2541 789 2555 .
819 2496 1171 2557 Trebatium
1205 2514 1347 2556 vero
1375 2496 1749 2572 respondisse
1778 2540 1794 2555 .
1823 2542 1837 2555 .
1868 2540 1884 2558 .
1913 2494 2155 2555 Cassius

179 2578 402 2657 scripsit’
433 2630 447 2643 .

329 2671 657 2733 Labeonem
703 2672 767 2731 in
813 2672 944 2732 aliis
991 2674 1304 2733 sententiis
1348 2675 1602 2748 uterque
1640 2674 1877 2732 secutus
1926 2662 2026 2751 (D.
2059 2671 2159 2749 36,

184 2757 344 2837 2,12,
372 2764 402 2820 1
459 2757 500 2822 ‘.
529 2810 543 2823 .
575 2810 588 2821 .
639 2761 1004 2839 quaestionis
1057 2762 1190 2823 fuit.
1292 2765 1355 2822 et
1409 2760 1611 2820 Labeo
1670 2764 1730 2821 et
1785 2758 2043 2819 Sabinus
2099 2762 2162 2819 et

180 2843 360 2907 Celsus
386 2854 445 2910 et
474 2850 718 2911 Cassius
748 2853 810 2909 et
836 2850 1105 2910 Iulianus
1127 2898 1140 2912 .
1163 2896 1177 2911 .
1199 2845 1255 2911 .'.
1320 2852 1395 2911 D.
1420 2852 1476 2927 7,
1498 2851 1557 2928 8,
1581 2852 1682 2930 12,
1714 2852 1748 2909 1
1791 2844 2069 2909 ‘Sabinus
2098 2852 2161 2908 et

179 2930 389 2997 Cassius
427 2942 487 2998 et
521 2940 726 2999 Labeo
756 2985 770 2999 .
797 2982 816 2997 .
843 2931 930 3020 .'),
965 2940 1030 2999 in
1057 2940 1190 2999 aliis
1229 2942 1582 3015 aspernatus
1620 2942 1717 2999 est
1753 2931 1909 3020 (Gai.
1945 2940 2001 3016 2,
2032 2940 2154 2998 231

180 3014 365 3083 ‘nostri
399 3030 816 3107 praeceptores
837 3076 850 3089 .
870 3071 941 3107 ..,
977 3028 1083 3088 sed
1116 3030 1320 3088 Labeo
1342 3076 1355 3089 .
1377 3072 1393 3088 .
1413 3022 1469 3087 .'.
1542 3028 1616 3088 cf.
1652 3028 1723 3088 D.
1765 3030 1864 3101 35,
1898 3029 1954 3105 1,
1987 3030 2043 3102 6,
2076 3019 2163 3108 1).

178 3110 290 3170 tum
329 3114 388 3173 in
431 3116 566 3175 aliis
615 3117 776 3176 solus
826 3116 1080 3177 Sabinus
1126 3118 1464 3178 Labeonem
1512 3120 1749 3177 secutus
1786 3120 1880 3176 est
1918 3106 2000 3195 (v.
2028 3115 2093 3175 II
2125 3118 2157 3174 1

180 3215 224 3271 p.
260 3194 429 3283 323),
481 3204 544 3263 in
591 3204 726 3263 aliis
773 3204 1016 3265 Cassius
1062 3197 1225 3311 (Gai.
1267 3209 1323 3281 3,
1357 3208 1484 3267 140
1532 3200 1753 3266 ‘Labeo
1790 3249 1808 3265 .
1836 3248 1855 3265 .
1884 3250 1927 3283 .,
1991 3206 2161 3264 cuius

183 3288 484 3361 opinionem
548 3291 790 3353 Cassius
859 3295 1116 3370 probat.
1226 3295 1298 3354 D.
1348 3298 1449 3372 28,
1498 3298 1564 3369 2,
1612 3297 1648 3353 6
1670 3315 1757 3370 pr.
1824 3287 1909 3353 ‘et
1960 3292 2162 3353 Labeo

186 3376 235 3433 et
289 3376 517 3442 Cassius
590 3376 932 3465 scribunt').
1039 3383 1295 3460 denique
1356 3384 1420 3443 in
1484 3384 1617 3443 aliis
1678 3382 1843 3443 'solus
1908 3381 2163 3441 Sabinus

186 3458 508 3530 Labeonem·
541 3471 793 3548 reliquit
845 3465 913 3553 (1.
969 3465 1076 3553 c.),
1137 3472 1202 3531 in
1255 3472 1391 3532 aliis
1447 3470 1685 3532 Cassius
1734 3464 1835 3551 (D.
1878 3473 1979 3548 13,
2018 3474 2083 3545 6,
2126 3472 2157 3526 1

191 3543 378 3617 ‘Labeo
438 3560 682 3636 quidem
742 3560 833 3621 ait
875 3604 894 3621 .
931 3607 944 3621 .
985 3608 1026 3639 .,
1091 3562 1197 3621 sed
1247 3564 1319 3620 ut
1372 3561 1625 3636 apparet
1660 3608 1673 3618 .
1714 3604 1729 3619 .
1767 3602 1808 3629 .,
1861 3558 2039 3631 idque
2104 3558 2167 3613 et
