2575 3900
306 192 449 257 214
491 192 583 247 IV.
611 190 1045 247 VESPASIANI
1072 192 1217 248 ΤΙΤΙ
1243 190 1629 248 DOMITIANI
1656 192 1870 247 ΤΕΜΡ.
1899 190 2092 247 IURIS
2121 191 2322 247 CONS.

303 354 409 419 vel
468 375 699 419 navem
760 354 1235 435 fabricandam,
1297 354 1538 439 poterit
1599 355 1682 419 ad
1744 354 1906 419 haec
1959 355 2170 438 operis
2227 356 2324 419 uti

302 442 565 508 usuarii.
650 464 771 508 nee
822 443 1180 510 offendetur
1228 444 1349 508 illa
1389 441 1619 508 Sabini
1671 444 1996 509 sententia
2049 444 2321 509 ancillae

300 553 425 596 usu
473 530 632 597 dato
689 532 771 596 ad
823 532 1175 598 lanificium
1232 554 1374 597 eam
1428 554 1555 597 non
1602 532 1778 596 mitti
1821 553 1940 597 nec
1985 553 2064 596 ex
2109 532 2321 617 operis

300 620 657 685 mercedem
694 622 857 705 capi,
900 621 1013 686 sed
1050 621 1176 686 sibi
1209 621 1427 686 lanam
1462 620 1676 685 faeere
1710 621 1848 685 iure
1883 641 2144 705 cogere,
2193 620 2321 686 sibi

298 708 475 773 enim
520 709 731 774 facere
776 710 1057 789 videtur,
1104 710 1215 794 qui
1258 731 1394 775 non
1437 731 1665 795 operas
1711 710 1848 774 eius
1892 709 2164 787 locavit,
2209 709 2322 774 sed

298 819 464 881 opus
492 798 663 883 quod
692 798 1000 865 conduxit
1027 798 1329 882 expediit.
1387 797 1556 863 idem
1587 802 1654 863 et
1675 796 2042 863 Octavenus
2066 799 2320 883 probat.

477 910 553 970 cf.
590 928 775 985 supra
819 910 890 968 fr.
920 912 981 970 7.

1108 1026 1209 1093 De
1248 1028 1504 1111 nuptiis.

478 1153 580 1218 11.
646 1150 720 1218 D.
760 1153 864 1236 23,
893 1154 952 1237 2,
980 1152 1084 1217 44.
1182 1151 1422 1216 Paulus
1481 1152 1648 1218 libro
1705 1152 1917 1237 primo
1973 1152 2052 1215 ad
2109 1152 2319 1237 legem

297 1238 531 1304 Iuliam
577 1244 644 1303 et
686 1239 954 1325 Papiam
1000 1239 1099 1326 (P.
1120 1240 1296 1325 929).
1341 1277 1416 1287 —
1461 1238 1633 1326 Lege
1677 1240 1844 1305 Iulia
1889 1241 1984 1305 ita
2029 1248 2318 1305 cavetur.

395 1327 707 1393 .cuiusve
742 1333 929 1413 pater
965 1333 1248 1394 materve
1286 1332 1493 1393 artem
1534 1328 1846 1397 ludicram
1883 1329 2044 1395 facit
2069 1328 2318 1393 fecerit'

345 1469 358 1481 .
388 1467 401 1480 .
448 1438 566 1481 nec
615 1416 1061 1503 distinguitur,
1115 1420 1303 1501 pater
1344 1418 1412 1481 in
1456 1422 1784 1502 potestate
1829 1418 2071 1482 habeat
2112 1417 2317 1482 filiam

296 1526 417 1569 nec
452 1525 549 1569 ne.
612 1509 828 1571 tamen
857 1507 1099 1573 iustum
1127 1510 1380 1589 patrem
1413 1506 1924 1590 intellegendum
1948 1505 2317 1572 Octavenus

298 1592 421 1678 ait,
466 1596 740 1659 matrem
788 1596 983 1660 etiam
1032 1596 1088 1658 si
1133 1594 1331 1679 vulgo
1377 1596 1763 1677 conceperit.

478 1682 580 1747 12.
642 1681 720 1747 D.
758 1684 864 1766 23,
893 1685 950 1762 2,
978 1684 1065 1748 43
1084 1706 1179 1768 pr.
1209 1684 1266 1749 3.
1367 1682 1688 1767 Ulpianus
1744 1684 1914 1748 libro
1969 1682 2180 1766 primo
2237 1680 2318 1747 ad

295 1769 510 1855 legem
548 1769 779 1835 Iuliam
818 1776 884 1836 et
917 1771 1185 1856 Papiam
1215 1768 1553 1858 (P.1979).
1589 1807 1677 1818 —
1714 1770 1940 1836 Palam
1979 1773 2320 1855 quaestum

296 1858 509 1925 facere
556 1858 837 1924 dicemus
883 1882 1011 1925 non
1056 1863 1311 1925 tantum
1359 1882 1519 1944 eam,
1565 1881 1728 1944 quae
1765 1861 1833 1924 in
1870 1860 2211 1943 lupanario
2249 1880 2318 1925 se

296 1947 653 2033 prostituit,
686 1971 910 2015 verum
948 1950 1143 2014 etiam
1181 1951 1235 2014 si
1272 1971 1452 2034 qua.
1524 1947 1642 2014 .in
1681 1951 1954 2014 taberna
2000 1950 2318 2033 cauponia

296 2038 399 2101 vel
446 2059 573 2121 qua
618 2038 748 2103 alia
791 2037 1020 2122 pudori
1067 2060 1183 2103 suo
1230 2060 1362 2104 non
1408 2038 1636 2140 parcit.
1717 2038 1932 2121 palam
1970 2041 2186 2102 autem
2224 2037 2317 2104 sic

296 2126 677 2211 accipimus.
732 2127 1004 2211 passim,
1055 2127 1179 2192 hoc
1234 2132 1336 2191 est
1391 2129 1529 2190 sine
1586 2124 1847 2210 dilectu3
1901 2148 2031 2191 non
2078 2127 2135 2190 si
2192 2147 2317 2209 qua

297 2214 607 2279 adulteris
678 2217 781 2279 vel
853 2215 1332 2299 stupratoribus
1397 2235 1464 2279 se
1529 2216 1902 2296 committit,
1978 2215 2089 2279 sed
2152 2237 2316 2299 quae

295 2303 503 2368 vicem
565 2302 952 2387 prostitutae
1020 2305 1317 2369 sustinet.
1414 2304 1570 2367 item
1636 2303 1810 2387 quod
1865 2323 2009 2367 cum
2065 2324 2194 2368 uno
2250 2309 2318 2370 et

298 2392 508 2458 altero
553 2392 827 2477 pecunia
874 2397 1137 2476 accepta
1166 2391 1597 2475 commiscuit,
1642 2413 1774 2456 non
1811 2391 2063 2456 videtur
2098 2393 2316 2476 palam

296 2501 561 2565 corpore
635 2485 971 2567 quaestum
1036 2481 1264 2545 facere.
1365 2479 1728 2545 Octavenus
1793 2483 2014 2545 tamen
2081 2530 2094 2545 .
2142 2531 2156 2544 .
2223 2482 2320 2546 ait

295 2569 495 2634 etiam
550 2593 719 2654 eam,
774 2592 936 2655 quae
994 2570 1132 2635 sine
1188 2573 1458 2654 quaestu
1513 2569 1730 2654 palam
1777 2591 1844 2633 se
1890 2569 2317 2654 prostituerit,

296 2657 594 2725 debuisse
637 2659 741 2724 his
778 2660 1223 2724 connumerari
1260 2655 1378 2744 (sc.
1405 2680 1567 2742 quae
1604 2658 1748 2742 lege
1785 2655 1953 2722 Iulia
1991 2661 2318 2744 notantur,

295 2769 452 2831 quas
524 2754 855 2814 senatores
928 2746 1240 2831 liberique
1315 2768 1535 2810 eorum
1599 2743 2024 2830 prohibentur
2085 2768 2316 2812 uxores

295 2836 488 2900 ducer

472 2835 656 3006 ΙῗΞΠθΙ
724 2946 965 3023 supplet
1038 2940 1148 3005 ‘sc.
1213 2965 1366 3023 quae
1428 2964 1674 3022 corpore
1736 2946 1933 3021 palam
2001 2951 2318 3022 quaestum

292 3028 565 3094 faciunt'.

1132 3154 1230 3220 De
1269 3154 1478 3235 furtis.

474 3278 575 3344 13.
602 3276 681 3343 D.
691 3278 798 3362 47,
810 3280 869 3358 2,
881 3278 985 3360 67,
1002 3280 1055 3343 1.
1119 3278 1360 3342 Paulus
1389 3278 1556 3342 libro
1587 3278 1863 3362 septimo
1886 3277 1965 3341 ad
1985 3277 2316 3341 Plautium

294 3366 395 3452 (P.
437 3365 655 3452 1141).
702 3404 783 3413 —
836 3365 905 3432 Si
960 3367 1043 3450 is,
1101 3367 1201 3432 cui
1254 3388 1358 3431 res
1417 3367 1722 3451 subrepta
1777 3367 1887 3450 sit,
1943 3365 2092 3428 dum
2145 3365 2316 3449 apud

293 3457 498 3520 furem
538 3457 642 3542 sit,
677 3454 1011 3542 legaverat
1047 3477 1188 3520 eam
1225 3456 1388 3520 mihi
1424 3454 1584 3538 <per
1616 3454 2171 3537 vindicationem),
2209 3474 2316 3533 an,

294 3545 354 3609 si
397 3550 625 3631 postea
669 3545 775 3610 fur
821 3567 963 3611 eam
1012 3548 1388 3626 contrectet,
1431 3543 1592 3608 furti
1633 3544 1953 3608 actionem
1991 3541 2316 3607 habeam?
