2575 3900
523 149 590 204 11.
626 148 1104 204 INCERTORUM
1141 147 1603 203 SENTENTIAE
1644 149 1734 203 ΕΤ
1768 149 1978 205 LIBRI.
2127 151 2254 214 551

246 334 380 414 suo·
422 311 880 465 dispensatori,
933 316 1007 376 ut
1062 310 1270 395 daret,
1327 310 1673 394 stipulator
1731 316 1945 377 autem
1996 334 2139 396 su0,
2185 316 2261 377 ut

249 421 536 484 acclpere
571 450 584 464 .

430 507 572 571 105.
628 506 708 570 D.
734 505 839 590 45,
871 508 926 588 1,
952 507 1059 589 46,
1087 507 1146 570 2.
1226 504 1465 570 Paulus
1520 506 1688 570 libro
1746 505 2117 572 duodecimo
2178 507 2258 570 ad

250 593 577 660 Sabinum.
623 632 710 642 —-
757 593 825 660 Si
889 596 982 660 ita
1045 593 1394 678 stipulatus
1458 593 1636 659 fuero
1704 595 1870 659 ‘cum
1937 595 2260 679 volueris',

253 684 506 767 quidam
580 683 873 748 inutilem
949 705 1086 747 esse
1152 682 1634 766 stipulationem
1698 683 1903 766 aiunt,
1981 684 2091 748 alii
2164 683 2260 748 ita

249 772 560 857 inutilem,
607 771 662 836 si
708 779 1050 855 antequam
1097 773 1466 854 constituae,
1512 771 1823 838 morieris.

429 887 572 952 106.
627 886 702 950 D.
732 886 836 969 35,
868 888 924 966 1,
954 887 1056 951 24.
1127 886 1305 950 Idem
1353 882 1466 972 (sc.
1511 885 1829 972 Iulianus)
1865 888 2031 953 libro
2070 889 2254 972 quin-

245 975 667 1060 quagensimo
707 974 930 1058 quinto
960 975 1397 1057 Digestorum.
1425 1009 1511 1021 —
1539 974 1685 1039 Iure
1724 976 1895 1040 civili
1922 982 2256 1058 receptum

250 1071 350 1128 est
375 1064 670 1148 quotiens
699 1085 813 1147 per
851 1085 1014 1148 eum,
1051 1063 1231 1128 cuius
1268 1065 1537 1128 interest
1573 1063 2009 1130 condicionem
2036 1064 2257 1149 <non>

249 1152 522 1236 impleri,
565 1152 658 1234 fit,
705 1173 830 1236 quo
875 1152 1085 1217 minus
1123 1152 1485 1237 impleatur,
1525 1154 1595 1215 ut
1632 1153 1893 1235 perinde
1930 1153 2247 1217 habeatur

243 1262 322 1305 ac
389 1241 445 1305 si
499 1241 766 1323 impleta
821 1240 1109 1306 condicio
1164 1240 1423 1324 fuisset3
1487 1242 1654 1325 quod
1707 1242 1997 1326 plerique
2052 1246 2119 1305 et
2177 1242 2259 1306 ad

244 1330 460 1414 legata
488 1334 554 1393 et
582 1330 661 1393 ad
687 1328 990 1393 heredum
1028 1330 1465 1393 institutiones
1502 1329 1951 1412 perduxerunt.
2015 1331 2247 1414 quibus

240 1419 554 1502 exemplis
633 1417 1080 1502 stipulationes
1153 1439 1406 1502 quoque
1475 1418 1794 1482 committi
1858 1419 2116 1502 quidam
2175 1469 2188 1482 .
2238 1469 2252 1483 .

245 1511 658 1589 putaverunt,
713 1528 856 1570 cum
909 1528 1026 1591 per
1079 1507 1537 1588 promissorem
1590 1506 1831 1570 factum
1878 1511 2073 1590 esset,
2120 1529 2248 1591 quo

245 1595 454 1658 minus
503 1593 850 1677 stipulator
897 1593 1259 1658 condicioni
1306 1599 1581 1677 pareret.

427 1710 570 1774 107.
618 1707 693 1773 D.
730 1708 836 1792 45,
880 1712 933 1788 1,
970 1710 1029 1790 2,
1067 1709 1124 1773 2.
1217 1708 1457 1773 Paulus
1513 1707 1680 1772 libro
1738 1708 2111 1774 duodecimo
2174 1711 2255 1774 ad

241 1796 572 1862 Sabinum.
596 1833 672 1844 —
708 1847 721 1860 .
751 1851 764 1862 .
794 1845 809 1861 .
839 1798 890 1862 si
931 1797 1308 1862 divisionem
1344 1818 1448 1861 res
1484 1796 1804 1880 promissa
1838 1820 1971 1864 non
2007 1798 2253 1881 recipit,

243 1886 446 1951 veluti
521 1887 655 1970 via,
727 1886 991 1952 heredes
1066 1885 1475 1971 promissoris
1544 1887 1784 1971 singuli
1844 1886 1913 1953 in
1978 1886 2258 1953 solidum

240 1975 569 2059 tenentur3
631 1976 740 2040 sed
806 1998 933 2060 quo
997 1998 1149 2041 casu
1213 1998 1380 2040 unus
1446 1998 1523 2041 ex
1576 1976 1915 2041 heredibus
1980 1976 2255 2041 solidum

240 2064 660 2148 praestiterit,
714 2064 1162 2149 repetitionem
1214 2064 1482 2129 habebit
1526 2087 1566 2127 a
1612 2064 1919 2129 coherede
1964 2065 2249 2129 familiae

247 2153 650 2218 erciscundae
698 2154 954 2219 iudicio.
1047 2175 1123 2217 ex
1174 2176 1301 2237 quo
1350 2153 1605 2236 quidem
1652 2153 1935 2218 accidere
1982 2151 2257 2236 Pompo-

242 2240 388 2305 nius
445 2242 565 2322 ait,
623 2245 695 2304 ut
749 2245 814 2305 et
869 2242 1273 2326 stipulatoris
1329 2243 1472 2306 viae
1527 2242 1628 2305 vel
1674 2241 1925 2305 itineris
1984 2242 2253 2306 heredes

239 2329 482 2411 singuli
529 2330 597 2393 in
646 2329 926 2394 solidum
963 2330 1248 2393 habeant
1283 2330 1618 2393 actionem.
1690 2332 1799 2394 sed
1838 2331 2097 2413 quidam
2136 2330 2259 2395 hoc

246 2438 398 2481 casu
446 2418 735 2499 extingui
783 2418 1264 2501 stipulationem
1312 2420 1561 2500 putant,
1613 2418 1761 2500 quia
1806 2440 1919 2501 per
1966 2419 2256 2503 singulos

239 2505 496 2589 adquiri
541 2505 818 2570 servitus
865 2528 998 2569 non
1041 2508 1276 2589 potest.

425 2612 570 2677 108.
625 2610 703 2675 D.
729 2611 833 2694 46,
863 2612 924 2695 3,
954 2612 1056 2677 73.
1127 2610 1304 2675 Idem
1353 2608 1467 2697 (sc.
1512 2610 1883 2695 Marcellus)
1930 2612 2094 2677 libro
2141 2614 2256 2676 tri-

238 2698 533 2785 gensimo
597 2700 806 2783 primo
871 2700 1313 2784 Digestorum.
1359 2735 1441 2746 —
1500 2699 1599 2764 Ob
1654 2699 1782 2765 HS
1829 2699 2016 2765 XXX
2072 2723 2255 2765 num-

242 2785 532 2853 morum1
576 2788 880 2872 pecuniae
927 2788 1206 2853 creditae
1251 2788 1691 2854 fideiussorem
1736 2789 1806 2853 in
1841 2788 2075 2874 viginti
2114 2790 2258 2854 dedi

237 2884 308 2943 et
345 2876 596 2961 pignus.
655 2898 731 2941 ex
759 2876 1126 2941 venditione
1161 2882 1375 2941 autem
1404 2877 1696 2962 pignoris
1726 2878 2003 2942 creditor
2034 2877 2252 2943 decem

234 2971 622 3031 consecutus
680 2971 804 3030 est:
861 2969 1078 3030 utrum
1133 2988 1208 3030 ex
1269 2965 1683 3030 universitate
1740 2965 1806 3030 id
1853 2967 2127 3051 decedit,
2184 2974 2260 3032 ut

237 3055 502 3139 quidam
539 3058 786 3138 putant,
832 3054 889 3119 si
930 3054 1144 3119 decem
1183 3055 1508 3120 solvendis
1548 3056 1766 3120 decem
1802 3054 1966 3120 nihil
2004 3056 2258 3121 debitor

236 3143 534 3226 dixisset,
588 3166 669 3208 an
717 3194 730 3207 .
762 3195 775 3207 .
806 3194 818 3207 .

423 3250 592 3315 109⁶?
630 3249 710 3314 D.
735 3250 834 3327 17,
859 3251 913 3333 1,
931 3250 1037 3314 40.
1087 3248 1324 3314 Paulus
1354 3249 1520 3314 libro
1549 3271 1717 3315 nono
1742 3250 1820 3313 ad
1850 3250 2145 3315 edictum.
2175 3285 2248 3295 —

237 3336 311 3403 Si
355 3360 472 3422 pro
520 3343 584 3403 te
631 3341 971 3424 praesente
1019 3346 1084 3402 et
1128 3342 1386 3403 vetante
1435 3339 1869 3421 fideiusserim,
1913 3361 2031 3404 nec
2073 3360 2251 3403 man-

421 3518 450 3564 1
495 3513 646 3568 Trib.
695 3512 780 3567 Ob
816 3511 1050 3582 triginta
1085 3528 1361 3567 nummos.
