2575 3900
382 200 511 265 218
558 200 651 259 IV.
680 200 1111 255 VESPASIANI
1138 198 1285 256 ΤΙΤῙ
1311 200 1699 256 DOMITIANI
1723 200 1935 256 TEMP.
1962 199 2155 256 IURIS
2185 198 2394 257 CONS.

549 372 673 452 Qui
715 372 1044 439 arbitrium
1087 373 1444 457 receperint,
1486 377 1558 437 ut
1597 373 1961 439 sententiam
2004 373 2230 437 dicant.

542 484 645 550 25.
699 486 777 550 D.
804 489 866 569 4,
896 488 957 570 8,
986 486 1091 572 32,
1119 489 1178 553 8.
1266 486 1512 551 Paulus
1558 486 1726 552 libro
1769 486 1967 551 tertio
2013 486 2260 552 decimo
2307 487 2392 551 ad

366 575 645 641 edictum
701 573 803 662 (P.
841 573 1043 663 2510).
1096 608 1183 623 ·-
1238 573 1309 641 Si
1372 596 1593 640 servus
1649 574 2188 659 compromiserit,
2253 595 2392 640 non

364 664 724 749 cogendum
779 665 985 729 dicere
1040 665 1431 729 sententiam
1477 664 1820 747 arbitrum,
1874 684 1994 728 nec
2037 665 2093 728 si
2137 663 2392 748 dixerit,

364 772 611 836 poenae
636 753 1108 818 exsecutionem
1130 753 1403 817 dandam
1423 752 1502 817 de
1519 752 1770 835 peculio
1791 754 1984 835 putat
1999 750 2388 817 Octavenus.

540 846 614 905 cf.
651 846 853 907 Nerva
894 846 1054 907 filius
1100 847 1171 907 D.
1206 848 1305 923 15,
1338 850 1395 924 1,
1425 848 1482 919 3,
1512 849 1549 905 8
1600 839 1812 928 (supra
1855 866 1914 921 p.
1943 838 2034 929 8).

539 930 644 994 26.
697 928 955 1015 Fragm.
1002 930 1077 993 de
1124 930 1404 995 formula.
1449 928 1738 993 Fabiana
1781 925 2078 1015 (Collect.
2106 930 2252 994 libr.
2282 927 2389 993 III

362 1039 423 1100 p.
452 1017 628 1101 300).
670 1054 745 1065 —
791 1068 805 1083 .
831 1069 845 1083 .
866 1069 881 1085 .
928 1018 1005 1082 de
1050 1018 1171 1085 illo
1215 1018 1563 1102 quaeritur,
1607 1017 1667 1081 si
1706 1038 1822 1101 pro
1859 1017 2128 1082 muliere
2166 1018 2388 1082 dotem

362 1105 635 1188 dederit,
690 1108 832 1191 quis
882 1111 1173 1171 teneatur
1216 1108 1341 1171 hac
1386 1105 1685 1171 formula.
1775 1106 1885 1171 sed
1932 1106 2000 1170 in
2046 1107 2386 1191 proposito

362 1199 428 1259 et
477 1193 821 1260 Iavolenus
878 1196 1215 1259 confitetur
1269 1215 1414 1260 cum
1461 1194 1601 1259 viro
1651 1194 1972 1259 actionem
2018 1216 2160 1259 esse
2206 1199 2273 1259 et
2317 1195 2386 1259 id

361 1284 431 1347 in
464 1285 556 1347 rei
586 1284 849 1347 uxoriae
876 1285 1172 1348 actionem
1198 1283 1512 1348 dissoluto
1541 1280 1955 1348 matrimonio
1983 1304 2115 1348 non
2143 1284 2386 1350 venire.

361 1370 725 1436 Octavenus
772 1375 1069 1436 manente
1116 1372 1375 1456 quidem
1413 1371 1825 1437 matrimonio
1863 1388 2053 1456 posse
2091 1372 2198 1457 agi
2236 1394 2386 1437 cum

359 1459 592 1524 marito
656 1463 727 1523 et
785 1464 935 1543 post
996 1460 1372 1544 divortium,
1437 1464 1786 1544 antequam
1851 1460 2070 1525 dotem
2129 1460 2384 1545 reddat3

360 1547 529 1631 quod
575 1548 630 1611 si
675 1547 1045 1632 reddiderit,
1096 1570 1238 1613 cum
1286 1550 1582 1633 muliere,
1627 1552 1695 1613 et
1740 1549 1794 1612 si
1843 1549 1995 1634 quid
2040 1549 2384 1615 retinuerit

360 1635 661 1719 maritae,
706 1656 851 1701 cum
898 1642 1189 1722 utroque.

481 1794 555 1861 Si
596 1795 750 1877 quid
790 1800 1003 1860 contra
1047 1796 1235 1879 leyem
1276 1801 1599 1862 senatusve
1641 1797 1984 1865 amulium
2023 1797 2259 1878 factum

1158 1905 1283 1952 esse
1327 1886 1576 1952 dicetur.

532 1991 637 2055 27.
700 1990 776 2055 D.
813 1991 916 2073 20,
945 1991 1092 2073 3,1,
1119 1992 1178 2055 2.
1268 1990 1639 2056 Marcianus
1695 1991 1866 2057 libro
1921 1989 2238 2077 singulari
2294 1993 2377 2057 ad

357 2079 701 2144 formulam
745 2079 1273 2162 hypothecariam
1323 2077 1425 2165 (P.
1462 2076 1596 2166 35).
1645 2117 1728 2128 —
1777 2130 1791 2144 .
1821 2130 1834 2145 .
1866 2131 1880 2146 .
1936 2081 1991 2144 si
2037 2079 2376 2165 praedium

357 2168 500 2252 quis
545 2166 907 2252 litigiosum
952 2168 1208 2250 pignori
1254 2169 1601 2252 acceperit,
1658 2191 1738 2233 an
1784 2169 2156 2252 exceptione
2201 2192 2378 2234 sum-

357 2255 707 2320 movendus
737 2255 865 2320 sit?
912 2261 977 2319 et
998 2255 1359 2321 Octavenus
1387 2258 1662 2341 putabat
1691 2259 1886 2321 etiam
1909 2258 1977 2321 in
1994 2257 2376 2342 pignoribus

355 2345 565 2409 locum
616 2343 853 2408 habere
898 2345 1356 2429 exceptionem.

530 2437 866 2498 Marcianus
920 2437 1112 2497 additz
1169 2432 1348 2515 ‘quod
1404 2437 1492 2496 ait
1537 2437 1823 2498 Scaevola
1879 2481 1893 2497 .
1922 2484 1979 2500 ..
2036 2438 2374 2517 procedere,

353 2528 427 2584 ut
470 2525 535 2585 in
579 2527 759 2586 rebus
804 2522 1123 2586 mobilibus
1171 2526 1441 2601 exceptio
1488 2529 1687 2586 locum
1731 2521 1990 2586 habeat'.

527 2616 751 2694 Agitur
787 2615 860 2674 de
897 2615 1241 2690 exceptione
1274 2633 1348 2673 ex
1375 2614 1570 2674 edicto
1596 2615 1879 2692 Augusti,
1917 2631 2035 2690 quo
2062 2614 2374 2691 litigiosus

350 2705 573 2764 fundus
620 2725 659 2763 a.
700 2723 818 2764 non
865 2704 1201 2780 possidente
1240 2704 1572 2777 comparari
1607 2704 1962 2780 prohibetur
1999 2699 2102 2781 (fr.
2129 2703 2202 2762 de
2238 2704 2374 2764 iure

350 2792 477 2852 fisci
515 2791 555 2868 ἓ
594 2785 683 2873 8),
728 2789 923 2851 danda
961 2786 1121 2872 (Gai.
1160 2793 1220 2869 4,
1263 2785 1443 2850 11711.
1528 2793 1600 2850 cf.
1638 2793 1822 2851 Lenel
1859 2791 2055 2851 Edict.
2093 2811 2151 2868 p.
2190 2785 2372 2874 406).

351 2880 608 2940 fortasse
656 2882 729 2939 de
775 2880 993 2939 fiducia
1040 2879 1380 2941 oetavenus
1427 2880 1597 2939 dixit.

1060 3137 1138 3219 4.
1202 3143 1674 3216 PLAUTIUS

529 3283 679 3344 iuris
726 3285 958 3362 peritus
1004 3285 1209 3346 Cassio
1256 3288 1321 3345 et
1354 3285 1607 3347 Proculo
1653 3285 1848 3348 minor
1890 3291 2057 3363 natu,
2104 3289 2369 3346 ceterum

353 3373 525 3434 nobis
562 3375 826 3452 ignotae,
871 3375 977 3452 qui
1021 3375 1170 3435 iuris
1216 3377 1631 3434 consultorum
1674 3377 1974 3453 responsis
2020 3375 2370 3453 colligendis

350 3466 413 3523 et
476 3461 811 3542 digerendis
873 3483 1115 3539 operam
1168 3461 1409 3524 videtur
1463 3463 1714 3524 dedisse.
1816 3469 1975 3524 certe
2029 3464 2219 3541 ipsius
2275 3483 2368 3523 re·

351 3571 571 3630 sponsa
617 3572 737 3612 non
782 3553 1121 3612 traduntur.
