2575 3900
773 183 823 236 4.
863 179 920 234 C.
950 177 1241 234 CASSIUS
1279 179 1652 236 LONGINUS
2134 180 2216 244 57

208 341 385 408 socio
425 362 565 405 esse
602 341 924 408 actionem
961 342 1039 406 ad
1076 342 1563 426 reciperandum
1601 347 1930 428 sumptum
1960 340 2224 410 Cassius

209 430 487 514 scripsit.

388 519 492 585 80.
539 518 617 583 D.
649 519 752 601 17,
779 521 841 601 2,
867 520 972 603 29,
1004 521 1060 584 1.
1132 517 1452 603 Ulpianus
1497 520 1666 585 libro
1712 520 2094 605 trigensimo
2143 522 2224 586 ad

210 606 524 673 Sabinum
576 603 671 694 (P.
706 606 931 694 2742).
975 643 1063 654 —
1105 606 1210 672 Ita
1254 608 1413 673 coiri
1459 609 1834 674 societatem
1878 631 2094 694 posse,
2150 614 2224 675 ut

207 696 455 761 nullam
501 701 751 781 partem
799 695 1017 761 damni
1061 697 1228 761 alter
1274 697 1532 780 sentiat,
1575 699 1824 763 lucrum
1865 718 2016 762 vero
2057 721 2225 764 com·
2266 705 2276 724 ¹

207 807 403 850 mune
450 785 562 860 sit,
609 782 872 850 Cassius
918 788 1125 869 putat.

387 875 490 938 81.
530 873 609 937 D.
641 873 742 954 17,
770 875 831 955 2,
858 875 964 959 65,
982 875 1039 938 3.
1100 873 1335 938 Paulus
1354 874 1519 939 libro
1539 874 1914 959 trigensimo
1945 875 2224 943 secundo

208 961 287 1027 ad
338 962 618 1026 edictum
666 961 765 1048 (P.
791 960 969 1048 495).
1013 999 1101 1010 --
1148 962 1444 1027 Diximus
1491 963 1780 1028 dissensu
1827 964 1988 1028 solvi
2026 965 2223 1029 socie-

205 1055 441 1133 tatem3
496 1050 621 1115 hoc
664 1052 762 1115 ita
806 1057 933 1133 est,
984 1052 1040 1115 si
1085 1073 1308 1115 omnes
1356 1051 1762 1116 dissentiunt.
1852 1052 2005 1137 quid
2052 1073 2225 1138 ergn,

207 1140 264 1204 si
309 1161 478 1204 unus
523 1139 893 1204 renuntiet?
976 1137 1237 1204 Cassius
1277 1139 1536 1224 scripsit
1573 1161 1716 1205 eum
1755 1141 1867 1225 qui
1901 1143 2226 1207 renuntia-

208 1228 378 1292 verit
425 1228 746 1312 societati,
803 1249 840 1291 a
886 1249 956 1292 se
1010 1227 1264 1312 quidem
1315 1227 1590 1292 liberare
1646 1229 1855 1294 socios
1913 1251 2091 1314 suos,
2154 1253 2222 1295 se

206 1322 428 1381 autem
476 1316 557 1380 ab
603 1317 739 1381 illis
784 1338 918 1381 non
964 1317 1261 1382 liberare.

546 1507 633 1565 De
677 1509 1082 1568 donationibus
1124 1510 1273 1566 inter
1319 1510 1513 1566 virum
1558 1512 1610 1566 et
1651 1524 1906 1568 umorem.

386 1626 490 1691 82.
555 1624 632 1689 Ι).
670 1627 775 1709 24,
817 1627 871 1710 1,
926 1628 1024 1710 11,
1062 1625 1118 1690 3.
1230 1623 1550 1708 Ulpianus
1613 1626 1779 1690 libro
1843 1626 2221 1712 trigensimo

206 1714 488 1779 secundo
555 1714 635 1779 ad
692 1713 1005 1779 Sabinum
1069 1711 1169 1799 (P.
1206 1711 1455 1800 27680).
1512 1751 1595 1760 —
1651 1713 1828 1779 Idem
1896 1712 2008 1802 (sc.
2055 1715 2224 1781 Mar-

204 1800 441 1888 cellus)
488 1802 609 1867 ait:
653 1802 978 1887 placuisse
1026 1802 1157 1867 scio
1197 1800 1583 1886 SabinianiS,
1629 1804 1685 1867 si
1729 1803 1904 1868 filiae
1939 1804 2220 1869 familias

204 1891 394 1957 uxori
449 1891 719 1956 maritus
766 1890 981 1957 tradet
1027 1888 1327 1980 (fundum
1376 1892 1603 1957 mortis
1653 1914 1845 1959 causa
1900 1893 2218 1979 mancipio

204 1980 417 2065 det?),
483 1980 898 2045 donationem
961 1982 1095 2046 eius
1153 2003 1297 2046 cum
1364 1982 1540 2045 omni
1605 2004 1719 2047 suo
1785 1984 2218 2049 emolumento

202 2068 363 2152 fieri,
411 2069 470 2132 si
515 2069 659 2133 vivo
708 2069 915 2133 adhuc
961 2070 1193 2135 marito
1242 2069 1345 2133 sui
1389 2068 1546 2135 iuris
1592 2070 1784 2137 fuerit
1831 2072 2071 2135 effecta.

385 2188 814 2249 Tribonianum
848 2189 1118 2250 Marcelli
1163 2189 1350 2250 verba
1395 2191 1734 2267 corrupisse
1772 2194 2023 2268 apparet
2061 2184 2217 2272 Cdo-

200 2277 512 2337 nationem
558 2278 687 2337 eius
716 2325 728 2337 .
760 2325 771 2336 .
804 2326 815 2338 .
846 2271 1044 2359 fieri').

720 2455 814 2514 De
856 2473 1053 2515 rerum
1097 2461 1424 2516 amotarum
1467 2458 1695 2517 iudicio,

386 2572 491 2638 83.
537 2573 614 2638 D.
642 2572 747 2657 25,
775 2574 837 2655 2,
868 2575 925 2641 1.
995 2572 1234 2638 Paulus
1272 2573 1442 2639 libro
1482 2575 1760 2659 septimo
1795 2576 1876 2640 ad
1906 2576 2219 2642 Sabinum

208 2658 307 2746 (P.
360 2659 580 2747 1773).
649 2697 725 2710 -·
795 2662 1035 2727 Rerum
1101 2665 1463 2726 amotarum
1529 2663 1830 2727 iudicium
1895 2664 2220 2748 singulare

204 2749 645 2814 introductum
711 2754 809 2816 est
863 2750 1169 2815 adversus
1225 2772 1369 2813 eam
1425 2771 1589 2834 quae
1645 2774 1804 2816 uxor
1855 2752 2007 2836 fuit,
2071 2753 2221 2835 quia

204 2859 336 2903 non
408 2839 652 2922 placuit
724 2861 868 2903 cum
936 2862 1012 2903 ea
1075 2836 1233 2903 furti
1297 2860 1486 2924 agere
1550 2860 1764 2925 posse,
1838 2842 2219 2925 quibusdam

207 2926 729 2992 existimantibus
769 2950 850 2992 ne
887 2927 1143 3012 quidem
1180 2928 1425 2992 furtum
1465 2951 1607 2993 eam
1643 2928 1869 3017 facere,
1906 2934 1979 2995 ut
2006 2930 2221 2997 Nerva

202 3012 455 3166 1Cassio,
493 3016 646 3099 quia
683 3016 956 3081 societas
994 3016 1165 3082 vitae
1204 3017 1676 3100 quodammodo
1715 3019 2039 3084 dominam
2078 3042 2217 3084 eam

232 3108 462 3168 aceret.

895 3210 995 3277 De
1038 3213 1227 3277 tutela
1270 3217 1329 3277 et
1369 3233 1536 3279 cura.

1052 3332 1147 3391 De
1190 3334 1381 3392 tutela.

383 3439 487 3505 84.
542 3438 619 3504 D.
658 3440 761 3523 26,
792 3441 849 3525 1,
878 3442 937 3523 3,
965 3440 1024 3505 2.
1098 3439 1416 3524 Ulpianus
1453 3443 1618 3508 libro
1656 3444 2038 3528 trigensimo
2077 3465 2218 3528 sep-

204 3528 365 3594 timo
425 3526 505 3592 ad
552 3525 860 3595 Sabinum
908 3528 1004 3616 (P.
1044 3530 1266 3616 2837).
1318 3568 1393 3577 -
1446 3528 1515 3595 Si
1560 3532 1843 3616 pupillus
1889 3533 2217 3617 pupillave
