2575 3900
945 190 997 243 4.
1033 184 1393 241 PLAUTIUS
2043 188 2173 255 223

165 347 261 435 (D.
296 356 395 427 18,
427 356 485 421 2,
519 356 619 419 19.
665 356 771 429 41,
800 355 859 429 4,
888 345 980 434 4),
1025 352 1228 431 tertiO,
1270 356 1344 413 ut
1377 352 1634 429 videtur,
1679 355 1752 415 de
1790 354 2184 417 servitutibus

162 443 543 520 praediorum
586 442 952 506 rusticorum
996 433 1100 522 (D.
1126 444 1189 520 8,
1218 444 1277 519 6,
1308 433 1394 524 9).

335 530 522 595 Lenel
556 548 691 597 cum
726 549 919 607 neque
955 529 1226 593 Iavoleni
1260 548 1454 608 neque
1491 531 1806 607 Pomponii
1844 550 1918 591 ex
1940 532 2188 595 Plautio

161 620 348 683 libros
403 639 539 681 cnm
582 618 760 681 Pauli
811 619 1106 683 librorum
1159 618 1367 681 ordine
1403 620 1722 681 convenire
1767 616 2186 698 intellexisset,

164 703 305 771 ‘non
349 727 557 782 unum,
599 708 704 770 sed
748 708 1058 782 complura
1100 707 1333 768 Plautii
1377 727 1558 785 opera
1605 727 1641 767 a
1675 708 1866 770 Paulo
1911 726 2043 771 esse
2086 729 2184 769 ex-

163 791 400 873 cerpta'
440 788 542 878 (P.
570 796 601 857 I
642 796 756 857 col.
790 798 957 859 114⁷
1005 816 1063 856 n.
1096 788 1166 877 1)
1221 797 1380 857 hand
1435 797 1691 861 feliciter
1743 797 1992 876 conicit,
2045 817 2185 861 nam

161 904 353 963 neque
406 888 617 947 notum
668 903 777 947 nec
832 883 1115 949 credibile
1168 888 1263 945 esi
1313 885 1502 947 ullius
1555 886 1966 949 iurisconsulti
2009 887 2186 961 plura

165 992 345 1049 opera
405 990 675 1052 unquam
727 973 806 1031 ab
864 992 985 1033 nno
1042 992 1115 1033 ex
1166 973 1600 1049 poscerioribus
1653 974 1717 1036 in
1769 994 1959 1035 unum
2012 977 2186 1052 quasi

168 1080 381 1139 corpus
437 1065 645 1122 coacta
698 1079 854 1137 esse,
909 1080 1101 1138 neque
1150 1061 1460 1121 Plautium
1513 1065 1754 1139 praeter
1797 1062 2186 1141 Digestorum

165 1168 313 1227 opus
368 1150 534 1210 aliud
587 1150 840 1209 edidisse
894 1150 1090 1208 ullum
1144 1154 1235 1211 est
1288 1150 1593 1213 indicium.
1682 1170 1836 1227 quse
1901 1170 2034 1213 cum
2097 1151 2187 1211 ita

165 1240 301 1317 sint,
336 1258 699 1316 quamquam
736 1257 917 1315 quem
953 1258 1156 1301 rernm
1192 1239 1460 1299 ordinem
1492 1239 1768 1301 Plautius
1809 1242 2048 1301 secutus
2086 1240 2184 1317 sit,

166 1328 501 1389 accuratius
530 1327 772 1405 quidem
800 1327 1099 1403 explorari
1118 1330 1398 1404 nequeat,
1425 1330 1626 1387 tamen
1647 1346 1786 1389 enm
1805 1346 1842 1391 a
1857 1328 2186 1391 Sabiniano

166 1417 370 1481 ordine
414 1435 536 1478 non
578 1415 754 1479 valde
800 1415 1059 1481 alienum
1096 1416 1281 1479 fnisse
1326 1416 1594 1478 Iavoleni
1639 1418 1898 1493 epitome
1942 1416 2133 1479 docet·

339 1505 469 1565 Iam
514 1503 586 1563 de
620 1505 697 1566 iis
734 1504 1092 1581 fragmentis
1126 1504 1453 1566 videndum
1489 1509 1598 1580 est,
1643 1524 1794 1581 quae
1833 1524 1906 1566 ex
1940 1505 2184 1567 Plautio

163 1593 437 1669 inprimis
480 1592 544 1653 in
580 1592 755 1655 Pauli
797 1592 984 1655 libros
1030 1594 1314 1654 videntur
1347 1596 1592 1669 recepta
1627 1612 1775 1653 esse.
1859 1594 1932 1653 de
1970 1594 2082 1655 hac
2119 1613 2184 1655 re

164 1682 439 1759 Krueger
472 1702 530 1759 p.
562 1682 687 1745 159
727 1681 839 1740 ait:
887 1675 1022 1741 ‘Boi
1056 1680 1284 1745 Paulus
1320 1682 1406 1742 ist
1439 1683 1546 1741 der
1583 1681 1738 1742 Text
1773 1681 1878 1743 des
1904 1682 2184 1743 Plautius

164 1789 283 1833 von
319 1771 433 1831 den
460 1770 749 1836 Zusstzen
783 1768 845 1827 in
882 1770 1119 1847 einigen
1147 1770 1376 1833 Stellen
1414 1769 1682 1831 dadurch
1705 1771 2184 1847 unterschieden,

165 1859 299 1919 dass
359 1877 469 1919 vor
524 1859 707 1934 jenen
757 1858 1061 1936 Plautius,
1124 1878 1234 1919 vor
1292 1857 1496 1919 diesen
1549 1858 1775 1919 Paulus
1832 1860 2012 1919 steht.
2112 1859 2186 1922 In

166 1948 371 2008 diesen
416 1946 645 2007 Stellen
700 1946 939 2009 werden
990 1967 1110 2008 von
1152 1948 1428 2012 Plautius
1474 1947 1662 2009 selbst
1707 1950 2028 2024 angefiihrt
2074 1948 2184 2008 Sa-

164 2037 369 2113 binus,
425 2035 691 2112 Cassius,
736 2036 1044 2115 Proculus,
1089 2037 1294 2099 Nerva
1336 2036 1457 2096 und
1501 2036 1844 2111 Atilicinus,
1893 2036 1987 2096 die
2034 2038 2185 2096 auch

162 2125 225 2184 in
278 2126 395 2184 den
446 2123 699 2201 librigen
745 2124 974 2183 Stellen
1027 2126 1233 2204 hsufig
1283 2126 1697 2204 vorkommen,
1754 2143 1819 2186 so
1867 2126 1999 2186 dass
2045 2145 2184 2185 man

165 2215 316 2273 such
368 2212 501 2272 hier
553 2213 666 2271 den
711 2212 865 2272 Text
914 2213 1021 2273 des
1064 2214 1349 2274 Plautius
1403 2214 1550 2277 oder
1596 2215 1961 2290 wenigstens
2010 2215 2183 2273 einen

164 2305 408 2380 Auszug
478 2301 699 2364 darans
760 2319 871 2360 vor
933 2302 1061 2362 sich
1126 2303 1310 2364 sehon
1372 2297 1650 2363 mochte'.
1757 2304 1980 2365 maiore
2048 2322 2185 2362 cum

162 2390 385 2456 fiducia
428 2389 615 2453 hanel
649 2389 713 2449 P.
742 2389 805 2448 Π
850 2390 959 2450 col.
994 2393 1073 2452 13
1120 2411 1179 2451 n.
1213 2395 1245 2452 1
1297 2391 1547 2469 indicat:
1595 2386 1684 2450 ‘in
1717 2389 1894 2451 Pauli
1941 2391 2184 2468 quidem

165 2479 242 2539 ad
276 2478 587 2538 Plautium
630 2477 801 2537 libris
844 2497 955 2554 pro
1000 2482 1164 2539 certo
1202 2479 1453 2540 dixerim
1490 2499 1562 2540 ex
1594 2479 1837 2537 Plautio
1875 2497 1946 2540 sa
1984 2480 2186 2540 omnia

162 2569 482 2643 desumpta
536 2584 689 2644 esse,
752 2567 816 2625 in
870 2567 1086 2642 quibus
1143 2567 1349 2627 Sabini
1403 2567 1598 2626 Cassii
1651 2567 1888 2628 Nervae
1942 2566 2186 2626 Proculi

158 2655 440 2715 Atilicini
494 2655 861 2730 aliorumque
914 2658 1185 2716 veterum
1239 2674 1524 2731 responsa.
1576 2655 1676 2716 vel
1728 2655 2035 2730 opiniones
2089 2673 2184 2714 re-

157 2737 481 2817 feruntur'‚
537 2743 696 2820 quod
748 2762 868 2802 non
920 2743 1208 2820 improbo.
1301 2745 1374 2802 de
1427 2743 1598 2807 libris
1652 2743 1995 2820 Pomponii,
2050 2761 2186 2801 cum

158 2837 439 2894 veterum
484 2830 655 2890 libris
692 2830 1011 2909 diligenter
1045 2851 1191 2893 usus
1227 2833 1333 2909 sit,
1370 2851 1489 2893 non
1524 2832 1686 2895 idem
1721 2832 1986 2892 iudicare
2025 2831 2183 2892 licet.

161 2922 442 2998 Krueger
484 2919 524 2978 l.
564 2938 612 2979 c.
658 2940 715 2995 p.
749 2923 892 2980 176.

340 3009 414 3068 In
466 3009 867 3084 proponendis
920 3008 1275 3087 fragmentis
1323 3029 1618 3088 nusquam
1664 3009 1918 3070 cursivis
1965 3011 2185 3071 litberis

159 3099 253 3159 uti
302 3097 507 3158 malui.

854 3259 910 3316 1.
966 3256 1072 3315 Ad
1118 3257 1229 3317 ius
1276 3258 1514 3318 civile.

756 3357 856 3422 De
900 3357 1187 3442 leyc‘timis
1228 3359 1593 3425 heredibus?
1650 3385 1652 3388 ’

347 3468 402 3530 1.
448 3463 526 3529 D.
555 3463 615 3545 5,
649 3466 704 3545 1,
732 3465 835 3545 28,
864 3463 923 3530 5.
996 3463 1233 3528 Paulus
1279 3465 1447 3530 libro
1497 3465 1773 3549 septimo
1817 3465 2065 3531 decimo
2106 3466 2184 3530 ad

162 3552 495 3620 Plautium
533 3549 633 3638 (P.
664 3549 886 3638 1232).
925 3589 1007 3600 —
1050 3552 1118 3618 Si
1155 3560 1343 3637 pater
1381 3553 1660 3619 familias
1693 3559 1987 3620 mortuus
2018 3557 2188 3618 esset
