2575 3900
293 174 424 239 252
475 173 567 228 IV.
599 172 1034 229 VESPASIANI
1062 173 1209 229 ΤΙΤΙ
1236 172 1628 229 DOMITIANI
1653 172 1869 231 ΤΕΜΡ.
1897 174 2091 230 IURIS
2123 174 2330 232 CONS.

291 342 577 403 aedilium
642 342 957 403 curulium.
1060 336 1079 366 ‘
1093 341 1211 413 Qui
1269 360 1344 403 ea
1403 346 1602 403 mente
1661 344 1928 405 alienum
1987 344 2134 421 quid
2191 363 2333 406 con·

291 432 598 509 trectavit‚
636 434 708 491 ut
742 431 1122 509 lucrificaret,
1159 432 1402 491 tametsi
1438 434 1675 493 mutato
1713 432 1963 493 consilio
1992 433 2055 492 id
2083 433 2332 494 domino

289 523 503 597 postea
535 519 815 597 reddidit,
850 521 951 579 fur
984 523 1102 597 est3
1138 539 1315 581 nemo
1345 521 1505 581 enim
1531 521 1646 581 tali
1673 525 1922 598 peccato
1949 524 2336 599 paenitentia

290 628 405 671 sua
448 627 667 669 nocens
712 627 843 669 esse
888 602 1149 668 desinit?

470 693 530 757 9.
593 692 672 757 D.
709 693 861 757 ibid.
890 694 930 773 ξ
961 693 1021 758 6.
1095 689 1197 780 (P.
1239 690 1487 781 17612).
1541 730 1615 742 —
1668 692 1926 761 Caelius
1975 744 1990 759 .
2018 746 2032 760 .
2081 694 2332 777 scribit,

292 783 349 847 si
385 803 642 846 servum
682 782 912 846 emeris
948 782 1060 867 qui
1099 804 1166 846 se
1204 782 1274 846 in
1301 780 1589 847 Tiberim
1627 782 1878 867 deiecit,
1915 784 1971 848 si
2008 784 2332 849 moriendi

292 871 630 935 dumtaxat
674 870 946 936 consilio
993 876 1295 954 suscepto
1341 894 1380 936 a
1422 871 1686 936 domino
1722 871 2152 958 discessisset,
2193 894 2332 937 non

290 982 431 1025 esse
486 959 858 1044 fugitivum3
916 960 1027 1024 sed
1083 960 1137 1024 si
1192 959 1388 1044 fugae
1444 962 1622 1045 prius
1679 960 2024 1026 consilium
2076 961 2334 1046 habuit,

290 1048 518 1113 deinde
565 1052 815 1113 mutata
858 1050 1192 1113 voluntate
1233 1049 1303 1112 in
1340 1047 1631 1114 Tiberim
1669 1070 1738 1114 se
1778 1049 2025 1133 deiecit,
2063 1072 2330 1116 manere

288 1137 660 1221 fugitivum.
750 1136 977 1202 eadem
1032 1138 1269 1221 probat
1325 1141 1390 1202 et
1444 1137 1522 1204 de
1582 1159 1658 1202 eo
1717 1138 1827 1222 qui
1883 1138 1964 1203 de
2008 1143 2211 1223 ponte
2258 1160 2332 1205 se

291 1227 505 1311 praeci
559 1226 766 1291 itavit.

473 1318 506 1380 1
560 1365 573 1378 .
619 1312 699 1379 D.
729 1313 883 1379 ibid.
911 1316 951 1395 ξ
983 1315 1041 1379 7.
1074 1349 1152 1361 —
1194 1312 1377 1378 Idem
1411 1314 1523 1398 ait,
1553 1314 1610 1379 si
1632 1336 1858 1379 servus
1877 1321 2032 1381 tuus
2063 1315 2328 1400 fugiens

290 1405 604 1470 vicarium
652 1426 838 1468 suum
886 1424 1101 1468 secum
1152 1403 1446 1468 abduxit:
1495 1404 1551 1468 si
1597 1405 1874 1469 vicarius
1919 1405 2162 1469 invitus
2211 1410 2335 1470 aut

290 1491 665 1577 imprudens
705 1495 961 1557 secutus
1000 1498 1100 1556 est
1135 1513 1342 1577 neque
1381 1494 1779 1558 occasionem
1816 1492 1898 1557 ad
1923 1497 1992 1557 te
2018 1492 2329 1559 redeundi

291 1586 522 1647 nactus
578 1582 1045 1665 praetermisit,
1090 1602 1223 1645 non
1276 1581 1481 1646 videri
1533 1581 1884 1667 fugitivum
1929 1581 2158 1665 fuiss03
2215 1583 2330 1648 sed

292 1672 348 1736 si
404 1674 517 1735 aut
571 1668 726 1735 olim
782 1691 926 1735 cum
981 1670 1238 1753 fugeret
1289 1670 1612 1735 intellexit
1660 1670 1813 1755 quid
1859 1675 2164 1755 ageretur
2212 1679 2330 1736 aut

291 1763 522 1845 postea
576 1760 882 1843 cognovit
937 1758 1090 1843 quid
1147 1760 1275 1823 acti
1330 1763 1503 1823 esset
1558 1764 1624 1823 et
1677 1759 1884 1824 redire
1937 1760 2018 1824 ad
2065 1764 2131 1823 te
2179 1780 2330 1826 cum

291 1854 517 1934 posset
570 1848 807 1932 noluit,
863 1852 1090 1912 contra
1146 1869 1306 1914 esse.
1399 1848 1571 1913 idem
1615 1853 1807 1934 putat
1856 1847 2200 1913 dicendum
2249 1849 2331 1915 de

294 1961 371 2005 eo
420 1960 611 2022 quem
657 1937 1016 2023 plagiarius
1065 1936 1349 2003 abduxit.

476 2028 575 2092 11.
639 2025 720 2090 D.
747 2026 968 2107 ibid.§
1000 2027 1059 2092 8.
1112 2062 1188 2073 —
1238 2026 1418 2091 Idem
1476 2024 1734 2092 Caelius
1792 2028 1916 2109 ait,
1972 2027 2029 2091 si
2085 2048 2332 2112 servus,

293 2138 437 2181 cum
483 2115 555 2180 in
599 2115 799 2180 fundo
846 2119 1037 2197 esset,
1084 2115 1322 2180 exisset
1358 2114 1434 2179 de
1473 2115 1632 2180 villa
1672 2137 1750 2180 ea
1787 2119 2023 2200 mente,
2061 2120 2142 2194 ‚ut
2177 2139 2332 2200 pro-

292 2205 567 2290 fugeret,
614 2207 679 2268 et
725 2204 867 2288 quis
916 2226 1061 2269 eum
1110 2205 1487 2288 priusquam
1535 2226 1612 2268 ex
1657 2203 1857 2269 fundo
1904 2209 2019 2270 tuo
2067 2205 2338 2291 exisset,

293 2292 902 2378 comprehendisset,
949 2293 1300 2378 fugitivum
1337 2293 1570 2376 videri3
1620 2293 1908 2358 animum
1949 2294 2122 2358 enim
2157 2293 2332 2379 fugi·

291 2385 501 2449 tivum
546 2381 781 2447 facere.

476 2471 576 2537 12.
641 2469 724 2537 D.
759 2470 914 2536 ibid.
952 2473 992 2552 ξ
1032 2471 1089 2534 9.
1153 2506 1228 2516 -
1287 2468 1469 2534 Idem
1535 2471 1629 2534 ait
1691 2493 1811 2536 nec
1877 2493 2021 2535 eum
2079 2471 2190 2556 qui
2247 2471 2333 2536 ad

292 2560 518 2646 fugam
581 2560 856 2646 gradum
918 2582 1119 2624 unum
1177 2560 1533 2623 alterumve
1590 2559 1920 2643 promovit
1971 2558 2076 2624 vel
2133 2560 2334 2625 etiam

292 2673 549 2716 currere
625 2651 865 2734 coepit,
936 2647 995 2713 si
1068 2650 1401 2713 dominum
1475 2652 1847 2731 sequentem
1911 2670 2043 2713 non
2106 2653 2333 2732 potest

293 2741 588 2824 evadere,
635 2761 767 2804 non
815 2760 953 2803 esse
1000 2737 1368 2822 fugitivum.

475 2830 575 2894 13.
632 2827 708 2894 D.
736 2827 888 2892 ibid.
917 2829 957 2908 ξ
991 2827 1093 2892 10.
1139 2862 1215 2873 -
1276 2825 1456 2891 Idem
1504 2875 1520 2890 .
1549 2875 1566 2890 .
1611 2827 1704 2890 ait
1749 2826 2072 2892 libertatis
2120 2827 2332 2892 cuius-

295 2917 443 2981 dam
492 2916 771 3000 speciem
818 2937 958 2981 esse
1003 2915 1272 2999 fugisse,
1319 2914 1443 2979 hoc
1491 2918 1592 2979 est
1637 2918 1964 3000 potestate
2004 2914 2334 2982 dominica

292 3028 362 3070 m
406 3005 1124 3174 prlaffessfliliigzaffim
1138 3025 1456 3176 —essXpud
1501 3093 1873 3158 Labeonem
1921 3096 1988 3158 et
2035 3091 2333 3158 Caelium

295 3183 644 3268 quaeritur,
691 3182 748 3246 si
795 3183 937 3266 quis
984 3183 1055 3246 in
1100 3183 1358 3264 asylum
1398 3182 1765 3267 confugerit
1802 3186 1919 3247 aut
1955 3203 2031 3246 eo
2071 3203 2141 3246 se
2179 3203 2332 3249 con-

294 3274 486 3356 ferat,
545 3293 671 3356 quo
725 3272 938 3336 solent
982 3270 1201 3335 venire
1249 3271 1360 3354 qui
1406 3293 1474 3334 se
1520 3272 1780 3335 venales
1825 3271 2190 3357 postulant,
2245 3293 2331 3335 an

293 3362 610 3448 fugitivus
659 3361 763 3426 sit.

478 3451 579 3517 15.
632 3449 707 3516 D.
736 3450 889 3514 ibid.
919 3451 959 3529 ἓ
992 3449 1093 3513 13.
1146 3484 1221 3496 -
1274 3446 1443 3513 Item
1494 3445 1754 3513 Caelius
1803 3448 2032 3513 scribit
2075 3449 2334 3532 placere

297 3562 444 3606 eum
492 3561 746 3625 quoque
793 3538 1142 3621 fugitivum
1190 3557 1358 3618 esse,
1407 3536 1517 3619 qui
1565 3557 1639 3600 eo
1689 3559 1756 3601 se
1804 3536 2116 3621 conferat,
2159 3536 2331 3602 unde
