2575 3900
1019 163 1070 213 ’1.
1107 155 1489 214 PROGULUS
2143 156 2270 221 139

930 399 987 457 1.
1042 396 1147 456 Ad
1192 396 1307 457 ius
1354 396 1585 458 civile.

420 538 619 600 Huius
690 539 931 616 generis
992 539 1338 616 fragmenta
1401 538 1478 598 ad
1543 537 1934 599 Sabinianum
1999 539 2269 599 ordinem

244 628 555 705 collocavi,
600 647 717 705 quo
768 628 1109 688 scholarum
1154 627 1464 688 dissensus
1511 627 1734 705 optime
1777 627 2140 689 illustratur.

989 853 1090 919 De
1134 855 1523 920 testamentis.

722 1001 1215 1077 Quemadmodum
1256 1005 1596 1062 testamenta
1629 1002 1796 1074 ficmt.

432 1126 483 1186 1.
548 1121 625 1186 D.
674 1121 779 1201 28,
824 1120 887 1202 5,
933 1121 1038 1204 60,
1080 1121 1141 1185 2.
1248 1117 1478 1185 Celsus
1541 1120 1710 1186 libro
1775 1125 1956 1186 sexto
2023 1120 2270 1186 decimo

241 1207 657 1295 Digestorum
709 1207 808 1296 (P.
850 1207 1027 1295 127).
1079 1245 1157 1256 —-
1207 1208 1442 1274 ‘Titius
1497 1209 1684 1274 heres
1743 1212 1916 1292 esto3
1973 1207 2158 1275 Seius
2208 1215 2273 1274 et

241 1295 539 1363 Maevius
611 1298 881 1363 heredes
955 1297 1190 1364 sunto'.
1301 1349 1315 1364 .
1362 1347 1376 1361 .
1427 1349 1442 1362 .
1487 1297 1763 1363 Proculo
1831 1299 2052 1383 placet
2110 1298 2272 1364 duos

244 1387 546 1451 semisses
593 1409 761 1472 esse,
805 1408 1078 1471 quorum
1126 1387 1293 1451 alter
1339 1387 1736 1452 coniunctim
1773 1387 2023 1453 duobus
2062 1387 2273 1452 datur.

421 1476 483 1540 2.
529 1475 607 1540 D.
636 1475 742 1558 35,
774 1479 829 1542 l.
862 1477 963 1541 14.
1036 1474 1436 1559 Pomponius
1482 1476 1651 1541 libro
1699 1478 1929 1542 octavo
1969 1476 2049 1541 ad
2088 1473 2274 1541 Sabi-

242 1583 399 1628 num
461 1561 560 1651 (P.
607 1560 819 1652 521⁵).
884 1601 970 1612 —
1032 1562 1273 1630 ‘Titius
1344 1563 1400 1629 si
1467 1568 1722 1630 statuas
1784 1565 1854 1629 in
1920 1565 2272 1648 municipio

241 1654 552 1737 posuerit,
596 1653 785 1718 heres
832 1651 1017 1720 esto'.
1099 1653 1155 1718 si
1193 1657 1459 1736 paratus
1497 1657 1598 1718 est
1631 1675 1891 1738 ponere,
1938 1653 2050 1718 sed
2087 1654 2270 1719 locus

242 1763 285 1805 a
322 1742 757 1826 municipibus
796 1742 855 1807 ei
890 1764 1028 1808 non
1065 1742 1273 1825 datur,
1314 1741 1591 1808 Sabinus
1618 1740 1931 1807 Proculus
1967 1741 2273 1807 heredem

240 1851 390 1895 eum
436 1830 575 1895 fore
624 1835 690 1896 et
733 1831 799 1896 in
850 1833 1069 1916 legato
1115 1829 1287 1895 idem
1333 1830 1492 1896 iuris
1538 1852 1678 1912 esse
1724 1831 1963 1898 dicunt.

387 2068 482 2127 De
524 2069 667 2141 filliis
709 2070 976 2143 fambias
1017 2070 1108 2129 vel
1149 2069 1516 2129 &rastituondis
1558 2070 1648 2128 vel
1693 2069 2120 2129 exheredandis.

422 2188 482 2253 3.
530 2186 673 2252 Gai.
691 2188 752 2271 2,
776 2188 921 2254 123.
963 2223 1041 2235 -
1083 2235 1135 2254 ..
1183 2188 1294 2273 qui
1337 2188 1539 2252 filium
1581 2190 1652 2252 in
1686 2191 2014 2272 potestate
2049 2188 2274 2274 habet,

240 2296 472 2341 curare
523 2276 715 2341 debet
758 2280 833 2341 ut
878 2298 1024 2341 eum
1070 2277 1174 2341 vel
1218 2277 1522 2341 heredem
1567 2278 1874 2342 instituat
1918 2277 2022 2341 vel
2067 2278 2273 2342 nomi-

242 2366 453 2429 natim
500 2365 871 2448 exheredet3
917 2366 1208 2449 alioquin
1256 2365 1313 2430 si
1360 2388 1507 2431 eum
1551 2366 1811 2430 silentio
1848 2365 2273 2450 praeterierit,

241 2453 567 2518 inutiliter
612 2454 964 2519 testabitur
1006 2503 1026 2520 .
1055 2503 1069 2518 .
1094 2502 1110 2519 .
1156 2453 1269 2519 sed
1315 2453 1604 2520 diversae
1652 2455 1914 2521 scholae
1959 2458 2274 2539 auctores,

244 2543 303 2607 si
351 2542 611 2627 quidem
654 2542 827 2608 filius
874 2548 1104 2608 mortis
1148 2544 1356 2626 patris
1395 2546 1684 2628 tempore
1720 2543 1916 2623 vivat,
1963 2564 2118 2608 sane
2155 2544 2274 2608 im-

239 2630 613 2715 pedimento
678 2652 824 2695 eum
892 2653 1034 2696 esse
1100 2631 1358 2714 scriptis
1421 2630 1766 2697 heredibus
1827 2635 1894 2695 et
1947 2631 2136 2696 illum
2191 2633 2272 2697 ab

244 2720 576 2786 intestato.
596 2719 899 2785 heredem
934 2719 1077 2784 fieri
1103 2719 1520 2805 confitentur3
1558 2721 1615 2784 si
1640 2741 1791 2784 vero
1820 2724 1971 2785 ante
1998 2723 2276 2785 mortem

238 2808 451 2892 patris
491 2810 890 2894 interceptus
928 2809 1033 2889 sit,
1078 2830 1269 2893 posse
1309 2830 1388 2873 ex
1422 2811 1812 2874 testamento
1849 2808 2275 2875 hereditatem

238 2897 410 2962 adiri
446 2902 698 2981 putant,
744 2898 927 2963 nullo
964 2898 1094 2963 iam
1132 2897 1269 2963 filio
1307 2897 1792 2981 impedimentO,
1837 2903 1989 2983 quia
2027 2897 2275 2964 scilicet

237 2987 627 3052 existimant
667 2985 892 3072 (non)
936 2988 1159 3052 statim
1198 2988 1280 3052 ab
1319 2986 1509 3053 initio
1547 2987 1866 3052 inutiliter
1901 2986 2043 3052 fieri
2078 2993 2274 3053 testa-

239 3086 551 3140 mentum.
581 3075 722 3142 filio
768 3077 1134 3159 praeterito.

423 3165 485 3229 4.
550 3163 628 3229 D.
656 3165 761 3247 28,
789 3166 851 3243 2,
880 3165 1026 3249 6pr.
1117 3163 1442 3249 Ulpianus
1497 3165 1666 3231 libro
1719 3165 1914 3231 tertio
1964 3165 2045 3231 ad
2091 3162 2274 3231 Sabi-

238 3274 400 3318 num
439 3249 539 3339 (P.
561 3250 787 3341 2445).
822 3290 913 3303 --
953 3301 1000 3319 ..
1038 3260 1139 3318 est
1175 3255 1542 3338 quaesitum
1581 3276 1666 3319 an
1702 3254 1779 3339 is,
1819 3254 1938 3338 qui.
1966 3274 2275 3339 generare

234 3340 434 3407 facile
500 3364 634 3407 non
697 3342 936 3427 possit,
998 3347 1373 3427 postumum
1435 3342 1738 3407 heredem
1801 3343 2010 3407 facere
2063 3344 2277 3427 possit

235 3480 255 3497 .
278 3480 295 3497 .
318 3479 337 3495 .
374 3430 432 3495 si
470 3436 792 3496 castratus
830 3433 937 3515 sit,
980 3430 1269 3497 Iulianus
1307 3430 1567 3498 Proculi
1605 3431 1977 3515 opinionem
2015 3438 2273 3497 secutus

234 3540 371 3585 non
419 3523 610 3605 putat
654 3524 1031 3605 postumum
1076 3520 1379 3585 heredem
1423 3540 1617 3605 posse
1661 3520 2012 3585 instituere.
