2575 3900
857 206 904 252 ὅ.
956 197 1231 252 SEXTUS
1269 197 1530 253 PEDIUS
2119 200 2203 264 81

168 385 361 426 causa
417 383 511 424 res
558 366 783 425 amovit
833 357 931 446 (D.
965 367 1067 444 25,
1097 369 1152 440 2,
1186 369 1285 438 21,
1322 360 1414 446 1),
1472 368 1544 426 de
1591 385 1763 428 servo
1809 368 1913 443 qui
1957 368 2206 444 pigritia

170 454 463 532 surgendi
500 454 565 513 in
600 454 754 513 lecto
792 457 1027 515 urinam
1063 455 1208 515 facit
1246 447 1347 537 (D.
1381 459 1481 532 21,
1516 460 1570 531 1,
1603 458 1704 535 14,
1733 447 1820 538 4).

637 684 683 743 I.
750 685 847 744 De
896 687 1505 762 stipulationibus
1551 687 1744 748 libri.

353 808 706 867 Laudantur
777 827 813 867 a
875 809 1062 868 Paulo
1135 811 1309 871 libris
1373 811 1632 868 XXVIII
1705 813 1766 870 et
1829 810 2053 869 LXXII
2128 812 2203 870 ad

172 898 454 956 edict-um.
552 900 788 973 partem
833 898 1123 958 librorum
1181 899 1257 957 ad
1305 900 1566 959 edictum
1621 891 1704 980 (v.
1751 899 1910 957 infra
1955 893 2046 980 II)
2103 919 2203 959 eos

173 987 441 1045 effecisse
506 985 759 1044 coniecit
810 986 1043 1046 Ferrini
1097 979 1186 1068 (S.
1237 987 1438 1046 Pedio:
1498 988 1732 1047 'Rivista
1796 988 1920 1047 ital.
1975 1007 2084 1062 per
2145 989 2202 1048 le

174 1076 401 1134 scienze
457 1074 790 1151 giuridiche
838 1075 867 1132 I
920 1097 977 1151 p.
1018 1079 1098 1136 37
1124 1071 1264 1155 sq.);
1337 1076 1442 1135 sed
1497 1070 1632 1136 ‘hoc
1694 1075 1916 1134 citandi
1971 1071 2204 1153 genus',

171 1168 246 1223 ut
292 1164 383 1222 ait
427 1162 612 1221 Lenel
658 1163 720 1221 ΙΙ
774 1165 883 1222 col.
925 1167 963 1224 8
1016 1185 1073 1223 n.
1116 1169 1178 1236 1,
1248 1159 1434 1240 ‘quod
1479 1165 1540 1222 in
1595 1165 1995 1240 posteriorum
2051 1167 2202 1224 tem-

171 1272 391 1329 porum
440 1251 741 1310 codicibus
790 1255 1071 1330 occurrit,
1117 1254 1237 1312 iam
1284 1254 1461 1312 Pauli
1509 1255 1707 1312 aetate
1752 1255 1815 1311 in
1858 1272 1972 1312 usu
2019 1254 2203 1312 fuisse

171 1361 291 1401 non
350 1343 612 1399 constat:
677 1340 741 1398 in
793 1341 939 1417 ipsis
994 1345 1200 1401 autem
1254 1342 1610 1420 fragmentis
1648 1387 1661 1399 .
1705 1389 1716 1400 .
1754 1342 1840 1400 nil
1896 1347 1988 1401 est
2045 1342 2205 1418 quod

173 1431 253 1489 ad
327 1429 512 1488 edicti
573 1429 1130 1504 interpretationem
1196 1437 1466 1506 spectare
1539 1424 1855 1491 videatur'.
1973 1431 2202 1506 primus

170 1519 364 1595 igitur
389 1517 609 1576 Pedius
647 1518 825 1578 huius
863 1520 1202 1597 argumenti
1236 1520 1512 1595 proprios
1549 1519 1734 1578 libros
1775 1519 2012 1579 videtur
2047 1538 2202 1579 com-

170 1608 473 1684 posuisse;
538 1626 658 1682 qua.
711 1607 774 1664 in
828 1626 892 1666 re
948 1627 1085 1667 eum
1141 1609 1332 1668 secuti
1389 1612 1529 1666 sunt
1584 1607 1944 1682 Pomponius
2003 1602 2101 1688 (D.
2147 1612 2202 1686 7,

175 1700 242 1773 5,
289 1699 355 1772 5,
405 1688 474 1775 2)
549 1702 612 1754 et
674 1694 859 1754 Gaius
930 1697 1101 1756 libris
1166 1691 1263 1756 ‘de
1327 1697 1647 1757 verborum
1712 1692 2203 1774 obligationibus'

172 1778 271 1866 (P.
303 1780 701 1862 510-519).
778 1787 1043 1845 ceterum
1091 1805 1226 1844 cum
1260 1786 1356 1844 his
1394 1786 1775 1860 comparandi
1821 1788 1962 1844 sunt
1997 1785 2202 1845 Actio·

172 1894 317 1932 num
372 1873 538 1950 libri,
594 1892 741 1948 quos
799 1876 860 1932 et
914 1874 1197 1933 Manilius
1246 1866 1331 1956 (I,
1374 1866 1486 1956 26)
1546 1877 1607 1933 et
1663 1872 1870 1933 Ofilius
1919 1865 2002 1955 (I,
2044 1869 2202 1957 349)

171 1962 504 2023 ediderunt.

1044 2088 1259 2147 Liber
1304 2088 1352 2147 I.

361 2207 416 2269 1.
464 2204 543 2269 D.
580 2207 678 2289 12,
711 2208 769 2287 1,
798 2207 857 2271 6.
948 2206 1184 2270 Paulus
1231 2207 1399 2272 libro
1447 2180 1797 2272 ¹'tricensimo
1846 2209 2073 2272 octavo
2121 2208 2203 2272 ad

176 2295 459 2359 edictum
516 2290 617 2380 (P.
654 2291 833 2383 431).
892 2331 977 2342 —
1033 2294 1296 2360 Certum
1363 2302 1485 2378 est,
1553 2297 1731 2362 cuius
1796 2296 2041 2379 species
2099 2297 2201 2360 vel

180 2384 541 2468 quantitas,
601 2405 761 2465 quae
816 2384 885 2447 in
942 2386 1342 2469 obligatione
1399 2390 1719 2470 versatur,
1775 2389 1887 2448 aut
1938 2384 2201 2449 nomine

177 2494 290 2538 suo
340 2475 455 2535 aut
500 2493 577 2535 ea
618 2472 1163 2538 demonstratione
1202 2468 1365 2558 quae
1404 2475 1685 2539 nominis
1732 2474 1869 2537 vice
1906 2472 2204 2555 fungitur

178 2561 387 2646 qualis
437 2564 807 2646 quantaque
856 2562 944 2627 sit
991 2563 1373 2627 ostenditur.
1455 2584 1606 2626 nam
1654 2565 1720 2624 et
1759 2560 1990 2624 Pedius
2029 2561 2200 2627 libro

178 2651 389 2733 primo
466 2648 542 2713 de
617 2650 1147 2735 stipulationibus
1212 2651 1378 2714 nihil
1443 2651 1678 2713 referre
1743 2648 1863 2730 ait,
1935 2650 2200 2732 proprio

175 2740 439 2803 nomine
494 2759 599 2801 res
656 2740 1019 2823 appelletur
1074 2761 1157 2801 an
1214 2739 1418 2823 digito
1467 2738 1840 2802 ostendatur
1889 2757 1979 2803 an,
2017 2758 2200 2802 voca-

177 2827 791 2910 bulisquibusdam
848 2828 1350 2911 demonstretur;
1408 2830 1722 2911 quatenus
1782 2830 2005 2891 mutua
2059 2826 2202 2891 vice

178 2915 565 3001 fungantur,
614 2938 776 3001 quae
822 2916 1206 2981 tantundem
1254 2920 1606 2999 praestent.

922 3091 1020 3145 Ex
1055 3094 1258 3145 incerto
1297 3091 1450 3145 libro.

354 3199 415 3262 2.
474 3196 551 3261 D.
590 3198 695 3279 45,
737 3201 793 3280 1,
832 3199 935 3284 83,
972 3202 1032 3266 5.
1132 3200 1370 3264 Paulus
1435 3199 1601 3265 libro
1667 3200 2196 3283 septuagensimo

181 3288 460 3352 secundo
501 3286 580 3349 ad
619 3288 897 3352 edictum
938 3288 1035 3376 (P.
1067 3287 1244 3374 798).
1277 3325 1353 3335 —
1389 3286 1650 3352 Sacram
1690 3290 1788 3352 vel
1818 3288 2194 3371 religiosam

180 3397 311 3439 rem
378 3374 483 3440 vel
549 3376 772 3440 usibus
835 3380 1110 3461 publicis
1173 3380 1241 3442 in
1307 3383 1687 3461 perpetuum
1744 3378 2069 3453 relictam,
2127 3382 2202 3441 ut

179 3464 391 3528 forum
441 3468 553 3529 aut
603 3465 965 3550 basilicam,
1024 3472 1135 3533 aut
1179 3468 1505 3531 hominem
1553 3467 1828 3530 liberum
1874 3466 2195 3529 inutiliter

180 3553 481 3635 stipulor,
538 3557 827 3637 quamvis
883 3556 1073 3643 (res)
1128 3578 1311 3620 sacra
1355 3554 1630 3639 profana
1675 3555 1812 3618 fieri
1860 3560 1925 3618 et
1970 3552 2196 3617 usibus

284 3664 480 3715 Iurispr.
506 3668 741 3709 antehadr.
769 3672 867 3712 rell.
898 3672 965 3712 ed.
994 3672 1191 3711 Bremer.
1238 3670 1305 3720 11,
1324 3672 1360 3709 2.
1745 3662 1774 3708 6
