2575 3900
845 192 894 243 6.
933 184 1361 241 IAVOLENUS
1400 184 1697 239 PRISCUS
2152 186 2279 249 399

347 330 425 415 1).
463 350 568 432 39,
610 348 669 433 5,
707 348 810 414 25.
871 386 957 397 —
1012 370 1213 413 ..re-
1413 347 1487 413 D.
1521 349 1623 425 12,
1659 350 1717 433 1,
1746 349 1849 413 20.
1902 384 1976 395 -
2172 350 2283 413 sed

169 464 176 471 ·
259 437 1214 521 spondit:siremtibidederim,
1321 435 1481 502 haec
1596 437 2029 522 intellegenda
2134 442 2286 504 sunt

259 531 333 591 ut
381 526 554 591 Titio
611 548 754 592 meo
801 526 1063 591 nomine
1109 526 1214 591 do·
1322 530 1639 609 propter
1758 526 2285 609 suptilitatem

255 637 465 702 nares,
509 620 776 700 eamque
822 619 895 680 tu
941 619 1053 680 tuo
1100 638 1212 681 no·
1324 616 1755 701 verborum3
1871 616 2283 701 benignius

258 705 430 769 mine
461 704 519 767 ei
547 704 814 787 dederis,
850 700 1214 789 quantum
1326 707 1582 768 tamen
1620 707 1787 768 est.

258 794 350 858 ad
427 791 621 857 iuris
697 793 1218 877 suptilitatem

257 881 629 966 accipientis
687 881 862 946 facta
925 903 1056 947 non
1121 885 1222 946 est

258 975 324 1035 et
371 974 443 1035 tu
490 969 650 1035 furti
697 958 1035 1055 obligaris,
1093 971 1218 1035 sed

255 1059 672 1143 benignius
733 1062 854 1142 est3
918 1057 974 1123 si
1030 1079 1219 1144 agam

257 1150 487 1212 contra
551 1169 696 1212 eum
762 1147 872 1231 qui
924 1170 1061 1212 rem
1121 1170 1218 1213 ac-

258 1236 456 1319 cepit,
511 1237 885 1319 exceptione
939 1237 1070 1301 doli
1119 1258 1220 1301 me

260 1325 670 1390 summoveri.

435 1488 738 1550 Orationis
801 1508 1036 1565 quoque
1100 1488 1497 1566 proprietates
1544 1489 1703 1565 apud
1748 1489 2098 1549 Iavolenum
2145 1509 2280 1551 con-

258 1578 500 1655 spicuae
547 1579 707 1655 apud
751 1577 1054 1637 Iulianum
1090 1597 1324 1655 quoque
1364 1580 1625 1653 exstant3
1660 1580 1733 1637 ut
1768 1579 1925 1654 quod
1961 1578 2281 1640 Iavolenus

257 1668 344 1727 ait
390 1660 488 1749 (D.
518 1669 622 1745 45,
656 1669 712 1745 3,
746 1658 858 1749 36)
914 1661 1083 1726 ‘haec
1138 1686 1381 1743 genere.
1407 1667 1663 1744 quodam
1710 1667 1949 1727 donatio
1998 1662 2131 1745 est',
2188 1669 2283 1729 his

259 1756 484 1815 Iuliani
537 1757 736 1816 verbis
784 1756 978 1815 simile
1027 1758 1142 1815 est:
1201 1750 1443 1831 ‘genere
1490 1756 1748 1833 quodam
1793 1756 1968 1817 modo
2015 1758 2279 1817 venditio

255 1891 268 1906 .
300 1892 313 1905 .
346 1890 361 1905 .
389 1847 696 1905 contracta
741 1838 855 1904 est'
903 1844 1000 1921 (D.
1031 1846 1134 1919 41,
1163 1846 1224 1922 4,
1257 1839 1386 1924 10).
1468 1864 1668 1904 rerum
1716 1846 1967 1922 denique
2014 1846 2280 1906 ordinem

255 1953 292 1993 a
353 1934 589 1994 Iuliano
653 1934 717 1993 in
779 1933 948 1995 libris
1014 1934 1091 1994 ad
1155 1932 1434 1994 Urseium
1498 1933 1781 1994 Ferocem
1846 1938 2155 1995 servatum
2216 1936 2281 1995 in

254 2023 464 2083 multis
531 2024 842 2086 convenire
905 2042 1041 2083 cum
1116 2023 1322 2083 ordine
1396 2024 1683 2084 librorum
1760 2044 1795 2084 a
1856 2025 2139 2086 Iavoleno
2208 2044 2280 2085 ex

259 2110 468 2173 Cassio
517 2113 980 2190 compositorum
1025 2111 1210 2172 Lenel
1253 2115 1427 2172 notat
1471 2112 1537 2170 P.
1567 2112 1596 2170 Ι
1643 2114 1751 2174 col.
1781 2115 1909 2174 490
1955 2133 2016 2173 n.
2049 2119 2102 2172 1.

437 2217 608 2289 Quod
651 2219 968 2278 Iavolenus
1025 2218 1366 2293 provinciae
1420 2237 1664 2295 praeses
1718 2219 1782 2278 iu
1836 2222 2023 2280 servis
2071 2238 2277 2278 manu-

252 2292 564 2367 mittendis
604 2307 862 2380 admisit,
899 2307 1058 2366 idem
1085 2307 1360 2367 Iulianus
1396 2310 1640 2382 praetor
1676 2312 1739 2368 et
1774 2309 2025 2368 consul
2008 2329 2070 2367 m
2098 2308 2282 2368 Italia

253 2395 452 2454 facere
497 2414 617 2455 non
663 2396 990 2456 dubitavit.
1037 2390 1172 2474 ego
1220 2396 1325 2472 qui
1359 2396 1761 2456 meminissem
1796 2396 2187 2458 Iavolenum.

256 2487 319 2542 et
372 2484 435 2542 in
478 2482 686 2543 Africa
741 2487 803 2544 et
854 2485 917 2542 in
965 2484 1139 2562 Syria
1195 2503 1398 2545 servos
1456 2503 1594 2545 suos
1644 2485 2087 2562 manumisisse,
2144 2505 2278 2546 cum

255 2571 570 2632 consilium
623 2572 966 2650 praeberet,
1024 2575 1359 2649 exemplum
1416 2573 1543 2632 eius
1600 2577 1837 2634 secutus
1893 2576 1954 2633 et
1998 2575 2059 2632 in
2105 2593 2276 2650 prae-

253 2664 396 2720 tura
453 2663 514 2720 et
567 2661 882 2720 consulatu
934 2681 1066 2723 meo
1123 2663 1413 2738 quosdam
1469 2681 1541 2720 ex
1587 2663 1775 2722 servis
1822 2663 1969 2722 meis
2015 2663 2281 2722 vindicta

254 2743 531 2810 liberavi'
564 2745 664 2828 (D.
686 2752 789 2828 40,
813 2753 869 2827 2,
892 2743 980 2830 5),
1010 2751 1143 2810 aliis
1171 2751 1563 2827 praetoribus,
1594 2751 1821 2810 numid
1839 2752 2036 2812 facere
2055 2751 2278 2830 liceret,

255 2838 674 2898 dubitantibus
709 2832 809 2921 (D.
840 2836 1030 2918 ibid.).
1104 2839 1399 2915 Ulpianus
1429 2844 1629 2900 autem
1659 2859 1793 2899 cum
1822 2841 1893 2902 D.
1926 2843 1982 2917 1,
2018 2843 2116 2918 10,
2150 2844 2203 2916 1,
2236 2844 2273 2899 2

253 2927 424 2987 dicit:
484 2921 795 2988 ‘Consules
853 2929 1013 3004 apud
1069 2947 1132 2988 se
1189 2948 1392 2991 servos
1448 2948 1587 2989 suos
1633 2929 2056 2989 manumittere
2100 2948 2278 3006 posse

249 3017 421 3076 nulla
478 3017 778 3077 dubitatio
835 3012 968 3095 est',
1025 3018 1096 3077 de
1140 3020 1486 3094 praetorum
1534 3019 1739 3078 eadem
1784 3021 2081 3094 potestate
2125 3019 2277 3078 nihil

253 3105 587 3166 constituit.
658 3105 723 3165 in
761 3107 896 3166 aliis
934 3124 1170 3183 quoque
1208 3107 1364 3184 legis
1402 3107 1735 3169 actionibus
1772 3107 2038 3167 Iavoleni
2077 3127 2276 3167 exem-

247 3195 420 3270 plum
468 3195 638 3271 sequi
683 3196 862 3255 licere
909 3195 1191 3255 Neratius
1229 3195 1471 3256 Priscus
1520 3197 1762 3256 statuit:
1811 3191 2276 3276 ‘magistratum,

252 3282 413 3358 apud
468 3302 641 3358 quem
699 3284 852 3360 legis
909 3283 1064 3344 actio
1122 3287 1240 3362 est,
1283 3289 1360 3345 et
1408 3286 1780 3361 emancipare
1825 3285 1982 3346 filios
2031 3304 2167 3346 suos
2216 3288 2277 3344 et

246 3371 314 3430 in
368 3371 748 3448 adoptionem
805 3371 944 3432 dare
1000 3374 1159 3447 apud
1206 3390 1269 3432 se
1315 3392 1486 3450 posse
1533 3374 1769 3433 Neratii
1816 3375 2112 3434 sententia
2159 3368 2276 3433 est'

245 3459 323 3518 D.
363 3463 418 3535 1,
461 3465 517 3538 7,
556 3464 614 3522 4.
707 3480 886 3538 quam
951 3462 1307 3522 sententiam
1370 3481 1407 3522 a
1458 3462 1717 3539 posteris
1771 3463 2088 3538 probatam
2145 3479 2279 3522 esse

245 3567 368 3609 non
415 3549 693 3609 traditur.
