2575 3900
334 151 466 215 204
507 151 600 209 IV.
633 149 1063 206 VESPASIANI
1089 148 1232 205 ΤῙΤΙ
1258 149 1650 205 DOMITIANI
1680 150 1894 206 TEMP.
1925 148 2118 206 IURIS
2147 148 2350 206 CONS.

333 319 396 378 et
446 314 759 378 Arrianus
814 313 1138 397 deferunt,
1192 315 1247 377 si
1305 313 1446 398 quis
1500 335 1703 379 vacua
1758 317 1940 396 parte
1990 311 2214 377 relicta
2258 312 2356 377 ita

332 402 690 467 instituerit
744 401 824 467 ‘si
880 401 1042 465 mihi
1096 400 1279 485 Seius
1337 403 1522 467 heres
1572 424 1702 468 non
1747 400 1914 485 erit'‚
1979 422 2170 487 quem
2223 422 2356 466 non

334 491 737 574 instituerat,
793 489 1238 574 ‘Sempronius
1285 491 1468 555 heres
1519 490 1702 573 esto',
1756 512 1841 554 an
1887 490 1994 555 hie
2040 510 2356 573 occupare

335 580 544 662 possit
596 584 935 645 vacantem
991 580 1373 664 portionem.
1475 584 1541 645 et
1596 579 1884 663 Pegasus
1921 627 1936 642 .
1969 629 1982 643 .
2021 580 2358 644 existima-t

337 669 416 733 ad
466 690 605 732 eam
650 673 902 753 partem
950 668 1223 733 admitti.

858 852 951 910 De
995 852 1176 925 legato
1209 868 1326 925 per
1371 852 1832 911 vindicationem.

514 970 573 1035 2.
632 967 773 1034 Gai.
803 970 862 1051 2,
896 969 1039 1035 195.
1091 1006 1173 1016 -—
1222 1020 1234 1032 .
1264 1018 1281 1035 .
1309 969 1526 1034 Nerva
1555 1016 1571 1033 .
1601 1020 1614 1034 .
1645 973 1711 1034 et
1769 968 2076 1033 Proculus
2135 967 2359 1033 ceteri-

341 1078 462 1144 que
511 1059 685 1122 illius
733 1058 993 1123 scholae
1041 1062 1334 1124 auctores
1379 1080 1509 1123 non
1557 1058 1754 1127 alites
1791 1061 2027 1141 putant
2068 1078 2202 1121 rem
2241 1054 2357 1141 (sc.

335 1169 450 1231 per
512 1146 1013 1212 vindicationem
1075 1146 1388 1233 legatam)
1459 1146 1758 1231 legatarii
1821 1146 1986 1230 fieri,
2052 1166 2245 1229 quam
2299 1144 2360 1208 si

336 1236 616 1301 voluerit
662 1258 802 1299 eam
850 1236 930 1300 ad
976 1257 1043 1300 se
1089 1236 1430 1320 pertinere.

1000 1417 1095 1476 De
1138 1418 1450 1491 usufructu
1495 1419 1694 1493 leyatO.

516 1528 573 1591 3.
622 1527 699 1591 D.
730 1527 787 1604 7,
824 1529 879 1608 1,
908 1528 968 1609 9,
994 1529 1055 1592 4.
1129 1526 1308 1591 Idem
1347 1524 1464 1612 (se.
1493 1526 1839 1613 Ulpianus)
1876 1527 2044 1592 libro
2083 1474 2361 1609 septimo

340 1614 586 1680 decimo
647 1614 727 1679 ad
774 1613 1086 1680 Sabinum
1130 1614 1229 1700 (P.
1267 1614 1489 1703 2559).
1538 1654 1622 1663 —
1759 1617 1868 1683 ‚si
1923 1616 2134 1679 insula
2179 1615 2362 1679 iuxta

339 1703 607 1767 fundum
673 1704 739 1768 in
799 1704 1061 1768 flumine
1115 1708 1269 1768 nata
1326 1706 1436 1788 sit,
1501 1707 1638 1770 eius
1691 1727 1880 1769 usum
1933 1704 2214 1769 fructum
2273 1701 2356 1767 ad

338 1791 759 1856 fructuarium
812 1814 945 1855 non
998 1793 1318 1876 pertinere
1365 1793 1651 1876 Pegasus
1709 1793 1958 1876 scribit,
2012 1793 2166 1856 licet
2214 1812 2362 1874 pro·

339 1880 602 1964 prietati
658 1880 945 1967 accedat3
1001 1903 1137 1945 esse
1195 1881 1366 1945 enim
1421 1883 1620 1947 veluti
1676 1884 2010 1967 proprium
2063 1880 2356 1959 fundum,

343 1970 523 2036 cuius
571 1993 724 2034 usus
772 1970 1019 2034 fructus
1067 1971 1147 2034 ad
1195 1975 1260 2034 te
1309 1993 1439 2036 non
1485 1972 1831 2056 pertineat.

517 2060 578 2122 4.
635 2058 709 2124 D.
753 2060 811 2141 7,
856 2060 908 2137 1,
944 2059 1049 2141 25,
1090 2060 1147 2124 7.
1240 2058 1558 2142 Ulpianus
1614 2060 1780 2124 libro
1838 2063 2066 2126 octavo
2113 2056 2362 2122 decimo

342 2147 421 2211 ad
488 2145 796 2211 Sabinum
862 2144 963 2233 (P.
1009 2145 1261 2234 258712).
1335 2185 1410 2194 —
1481 2147 1666 2224 Quod
1700 2148 2085 2215 ..diximus
2150 2168 2228 2210 ex
2292 2166 2362 2210 re

342 2235 680 2300 fructuarii
737 2237 835 2300 vel
894 2259 972 2301 ex
1028 2239 1241 2321 operis
1288 2259 1482 2320 posse
1529 2238 1888 2322 adquirere,
1942 2240 2161 2301 utrum
2205 2239 2361 2300 tunc

340 2325 553 2390 locum
608 2325 872 2409 habeat,
927 2326 1231 2410 quotiens
1284 2327 1420 2390 iure
1479 2325 1732 2410 [legati]
1781 2347 1933 2390 usus
1981 2325 2228 2389 fruetus
2275 2324 2364 2388 sit

342 2414 749 2499 constitutus,
796 2437 880 2479 an
927 2420 992 2478 et
1038 2414 1093 2478 si
1130 2436 1245 2498 per
1279 2413 1695 2478 traditionem
1733 2416 1834 2478 vel
1873 2413 2360 2496 stipulationem

340 2503 443 2566 vel
500 2503 699 2568 alium
757 2525 1220 2587 quemeumque
1276 2503 1564 2583 modum,
1618 2503 1982 2568 videndum.
2081 2505 2149 2567 et
2175 2552 2188 2566 .
2217 2551 2232 2565 .
2263 2504 2364 2566 est

343 2589 574 2677 Pegasi
625 2592 979 2678 sententia,
1024 2643 1037 2657 .
1068 2641 1081 2657 .
1112 2639 1128 2656 .
1159 2592 1337 2656 omni
1382 2590 1739 2657 fructuario
1789 2591 2061 2675 adquiri.

981 2775 1075 2834 De
1118 2777 1494 2833 instrumento
1540 2774 1736 2848 zeyato.

520 2885 579 2948 5.
643 2885 724 2950 D.
764 2886 866 2962 33,
908 2885 965 2961 7,
1008 2885 1106 2966 12,
1145 2884 1205 2947 3.
1278 2880 1599 2965 Ulpianus
1656 2881 1821 2948 libro
1877 2882 2224 2947 vicensimo
2283 2879 2367 2946 ad

344 2969 653 3036 Sabinum
692 2971 791 3060 (P.
820 2933 1047 3057 2'60'9).
1085 3008 1169 3017 —
1210 2971 1572 3055 Quaeritur,
1618 2995 1699 3036 an
1739 2993 1978 3049 servu8,
2028 2971 2140 3055 qui
2178 2971 2368 3056 quasi

342 3059 609 3124 colonus
656 3061 725 3124 in
772 3081 930 3144 agro
979 3065 1140 3145 erat,
1186 3061 1622 3126 instrumento
1670 3061 1886 3142 legato
1937 3059 2364 3124 contineatur.

344 3153 409 3212 et
456 3147 671 3213 Labeo
730 3154 795 3213 et
842 3149 1174 3232 Pegasus,
1207 3153 1674 3234 ,negaverunt‚
1731 3148 1882 3234 quia
1927 3169 2058 3212 non
2104 3169 2221 3231 pro
2269 3147 2368 3210 in-

344 3239 702 3302 strumento
757 3238 824 3301 in
881 3237 1078 3302 fundo
1134 3237 1373 3321 fuerat,
1438 3238 1694 3302 etiamsi
1749 3238 1979 3303 solitus
2034 3237 2248 3301 fuerat
2301 3239 2372 3300 et

342 3324 632 3391 familiae
679 3327 1013 3411 imperare.

520 3415 579 3481 6.
652 3414 814 3484 Ibid.
868 3419 908 3498 ξ
951 3417 1049 3482 16.
1117 3451 1203 3463 -
1269 3414 1339 3479 Si
1415 3414 1641 3480 domus
1718 3415 1805 3478 sit
1866 3415 2370 3478 instrumentum

342 3503 659 3590 legatum,
714 3505 1058 3570 videndum
1106 3505 1257 3589 quid
1308 3506 1729 3569 contineatur.
1821 3507 1887 3568 et
1933 3502 2218 3588 Pegasus
2265 3501 2365 3566 ait
