2575 3900
343 152 480 215 440
551 151 617 207 V.
655 151 955 207 NERVAE
991 150 1084 206 ΕΤ
1119 150 1425 207 TRAIANI
1460 151 1679 207 TEMP.
1714 148 1907 207 IURIS
1944 149 2347 207 CONSULTI

341 320 496 380 libro
533 318 645 377 XV
690 320 764 379 de
803 319 986 380 furtis
1025 318 1254 379 dietum
1292 319 1479 379 fuisse
1516 322 1783 397 apparet.
1854 319 1978 379 alia
2016 322 2171 379 sunt
2209 320 2409 396 plane

340 410 597 487 ineerts3
659 408 918 469 fortasse
983 408 1048 467 in
1108 407 1534 468 nonnullorum
1587 409 2071 485 fragmentorum
2128 408 2407 485 inserip-

340 496 608 558 tionibus
669 496 960 557 librorum
1022 497 1254 557 numeri
1318 497 1585 573 corrupti
1636 499 1794 557 sunt.
1884 496 2273 575 ubicumque
2322 498 2408 556 de

341 604 568 647 conexu
629 585 784 645 nihil
846 585 998 646 eerti
1058 586 1188 647 erui
1250 586 1476 663 potest,
1539 585 1881 664 fragmenta
1933 586 2024 645 ita
2078 586 2403 663 disposui,

339 678 412 733 ut
455 692 551 733 res
596 674 901 735 commode
946 674 1353 735 exhibeantur.

1200 895 1418 955 Liber
1460 894 1507 955 I.

1092 1014 1194 1080 De
1237 1013 1624 1079 testamentis.

843 1133 957 1208 Qui
1001 1136 1336 1194 testamenta
1378 1135 1575 1209 faeere
1606 1140 1873 1209 possunt.

523 1243 608 1308 1⁴?
659 1242 741 1309 D.
778 1244 886 1328 28,
922 1244 985 1327 2,
1022 1245 1172 1328 6pr.
1263 1242 1587 1328 Ulpianus
1643 1245 1812 1310 libro
1866 1246 2061 1310 tertio
2119 1244 2206 1310 ad
2274 1243 2394 1310 Sa.-

344 1332 589 1397 binum.
636 1369 720 1379 —
769 1380 786 1398 .
813 1380 830 1398 .
859 1336 960 1397 est
1005 1333 1391 1416 quaesitum,
1438 1354 1522 1397 an
1566 1333 1623 1397 is
1670 1333 1785 1418 qui
1829 1354 2145 1418 generare
2184 1332 2390 1399 facile

340 1443 473 1486 non
509 1422 738 1505 possit,
773 1425 1150 1507 postumum
1187 1421 1487 1486 heredem
1526 1419 1735 1486 faeere
1773 1424 2001 1507 possit,
2040 1426 2106 1487 εὴ
2144 1420 2389 1488 scribit

344 1507 610 1575 Cassius
657 1514 724 1575 εὴ
761 1510 1102 1585 Iavolenus
1148 1531 1368 1594 posse;
1414 1531 1565 1574 nam
1612 1514 1679 1575 εὴ
1722 1532 1991 1575 uxorem
2036 1510 2277 1576 ducere
2317 1515 2390 1575 et

342 1598 648 1682 adoptare
711 1603 959 1685 potest3
1025 1598 1378 1681 spadonem
1441 1618 1696 1682 quoque
1748 1620 1940 1683 posse
1997 1604 2386 1684 postumum

340 1688 638 1752 heredem
674 1648 959 1753 seribere²
981 1693 1047 1752 et
1077 1686 1289 1752 Labeo
1322 1689 1387 1751 et
1414 1684 1679 1752 Cassius
1709 1687 2021 1769 scribunt,
2059 1687 2385 1773 quoniam

343 1799 460 1842 nee
509 1781 687 1842 aetas
734 1798 852 1841 nec
901 1776 1210 1840 sterilitas
1257 1776 1317 1839 ei
1364 1775 1460 1840 rei
1504 1774 1966 1860 impedimento
2015 1781 2131 1842 est.

842 2047 847 2054 ,
927 1977 1024 2038 De
1064 1978 1365 2038 heredibus
1408 1979 1788 2037 instituendis.

519 2086 580 2151 2.
626 2084 704 2151 D.
733 2087 839 2169 28,
866 2086 926 2165 5,
960 2088 1059 2153 14.
1140 2086 1489 2151 Iavolenus
1535 2086 1704 2151 libro
1750 2085 1963 2171 primo
2010 2109 2091 2151 ex
2126 2085 2377 2153 Cassio.

348 2212 424 2223 —
467 2173 545 2241 Si
587 2177 728 2257 quis
769 2175 1011 2242 heredes
1053 2177 1146 2240 ita
1190 2176 1490 2240 instituit.-
1539 2173 1771 2239 Titius
1809 2194 1885 2238 ex
1916 2181 2106 2258 parte
2137 2177 2378 2258 prima,

346 2264 527 2331 Seius
570 2284 646 2328 eoe
681 2269 864 2347 parte
906 2266 1189 2341 secunda,
1236 2262 1527 2328 Maevius
1571 2283 1647 2328 ex
1675 2268 1864 2345 parte
1906 2266 2107 2344 tertia,
2157 2263 2378 2347 Sulpi-

340 2355 474 2418 eius
516 2372 590 2417 ex
622 2359 810 2436 parte
851 2359 1078 2437 quarta
1121 2352 1363 2416 heredes
1405 2350 1606 2416 sunto’
1617 2401 1636 2435 ,
1689 2371 1919 2432 aequae
1952 2357 2169 2434 partes
2212 2353 2378 2418 here-

342 2444 556 2518 ditatis
591 2444 676 2508 ad
709 2444 1019 2508 institutos
1043 2439 1453 2524 pertinebunt,
1495 2441 1646 2522 quia
1682 2444 1929 2504 testator
1963 2442 2379 2523 almelktione

339 2533 616 2598 numeris
651 2534 990 2616 ser2'19turae
1023 2531 1225 2612 maqis
1259 2530 1551 2607 ordinem,
1586 2548 1776 2611 quam
1802 2529 2055 2593 modum
2080 2531 2378 2612 partibus

337 2621 700 2704 imposuisse
740 2623 991 2686 videtur.

518 2711 576 2776 3.
626 2709 701 2774 D.
731 2711 838 2790 28,
866 2710 926 2793 5,
956 2709 1061 2775 64.
1142 2705 1486 2770 Iavolenus
1531 2704 1697 2770 libro
1743 2705 1958 2789 primo
2008 2727 2088 2770 ex
2126 2705 2377 2778 cussie.

339 2832 430 2843 —
465 2799 738 2863 Heredes
772 2799 905 2863 sine
927 2795 1218 2880 partibus
1253 2798 1466 2858 utrum
1503 2794 1872 2859 coniunctim
1908 2813 1997 2858 an
2030 2797 2376 2876 separatim

340 2886 708 2963 scribantur,
761 2885 872 2950 hoe
922 2887 1194 2962 interest,
1247 2883 1431 2964 quod,
1483 2883 1542 2948 si
1583 2881 1723 2964 quis
1765 2901 1841 2946 ex
1884 2884 2230 2950 coniunctis
2275 2885 2372 2949 de-

341 2973 532 3054 cessit,
577 2993 704 3036 non
749 2975 836 3038 ad
877 2992 1100 3050 omnes,
1143 2970 1250 3035 sed
1289 2970 1378 3033 ad
1408 2971 1672 3054 reliquos
1704 2971 1814 3051 qui
1846 2972 2161 3037 coniuncti
2195 2977 2378 3037 erant

326 3061 627 3140 pertinen
691 3062 794 3124 sin
847 3067 1052 3126 autem
1099 3079 1175 3124 ex
1227 3060 1557 3142 separatis,
1608 3059 1708 3123 ad'
1744 3078 1976 3137 omnes,
2030 3061 2143 3142 qui
2198 3066 2374 3130 testa·

339 3153 538 3212 mento
583 3149 784 3211 eodem
828 3151 1041 3231 scripti
1084 3150 1236 3213 sunt
1276 3145 1541 3228 heredes,
1573 3148 1780 3229 portio
1824 3148 1957 3212 eius
1988 3150 2283 3229 pertinet.

520 3236 577 3299 4.
634 3233 713 3297 D.
741 3236 847 3319 28,
875 3238 936 3318 2,
964 3239 1023 3302 5.
1115 3233 1460 3298 Iavolenus
1515 3197 1681 3299 l’ibro
1735 3234 1946 3317 primo
1994 3258 2073 3299 ex
2122 3235 2373 3306 CassiO.

346 3355 423 3368 --
474 3323 722 3404 ideoque
765 3325 874 3403 ριιι·
911 3329 1270 3406 postumum
1316 3319 1588 3385 heredem
1621 3323 1895 3385 instituit
1926 3323 1985 3387 si
2015 3328 2156 3404 post
2192 3330 2369 3390 testa-

342 3415 613 3474 mentum
655 3409 894 3489 factum
928 3409 1197 3475 mutavit
1228 3408 1716 3490 matrimonium,
1758 3409 1817 3472 is
1850 3410 2175 3476 institutus
2209 3413 2370 3477 vide-

341 3500 462 3576 tur,
506 3498 616 3579 qui
658 3516 733 3560 ex
766 3499 1101 3578 posteriore
1143 3494 1539 3559 matrimonio
1581 3499 1768 3560 natus
1810 3501 1913 3560 est.
