<?xml version="1.0" encoding="UTF-8"?>
<!DOCTYPE html PUBLIC "-//W3C//DTD XHTML 1.0 Transitional//EN"
    "http://www.w3.org/TR/xhtml1/DTD/xhtml1-transitional.dtd">
<html xmlns="http://www.w3.org/1999/xhtml" xml:lang="en" lang="en">
 <head>
  <title>
</title>
<meta http-equiv="Content-Type" content="text/html;charset=utf-8" />
  <meta name='ocr-system' content='tesseract 3.04.00' />
  <meta name='ocr-capabilities' content='ocr_page ocr_carea ocr_par ocr_line ocrx_word'/>
</head>
<body>
  <div class='ocr_page' id='page_1' title='image "./iurisprudentiae00unkngoog_0648.png"; bbox 0 0 2575 3900; ppageno 0'>
   <div class='ocr_carea' id='block_1_1' title="bbox 398 239 1689 304">
    <p class='ocr_par' dir='ltr' id='par_1_1' title="bbox 398 239 1689 304">
     <span class='ocr_line' id='line_1_1' title="bbox 398 239 1689 304; baseline 0.004 -13"><span class='ocrx_word' id='word_1_1' title='bbox 398 241 532 304; x_wconf 84' lang='lat'>590</span> <span class='ocrx_word' id='word_1_2' title='bbox 1133 239 1689 296; x_wconf 75' lang='lat' dir='ltr'>ADDITAMENTA.</span> 
     </span>
    </p>
   </div>
   <div class='ocr_carea' id='block_1_2' title="bbox 409 403 2451 578">
    <p class='ocr_par' dir='ltr' id='par_1_2' title="bbox 409 403 2451 578">
     <span class='ocr_line' id='line_1_2' title="bbox 580 403 2451 490; baseline 0 -20"><span class='ocrx_word' id='word_1_3' title='bbox 580 405 639 470; x_wconf 86' lang='lat'>3.</span> <span class='ocrx_word' id='word_1_4' title='bbox 687 403 766 469; x_wconf 88' lang='lat' dir='ltr'>D.</span> <span class='ocrx_word' id='word_1_5' title='bbox 811 404 963 470; x_wconf 89' lang='lat' dir='ltr'><strong>ibid.</strong></span> <span class='ocrx_word' id='word_1_6' title='bbox 1011 407 1050 486; x_wconf 65' lang='grc' dir='ltr'><strong>ἓ</strong></span> <span class='ocrx_word' id='word_1_7' title='bbox 1091 406 1152 470; x_wconf 82' lang='lat'>7.</span> <span class='ocrx_word' id='word_1_8' title='bbox 1192 440 1269 452; x_wconf 92' lang='lat'>—</span> <span class='ocrx_word' id='word_1_9' title='bbox 1321 453 1339 470; x_wconf 91' lang='lat'>.</span> <span class='ocrx_word' id='word_1_10' title='bbox 1367 453 1381 469; x_wconf 93' lang='lat'>.</span> <span class='ocrx_word' id='word_1_11' title='bbox 1412 455 1426 469; x_wconf 96' lang='lat'>.</span> <span class='ocrx_word' id='word_1_12' title='bbox 1474 405 1665 488; x_wconf 88' lang='lat' dir='ltr'>quale</span> <span class='ocrx_word' id='word_1_13' title='bbox 1710 409 1829 487; x_wconf 90' lang='lat' dir='ltr'>est,</span> <span class='ocrx_word' id='word_1_14' title='bbox 1872 403 2043 489; x_wconf 91' lang='lat' dir='ltr'>quod</span> <span class='ocrx_word' id='word_1_15' title='bbox 2091 405 2293 490; x_wconf 82' lang='lat' dir='ltr'>vulgo</span> <span class='ocrx_word' id='word_1_16' title='bbox 2352 407 2451 470; x_wconf 89' lang='lat' dir='ltr'>di-</span> 
     </span>
     <span class='ocr_line' id='line_1_3' title="bbox 409 493 1947 578; baseline -0.001 -19"><span class='ocrx_word' id='word_1_17' title='bbox 409 496 682 576; x_wconf 89' lang='lat' dir='ltr'>ceretur,</span> <span class='ocrx_word' id='word_1_18' title='bbox 727 493 1088 578; x_wconf 81' lang='lat' dir='ltr'>legatorum</span> <span class='ocrx_word' id='word_1_19' title='bbox 1133 493 1457 558; x_wconf 85' lang='lat' dir='ltr'>rationem</span> <span class='ocrx_word' id='word_1_20' title='bbox 1503 493 1947 578; x_wconf 78' lang='lat' dir='ltr'><strong>separandam.</strong></span> 
     </span>
    </p>
   </div>
   <div class='ocr_carea' id='block_1_3' title="bbox 1075 651 1762 719">
    <p class='ocr_par' dir='ltr' id='par_1_3' title="bbox 1075 651 1762 719">
     <span class='ocr_line' id='line_1_4' title="bbox 1075 651 1762 719; baseline 0 -1"><span class='ocrx_word' id='word_1_21' title='bbox 1075 651 1175 718; x_wconf 89' lang='lat' dir='ltr'>De</span> <span class='ocrx_word' id='word_1_22' title='bbox 1220 653 1490 719; x_wconf 63' lang='lat' dir='ltr'>lebertate</span> <span class='ocrx_word' id='word_1_23' title='bbox 1532 652 1762 718; x_wconf 77' lang='lat' dir='ltr'>relicta.</span> 
     </span>
    </p>
   </div>
   <div class='ocr_carea' id='block_1_4' title="bbox 573 765 2441 854">
    <p class='ocr_par' dir='ltr' id='par_1_4' title="bbox 573 765 2441 854">
     <span class='ocr_line' id='line_1_5' title="bbox 573 765 2441 854; baseline 0.001 -22"><span class='ocrx_word' id='word_1_24' title='bbox 573 768 636 832; x_wconf 98' lang='lat'>4.</span> <span class='ocrx_word' id='word_1_25' title='bbox 699 765 778 832; x_wconf 93' lang='lat' dir='ltr'>D.</span> <span class='ocrx_word' id='word_1_26' title='bbox 843 769 950 848; x_wconf 90' lang='grc'>40,</span> <span class='ocrx_word' id='word_1_27' title='bbox 1012 769 1073 848; x_wconf 86' lang='grc'>4,</span> <span class='ocrx_word' id='word_1_28' title='bbox 1136 768 1242 833; x_wconf 84' lang='grc'>45.</span> <span class='ocrx_word' id='word_1_29' title='bbox 1341 767 1512 833; x_wconf 91' lang='lat' dir='ltr'>Item</span> <span class='ocrx_word' id='word_1_30' title='bbox 1576 767 1692 849; x_wconf 90' lang='lat' dir='ltr'>(sc.</span> <span class='ocrx_word' id='word_1_31' title='bbox 1757 765 2193 854; x_wconf 76' lang='lat' dir='ltr'>Modestinus)</span> <span class='ocrx_word' id='word_1_32' title='bbox 2260 768 2441 833; x_wconf 88' lang='lat' dir='ltr'>libro</span> 
     </span>
    </p>
   </div>
   <div class='ocr_carea' id='block_1_5' title="bbox 397 817 2443 1117">
    <p class='ocr_par' dir='ltr' id='par_1_5' title="bbox 397 817 2443 1117">
     <span class='ocr_line' id='line_1_6' title="bbox 397 817 2443 942; baseline 0 -22"><span class='ocrx_word' id='word_1_33' title='bbox 397 856 440 938; x_wconf 90' lang='lat'>&lt;</span> <span class='ocrx_word' id='word_1_34' title='bbox 676 856 721 942; x_wconf 87' lang='lat'>&gt;</span> <span class='ocrx_word' id='word_1_35' title='bbox 766 817 1255 922; x_wconf 87' lang='lat' dir='ltr'>Pandectarum.</span> <span class='ocrx_word' id='word_1_36' title='bbox 1301 893 1389 903; x_wconf 97' lang='lat'>—</span> <span class='ocrx_word' id='word_1_37' title='bbox 1436 907 1449 921; x_wconf 99' lang='lat'>.</span> <span class='ocrx_word' id='word_1_38' title='bbox 1480 907 1493 920; x_wconf 94' lang='lat'>.</span> <span class='ocrx_word' id='word_1_39' title='bbox 1540 857 1734 941; x_wconf 82' lang='lat' dir='ltr'>volgo</span> <span class='ocrx_word' id='word_1_40' title='bbox 1782 854 2017 921; x_wconf 87' lang='lat' dir='ltr'>dicitur</span> <span class='ocrx_word' id='word_1_41' title='bbox 2066 856 2185 921; x_wconf 90' lang='lat' dir='ltr'>sub</span> <span class='ocrx_word' id='word_1_42' title='bbox 2236 857 2443 940; x_wconf 88' lang='lat' dir='ltr'>pluri-</span> 
     </span>
     <span class='ocr_line' id='line_1_7' title="bbox 399 943 2436 1010; baseline 0 0"><span class='ocrx_word' id='word_1_43' title='bbox 399 945 522 1010; x_wconf 88' lang='lat' dir='ltr'>bus</span> <span class='ocrx_word' id='word_1_44' title='bbox 551 943 1035 1010; x_wconf 79' lang='lat' dir='ltr'>condicionibus</span> <span class='ocrx_word' id='word_1_45' title='bbox 1056 946 1210 1010; x_wconf 84' lang='lat' dir='ltr'>data</span> <span class='ocrx_word' id='word_1_46' title='bbox 1229 946 1527 1010; x_wconf 85' lang='lat' dir='ltr'>libertate</span> <span class='ocrx_word' id='word_1_47' title='bbox 1555 945 1954 1009; x_wconf 82' lang='lat' dir='ltr'>levissimam</span> <span class='ocrx_word' id='word_1_48' title='bbox 1982 943 2436 1010; x_wconf 86' lang='lat' dir='ltr'>condicionem</span> 
     </span>
     <span class='ocr_line' id='line_1_8' title="bbox 403 1033 1024 1117; baseline 0.002 -19"><span class='ocrx_word' id='word_1_49' title='bbox 403 1033 818 1117; x_wconf 76' lang='lat' dir='ltr'><strong>spectandam</strong></span> <span class='ocrx_word' id='word_1_50' title='bbox 866 1056 1024 1100; x_wconf 89' lang='lat' dir='ltr'>esse.</span> 
     </span>
    </p>
   </div>
   <div class='ocr_carea' id='block_1_6' title="bbox 1074 1131 1746 1198">
    <p class='ocr_par' dir='ltr' id='par_1_6' title="bbox 1074 1131 1746 1198">
     <span class='ocr_line' id='line_1_9' title="bbox 1074 1131 1746 1198; baseline 0 -2"><span class='ocrx_word' id='word_1_51' title='bbox 1074 1131 1174 1196; x_wconf 91' lang='lat' dir='ltr'>De</span> <span class='ocrx_word' id='word_1_52' title='bbox 1219 1131 1461 1196; x_wconf 68' lang='lat' dir='ltr'>liberali</span> <span class='ocrx_word' id='word_1_53' title='bbox 1504 1131 1746 1198; x_wconf 76' lang='lat' dir='ltr'>iudicio.</span> 
     </span>
    </p>
   </div>
   <div class='ocr_carea' id='block_1_7' title="bbox 393 1244 2431 1596">
    <p class='ocr_par' dir='ltr' id='par_1_7' title="bbox 393 1244 2431 1596">
     <span class='ocr_line' id='line_1_10' title="bbox 574 1244 2431 1330; baseline -0.001 -20"><span class='ocrx_word' id='word_1_54' title='bbox 574 1245 631 1311; x_wconf 87' lang='lat'>5.</span> <span class='ocrx_word' id='word_1_55' title='bbox 679 1245 757 1310; x_wconf 93' lang='lat' dir='ltr'>D.</span> <span class='ocrx_word' id='word_1_56' title='bbox 802 1247 909 1329; x_wconf 87' lang='lat'>40,</span> <span class='ocrx_word' id='word_1_57' title='bbox 960 1248 1059 1330; x_wconf 83' lang='lat'>12,</span> <span class='ocrx_word' id='word_1_58' title='bbox 1105 1247 1209 1330; x_wconf 86' lang='grc'>25,</span> <span class='ocrx_word' id='word_1_59' title='bbox 1255 1248 1313 1312; x_wconf 86' lang='grc'>2.</span> <span class='ocrx_word' id='word_1_60' title='bbox 1407 1244 1605 1311; x_wconf 88' lang='lat' dir='ltr'>Gaius</span> <span class='ocrx_word' id='word_1_61' title='bbox 1658 1245 1738 1310; x_wconf 89' lang='lat' dir='ltr'>ad</span> <span class='ocrx_word' id='word_1_62' title='bbox 1784 1245 2065 1310; x_wconf 90' lang='lat' dir='ltr'>edictum</span> <span class='ocrx_word' id='word_1_63' title='bbox 2103 1247 2431 1330; x_wconf 85' lang='lat' dir='ltr'>praetoris</span> 
     </span>
     <span class='ocr_line' id='line_1_11' title="bbox 393 1333 2429 1421; baseline -0 -23"><span class='ocrx_word' id='word_1_64' title='bbox 393 1334 643 1398; x_wconf 89' lang='lat' dir='ltr'>urbani.</span> <span class='ocrx_word' id='word_1_65' title='bbox 686 1369 763 1380; x_wconf 91' lang='lat'><strong>—</strong></span> <span class='ocrx_word' id='word_1_66' title='bbox 797 1333 979 1399; x_wconf 87' lang='lat' dir='ltr'>Licet</span> <span class='ocrx_word' id='word_1_67' title='bbox 1022 1337 1218 1421; x_wconf 85' lang='lat' dir='ltr'>vulgo</span> <span class='ocrx_word' id='word_1_68' title='bbox 1267 1335 1517 1401; x_wconf 88' lang='lat' dir='ltr'>dicatur</span> <span class='ocrx_word' id='word_1_69' title='bbox 1560 1339 1711 1418; x_wconf 90' lang='lat' dir='ltr'>post</span> <span class='ocrx_word' id='word_1_70' title='bbox 1747 1334 2118 1399; x_wconf 89' lang='lat' dir='ltr'>ordinatum</span> <span class='ocrx_word' id='word_1_71' title='bbox 2155 1334 2429 1398; x_wconf 84' lang='lat' dir='ltr'>liberale</span> 
     </span>
     <span class='ocr_line' id='line_1_12' title="bbox 397 1423 2429 1505; baseline -0 -18"><span class='ocrx_word' id='word_1_72' title='bbox 397 1423 702 1487; x_wconf 90' lang='lat' dir='ltr'>iudicium</span> <span class='ocrx_word' id='word_1_73' title='bbox 755 1423 1112 1505; x_wconf 90' lang='lat' dir='ltr'>hominem,</span> <span class='ocrx_word' id='word_1_74' title='bbox 1167 1424 1348 1489; x_wconf 88' lang='lat' dir='ltr'>cuius</span> <span class='ocrx_word' id='word_1_75' title='bbox 1418 1423 1495 1488; x_wconf 89' lang='lat' dir='ltr'>de</span> <span class='ocrx_word' id='word_1_76' title='bbox 1550 1426 1727 1487; x_wconf 89' lang='lat' dir='ltr'>statu</span> <span class='ocrx_word' id='word_1_77' title='bbox 1796 1423 2244 1488; x_wconf 84' lang='lat' dir='ltr'>controversia</span> <span class='ocrx_word' id='word_1_78' title='bbox 2314 1426 2429 1505; x_wconf 90' lang='lat' dir='ltr'>est,</span> 
     </span>
     <span class='ocr_line' id='line_1_13' title="bbox 404 1511 1555 1596; baseline 0 -20"><span class='ocrx_word' id='word_1_79' title='bbox 404 1511 592 1576; x_wconf 89' lang='lat' dir='ltr'>liberi</span> <span class='ocrx_word' id='word_1_80' title='bbox 639 1512 780 1577; x_wconf 89' lang='lat' dir='ltr'>loco</span> <span class='ocrx_word' id='word_1_81' title='bbox 828 1533 988 1596; x_wconf 89' lang='lat' dir='ltr'>esse,</span> <span class='ocrx_word' id='word_1_82' title='bbox 1023 1515 1241 1577; x_wconf 88' lang='lat' dir='ltr'>tamen</span> <span class='ocrx_word' id='word_1_83' title='bbox 1289 1516 1356 1577; x_wconf 89' lang='lat' dir='ltr'>et</span> <span class='ocrx_word' id='word_1_84' title='bbox 1400 1534 1459 1596; x_wconf 91' lang='lat' dir='ltr'>q.</span> <span class='ocrx_word' id='word_1_85' title='bbox 1505 1534 1555 1576; x_wconf 91' lang='lat' dir='ltr'>s.</span> 
     </span>
    </p>
   </div>
   <div class='ocr_carea' id='block_1_8' title="bbox 985 1631 1824 1754">
    <p class='ocr_par' dir='ltr' id='par_1_8' title="bbox 985 1631 1824 1754">
     <span class='ocr_line' id='line_1_14' title="bbox 985 1631 1824 1754; baseline -0.001 -18"><span class='ocrx_word' id='word_1_86' title='bbox 985 1631 1089 1736; x_wconf 71' lang='lat' dir='ltr'>De</span> <span class='ocrx_word' id='word_1_87' title='bbox 1133 1673 1431 1754; x_wconf 78' lang='lat' dir='ltr'>emptione</span> <span class='ocrx_word' id='word_1_88' title='bbox 1472 1672 1824 1737; x_wconf 74' lang='lat' dir='ltr'>venditione.</span> 
     </span>
    </p>
   </div>
   <div class='ocr_carea' id='block_1_9' title="bbox 391 1786 2421 2118">
    <p class='ocr_par' dir='ltr' id='par_1_9' title="bbox 391 1786 2415 2118">
     <span class='ocr_line' id='line_1_15' title="bbox 571 1786 2415 1872; baseline -0.001 -20"><span class='ocrx_word' id='word_1_89' title='bbox 571 1788 630 1853; x_wconf 88' lang='lat'>6.</span> <span class='ocrx_word' id='word_1_90' title='bbox 675 1786 814 1852; x_wconf 88' lang='lat' dir='ltr'>Gai.</span> <span class='ocrx_word' id='word_1_91' title='bbox 870 1788 930 1869; x_wconf 86' lang='lat'>3,</span> <span class='ocrx_word' id='word_1_92' title='bbox 988 1787 1131 1851; x_wconf 89' lang='grc'><strong>141.</strong></span> <span class='ocrx_word' id='word_1_93' title='bbox 1312 1835 1327 1851; x_wconf 92' lang='grc'><strong>.</strong></span> <span class='ocrx_word' id='word_1_94' title='bbox 1358 1838 1371 1851; x_wconf 95' lang='grc'><strong>.</strong></span> <span class='ocrx_word' id='word_1_95' title='bbox 1402 1835 1417 1851; x_wconf 92' lang='grc'><strong>.</strong></span> <span class='ocrx_word' id='word_1_96' title='bbox 1463 1787 1657 1872; x_wconf 83' lang='lat' dir='ltr'>vulgo</span> <span class='ocrx_word' id='word_1_97' title='bbox 1709 1790 1943 1871; x_wconf 87' lang='lat' dir='ltr'>putant</span> <span class='ocrx_word' id='word_1_98' title='bbox 1997 1809 2113 1870; x_wconf 89' lang='lat' dir='ltr'>per</span> <span class='ocrx_word' id='word_1_99' title='bbox 2167 1808 2415 1871; x_wconf 86' lang='lat' dir='ltr'>permu-</span> 
     </span>
     <span class='ocr_line' id='line_1_16' title="bbox 391 1863 2421 1958; baseline 0 -19"><span class='ocrx_word' id='word_1_100' title='bbox 391 1875 708 1940; x_wconf 84' lang='lat' dir='ltr'>tationem</span> <span class='ocrx_word' id='word_1_101' title='bbox 763 1897 978 1940; x_wconf 89' lang='lat' dir='ltr'>rerum</span> <span class='ocrx_word' id='word_1_102' title='bbox 1043 1863 1437 1958; x_wconf 74' lang='lat' dir='ltr'>emptionem</span> <span class='ocrx_word' id='word_1_103' title='bbox 1492 1881 1559 1940; x_wconf 84' lang='lat' dir='ltr'>et</span> <span class='ocrx_word' id='word_1_104' title='bbox 1612 1876 2048 1941; x_wconf 84' lang='lat' dir='ltr'>venditionem</span> <span class='ocrx_word' id='word_1_105' title='bbox 2107 1875 2421 1957; x_wconf 87' lang='lat' dir='ltr'>contrahi,</span> 
     </span>
     <span class='ocr_line' id='line_1_17' title="bbox 393 1964 2419 2051; baseline -0.001 -22"><span class='ocrx_word' id='word_1_106' title='bbox 393 1986 657 2048; x_wconf 91' lang='lat' dir='ltr'>eamque</span> <span class='ocrx_word' id='word_1_107' title='bbox 723 1966 1001 2050; x_wconf 89' lang='lat' dir='ltr'>speciem</span> <span class='ocrx_word' id='word_1_108' title='bbox 1065 1964 1411 2050; x_wconf 73' lang='lat' dir='ltr'>emptionis</span> <span class='ocrx_word' id='word_1_109' title='bbox 1474 1965 1990 2051; x_wconf 85' lang='lat' dir='ltr'>venditionisque</span> <span class='ocrx_word' id='word_1_110' title='bbox 2054 1965 2419 2030; x_wconf 83' lang='lat' dir='ltr'>vetustissi-</span> 
     </span>
     <span class='ocr_line' id='line_1_18' title="bbox 393 2075 770 2118; baseline 0 -1"><span class='ocrx_word' id='word_1_111' title='bbox 393 2076 566 2118; x_wconf 90' lang='lat' dir='ltr'>mam</span> <span class='ocrx_word' id='word_1_112' title='bbox 614 2075 770 2118; x_wconf 88' lang='lat' dir='ltr'>esse.</span> 
     </span>
    </p>
   </div>
   <div class='ocr_carea' id='block_1_10' title="bbox 396 2136 2423 2313">
    <p class='ocr_par' dir='ltr' id='par_1_10' title="bbox 396 2136 2423 2313">
     <span class='ocr_line' id='line_1_19' title="bbox 571 2136 2423 2226; baseline -0.001 -20"><span class='ocrx_word' id='word_1_113' title='bbox 571 2149 643 2206; x_wconf 85' lang='lat' dir='ltr'>cf.</span> <span class='ocrx_word' id='word_1_114' title='bbox 690 2148 739 2206; x_wconf 93' lang='lat' dir='ltr'>I.</span> <span class='ocrx_word' id='word_1_115' title='bbox 787 2149 844 2225; x_wconf 88' lang='lat'>3,</span> <span class='ocrx_word' id='word_1_116' title='bbox 894 2150 994 2223; x_wconf 85' lang='lat'>23,</span> <span class='ocrx_word' id='word_1_117' title='bbox 1045 2150 1101 2205; x_wconf 84' lang='lat'>2.</span> <span class='ocrx_word' id='word_1_118' title='bbox 1175 2142 1194 2171; x_wconf 64' lang='lat'><em>³</em></span> <span class='ocrx_word' id='word_1_119' title='bbox 1227 2194 1240 2207; x_wconf 94' lang='lat'>.</span> <span class='ocrx_word' id='word_1_120' title='bbox 1270 2191 1285 2207; x_wconf 92' lang='lat'>.</span> <span class='ocrx_word' id='word_1_121' title='bbox 1316 2192 1329 2207; x_wconf 94' lang='lat'>.</span> <span class='ocrx_word' id='word_1_122' title='bbox 1376 2147 1529 2207; x_wconf 89' lang='lat' dir='ltr'>illud</span> <span class='ocrx_word' id='word_1_123' title='bbox 1572 2190 1589 2207; x_wconf 90' lang='lat'>.</span> <span class='ocrx_word' id='word_1_124' title='bbox 1620 2193 1633 2207; x_wconf 95' lang='lat'>.</span> <span class='ocrx_word' id='word_1_125' title='bbox 1680 2147 1840 2226; x_wconf 91' lang='lat' dir='ltr'>quod</span> <span class='ocrx_word' id='word_1_126' title='bbox 1884 2148 2065 2225; x_wconf 74' lang='lat' dir='ltr'>vulgo</span> <span class='ocrx_word' id='word_1_127' title='bbox 2114 2136 2423 2207; x_wconf 76' lang='lat' dir='ltr'>dicebatur</span> 
     </span>
     <span class='ocr_line' id='line_1_20' title="bbox 396 2230 1816 2313; baseline 0 -18"><span class='ocrx_word' id='word_1_128' title='bbox 396 2255 505 2312; x_wconf 90' lang='lat' dir='ltr'>per</span> <span class='ocrx_word' id='word_1_129' title='bbox 551 2230 1075 2311; x_wconf 86' lang='lat' dir='ltr'>permutationem&#39;</span> <span class='ocrx_word' id='word_1_130' title='bbox 1124 2240 1186 2295; x_wconf 89' lang='lat' dir='ltr'>et</span> <span class='ocrx_word' id='word_1_131' title='bbox 1221 2236 1453 2313; x_wconf 90' lang='lat' dir='ltr'>reliqua</span> <span class='ocrx_word' id='word_1_132' title='bbox 1497 2240 1568 2295; x_wconf 91' lang='lat' dir='ltr'>ut</span> <span class='ocrx_word' id='word_1_133' title='bbox 1618 2255 1816 2313; x_wconf 88' lang='lat' dir='ltr'>supra.</span> 
     </span>
    </p>
   </div>
   <div class='ocr_carea' id='block_1_11' title="bbox 1119 2388 1695 2456">
    <p class='ocr_par' dir='ltr' id='par_1_11' title="bbox 1119 2388 1695 2456">
     <span class='ocr_line' id='line_1_21' title="bbox 1119 2388 1695 2456; baseline 0.002 -1"><span class='ocrx_word' id='word_1_134' title='bbox 1119 2388 1221 2455; x_wconf 88' lang='lat' dir='ltr'>De</span> <span class='ocrx_word' id='word_1_135' title='bbox 1264 2393 1400 2455; x_wconf 80' lang='lat' dir='ltr'>iure</span> <span class='ocrx_word' id='word_1_136' title='bbox 1443 2392 1695 2456; x_wconf 79' lang='lat' dir='ltr'>dotium.</span> 
     </span>
    </p>
   </div>
   <div class='ocr_carea' id='block_1_12' title="bbox 390 2504 2423 2945">
    <p class='ocr_par' dir='ltr' id='par_1_12' title="bbox 390 2504 2423 2945">
     <span class='ocr_line' id='line_1_22' title="bbox 575 2504 2423 2590; baseline -0.001 -20"><span class='ocrx_word' id='word_1_137' title='bbox 575 2507 630 2570; x_wconf 85' lang='lat'>7.</span> <span class='ocrx_word' id='word_1_138' title='bbox 676 2505 754 2571; x_wconf 94' lang='lat' dir='ltr'>D.</span> <span class='ocrx_word' id='word_1_139' title='bbox 802 2508 908 2590; x_wconf 83' lang='lat'>23,</span> <span class='ocrx_word' id='word_1_140' title='bbox 954 2509 1012 2589; x_wconf 86' lang='lat'>3,</span> <span class='ocrx_word' id='word_1_141' title='bbox 1061 2507 1161 2572; x_wconf 88' lang='grc'>68.</span> <span class='ocrx_word' id='word_1_142' title='bbox 1255 2506 1653 2590; x_wconf 78' lang='lat' dir='ltr'>Papinianus</span> <span class='ocrx_word' id='word_1_143' title='bbox 1700 2505 1867 2572; x_wconf 89' lang='lat' dir='ltr'>libro</span> <span class='ocrx_word' id='word_1_144' title='bbox 1913 2504 2163 2570; x_wconf 89' lang='lat' dir='ltr'>decimo</span> <span class='ocrx_word' id='word_1_145' title='bbox 2215 2505 2423 2582; x_wconf 81' lang='lat' dir='ltr'>Quae-</span> 
     </span>
     <span class='ocr_line' id='line_1_23' title="bbox 394 2594 2421 2680; baseline -0.001 -21"><span class='ocrx_word' id='word_1_146' title='bbox 394 2596 695 2661; x_wconf 88' lang='lat' dir='ltr'>stionum.</span> <span class='ocrx_word' id='word_1_147' title='bbox 755 2631 830 2641; x_wconf 91' lang='lat'>—</span> <span class='ocrx_word' id='word_1_148' title='bbox 893 2646 906 2661; x_wconf 96' lang='lat'>.</span> <span class='ocrx_word' id='word_1_149' title='bbox 944 2645 960 2660; x_wconf 94' lang='lat'>.</span> <span class='ocrx_word' id='word_1_150' title='bbox 1019 2595 1359 2680; x_wconf 84' lang='lat' dir='ltr'>vulgatum</span> <span class='ocrx_word' id='word_1_151' title='bbox 1408 2598 1507 2659; x_wconf 89' lang='lat' dir='ltr'>est</span> <span class='ocrx_word' id='word_1_152' title='bbox 1570 2596 1739 2659; x_wconf 89' lang='lat' dir='ltr'>dotis</span> <span class='ocrx_word' id='word_1_153' title='bbox 1793 2594 2300 2679; x_wconf 75' lang='lat' dir='ltr'>promissionem</span> <span class='ocrx_word' id='word_1_154' title='bbox 2355 2595 2421 2657; x_wconf 91' lang='lat' dir='ltr'>in</span> 
     </span>
     <span class='ocr_line' id='line_1_24' title="bbox 390 2681 2413 2769; baseline -0.001 -20"><span class='ocrx_word' id='word_1_155' title='bbox 390 2686 617 2769; x_wconf 88' lang='lat' dir='ltr'>primis</span> <span class='ocrx_word' id='word_1_156' title='bbox 674 2685 1007 2749; x_wconf 82' lang='lat' dir='ltr'>dumtaxat</span> <span class='ocrx_word' id='word_1_157' title='bbox 1054 2684 1300 2768; x_wconf 87' lang='lat' dir='ltr'>nuptiis</span> <span class='ocrx_word' id='word_1_158' title='bbox 1350 2684 1663 2749; x_wconf 79' lang='lat' dir='ltr'>destinari</span> <span class='ocrx_word' id='word_1_159' title='bbox 1710 2705 1930 2769; x_wconf 90' lang='lat' dir='ltr'>-neque</span> <span class='ocrx_word' id='word_1_160' title='bbox 1977 2681 2208 2747; x_wconf 87' lang='lat' dir='ltr'>durare</span> <span class='ocrx_word' id='word_1_161' title='bbox 2256 2682 2413 2747; x_wconf 90' lang='lat' dir='ltr'>obli-</span> 
     </span>
     <span class='ocr_line' id='line_1_25' title="bbox 393 2771 2415 2857; baseline -0.001 -20"><span class='ocrx_word' id='word_1_162' title='bbox 393 2774 740 2857; x_wconf 87' lang='lat' dir='ltr'>gationem,</span> <span class='ocrx_word' id='word_1_163' title='bbox 795 2772 849 2837; x_wconf 90' lang='lat' dir='ltr'>si</span> <span class='ocrx_word' id='word_1_164' title='bbox 908 2780 1060 2856; x_wconf 87' lang='lat' dir='ltr'>post</span> <span class='ocrx_word' id='word_1_165' title='bbox 1114 2774 1376 2837; x_wconf 85' lang='lat' dir='ltr'>alterius</span> <span class='ocrx_word' id='word_1_166' title='bbox 1425 2772 1908 2837; x_wconf 85' lang='lat' dir='ltr'>matrimonium</span> <span class='ocrx_word' id='word_1_167' title='bbox 1956 2772 2014 2836; x_wconf 91' lang='lat' dir='ltr'>ei</span> <span class='ocrx_word' id='word_1_168' title='bbox 2061 2771 2269 2835; x_wconf 89' lang='lat' dir='ltr'>nubat</span> <span class='ocrx_word' id='word_1_169' title='bbox 2314 2771 2415 2835; x_wconf 90' lang='lat' dir='ltr'>cui</span> 
     </span>
     <span class='ocr_line' id='line_1_26' title="bbox 396 2862 1064 2945; baseline 0.004 -21"><span class='ocrx_word' id='word_1_170' title='bbox 396 2863 611 2927; x_wconf 89' lang='lat' dir='ltr'>dotem</span> <span class='ocrx_word' id='word_1_171' title='bbox 657 2862 1064 2945; x_wconf 84' lang='lat' dir='ltr'>promiserat.</span> 
     </span>
    </p>
   </div>
   <div class='ocr_carea' id='block_1_13' title="bbox 396 2948 2414 3239">
    <p class='ocr_par' dir='ltr' id='par_1_13' title="bbox 396 2948 2414 3239">
     <span class='ocr_line' id='line_1_27' title="bbox 1224 2948 1585 3016; baseline 0.003 -2"><span class='ocrx_word' id='word_1_172' title='bbox 1224 2948 1326 3015; x_wconf 89' lang='lat' dir='ltr'>De</span> <span class='ocrx_word' id='word_1_173' title='bbox 1371 2951 1585 3016; x_wconf 78' lang='lat' dir='ltr'>tutelis.</span> 
     </span>
     <span class='ocr_line' id='line_1_28' title="bbox 575 3063 2413 3148; baseline -0.001 -19"><span class='ocrx_word' id='word_1_174' title='bbox 575 3065 632 3129; x_wconf 88' lang='grc'>8.</span> <span class='ocrx_word' id='word_1_175' title='bbox 682 3063 821 3129; x_wconf 88' lang='lat' dir='ltr'>Gai.</span> <span class='ocrx_word' id='word_1_176' title='bbox 863 3066 919 3143; x_wconf 89' lang='lat'>1,</span> <span class='ocrx_word' id='word_1_177' title='bbox 961 3066 1104 3129; x_wconf 88' lang='lat'>190.</span> <span class='ocrx_word' id='word_1_178' title='bbox 1150 3102 1225 3112; x_wconf 91' lang='lat'><em>-</em></span> <span class='ocrx_word' id='word_1_179' title='bbox 1268 3064 1566 3130; x_wconf 82' lang='lat' dir='ltr'>Feminae</span> <span class='ocrx_word' id='word_1_180' title='bbox 1605 3114 1621 3131; x_wconf 93' lang='lat'>.</span> <span class='ocrx_word' id='word_1_181' title='bbox 1651 3116 1664 3130; x_wconf 95' lang='lat'>.</span> <span class='ocrx_word' id='word_1_182' title='bbox 1706 3064 2026 3148; x_wconf 87' lang='lat' dir='ltr'>perfectae</span> <span class='ocrx_word' id='word_1_183' title='bbox 2076 3065 2311 3130; x_wconf 88' lang='lat' dir='ltr'>aetatis</span> <span class='ocrx_word' id='word_1_184' title='bbox 2349 3064 2413 3128; x_wconf 89' lang='lat' dir='ltr'>in</span> 
     </span>
     <span class='ocr_line' id='line_1_29' title="bbox 396 3152 2414 3239; baseline -0 -22"><span class='ocrx_word' id='word_1_185' title='bbox 396 3153 604 3217; x_wconf 87' lang='lat' dir='ltr'>tutela</span> <span class='ocrx_word' id='word_1_186' title='bbox 651 3175 788 3217; x_wconf 86' lang='lat' dir='ltr'>esse</span> <span class='ocrx_word' id='word_1_187' title='bbox 837 3204 850 3217; x_wconf 94' lang='lat'>.</span> <span class='ocrx_word' id='word_1_188' title='bbox 881 3203 936 3218; x_wconf 94' lang='lat'>..</span> <span class='ocrx_word' id='word_1_189' title='bbox 984 3154 1152 3218; x_wconf 85' lang='lat' dir='ltr'>ratio</span> <span class='ocrx_word' id='word_1_190' title='bbox 1203 3155 1481 3219; x_wconf 84' lang='lat' dir='ltr'>suasisse</span> <span class='ocrx_word' id='word_1_191' title='bbox 1526 3154 1797 3222; x_wconf 85' lang='lat' dir='ltr'>videtur.</span> <span class='ocrx_word' id='word_1_192' title='bbox 1854 3154 2051 3239; x_wconf 78' lang='lat' dir='ltr'>vulgo</span> <span class='ocrx_word' id='word_1_193' title='bbox 2113 3152 2414 3235; x_wconf 87' lang='lat' dir='ltr'>creditur,</span> 
     </span>
    </p>
   </div>
   <div class='ocr_carea' id='block_1_14' title="bbox 395 3242 2414 3661">
    <p class='ocr_par' dir='ltr' id='par_1_14' title="bbox 396 3242 2414 3417">
     <span class='ocr_line' id='line_1_30' title="bbox 398 3242 2414 3327; baseline 0 -22"><span class='ocrx_word' id='word_1_194' title='bbox 398 3242 548 3325; x_wconf 93' lang='lat' dir='ltr'>quia</span> <span class='ocrx_word' id='word_1_195' title='bbox 594 3242 857 3306; x_wconf 84' lang='lat' dir='ltr'>levitate</span> <span class='ocrx_word' id='word_1_196' title='bbox 906 3244 1104 3306; x_wconf 88' lang='lat' dir='ltr'>animi</span> <span class='ocrx_word' id='word_1_197' title='bbox 1152 3244 1525 3327; x_wconf 89' lang='lat' dir='ltr'>plerumque</span> <span class='ocrx_word' id='word_1_198' title='bbox 1572 3242 1973 3327; x_wconf 86' lang='lat' dir='ltr'>decipiuntur</span> <span class='ocrx_word' id='word_1_199' title='bbox 2024 3245 2090 3306; x_wconf 90' lang='lat' dir='ltr'>et</span> <span class='ocrx_word' id='word_1_200' title='bbox 2138 3264 2414 3326; x_wconf 90' lang='lat' dir='ltr'>aequum</span> 
     </span>
     <span class='ocr_line' id='line_1_31' title="bbox 396 3332 1665 3417; baseline 0.001 -22"><span class='ocrx_word' id='word_1_201' title='bbox 396 3334 539 3395; x_wconf 85' lang='lat' dir='ltr'>erat</span> <span class='ocrx_word' id='word_1_202' title='bbox 584 3352 691 3395; x_wconf 86' lang='lat' dir='ltr'>eas</span> <span class='ocrx_word' id='word_1_203' title='bbox 739 3334 1027 3395; x_wconf 86' lang='lat' dir='ltr'>tutorum</span> <span class='ocrx_word' id='word_1_204' title='bbox 1077 3332 1460 3396; x_wconf 85' lang='lat' dir='ltr'>auctoritate</span> <span class='ocrx_word' id='word_1_205' title='bbox 1506 3333 1665 3417; x_wconf 86' lang='lat' dir='ltr'>regi.</span> 
     </span>
    </p>

    <p class='ocr_par' dir='ltr' id='par_1_15' title="bbox 395 3418 2414 3661">
     <span class='ocr_line' id='line_1_32' title="bbox 570 3418 2414 3505; baseline 0.001 -22"><span class='ocrx_word' id='word_1_206' title='bbox 570 3419 628 3484; x_wconf 88' lang='lat'>9.</span> <span class='ocrx_word' id='word_1_207' title='bbox 704 3418 783 3485; x_wconf 95' lang='lat' dir='ltr'>D.</span> <span class='ocrx_word' id='word_1_208' title='bbox 853 3420 959 3502; x_wconf 89' lang='grc'>26,</span> <span class='ocrx_word' id='word_1_209' title='bbox 1031 3420 1091 3498; x_wconf 89' lang='grc'>9,</span> <span class='ocrx_word' id='word_1_210' title='bbox 1165 3421 1222 3486; x_wconf 91' lang='grc'>3.</span> <span class='ocrx_word' id='word_1_211' title='bbox 1341 3419 1735 3505; x_wconf 87' lang='lat' dir='ltr'>Papinianus</span> <span class='ocrx_word' id='word_1_212' title='bbox 1813 3419 1986 3485; x_wconf 86' lang='lat' dir='ltr'>libro</span> <span class='ocrx_word' id='word_1_213' title='bbox 2060 3418 2414 3486; x_wconf 85' lang='lat' dir='ltr'>vicensimo</span> 
     </span>
     <span class='ocr_line' id='line_1_33' title="bbox 395 3508 2414 3594; baseline -0.001 -19"><span class='ocrx_word' id='word_1_214' title='bbox 395 3508 877 3585; x_wconf 82' lang='lat' dir='ltr'>Quaestionum.</span> <span class='ocrx_word' id='word_1_215' title='bbox 912 3544 986 3554; x_wconf 89' lang='lat'>-</span> <span class='ocrx_word' id='word_1_216' title='bbox 1023 3556 1037 3571; x_wconf 94' lang='lat'>.</span> <span class='ocrx_word' id='word_1_217' title='bbox 1058 3560 1071 3571; x_wconf 93' lang='lat'>.</span> <span class='ocrx_word' id='word_1_218' title='bbox 1093 3558 1106 3573; x_wconf 94' lang='lat'>.</span> <span class='ocrx_word' id='word_1_219' title='bbox 1137 3509 1333 3593; x_wconf 84' lang='lat' dir='ltr'>vulgo</span> <span class='ocrx_word' id='word_1_220' title='bbox 1376 3509 1608 3574; x_wconf 86' lang='lat' dir='ltr'>dicitur</span> <span class='ocrx_word' id='word_1_221' title='bbox 1644 3508 1880 3574; x_wconf 88' lang='lat' dir='ltr'>tutoris</span> <span class='ocrx_word' id='word_1_222' title='bbox 1910 3508 2134 3574; x_wconf 92' lang='lat' dir='ltr'>dolum</span> <span class='ocrx_word' id='word_1_223' title='bbox 2163 3509 2414 3594; x_wconf 88' lang='lat' dir='ltr'>pupillo</span> 
     </span>
     <span class='ocr_line' id='line_1_34' title="bbox 395 3618 823 3661; baseline 0.002 -1"><span class='ocrx_word' id='word_1_224' title='bbox 395 3618 528 3661; x_wconf 86' lang='lat' dir='ltr'>non</span> <span class='ocrx_word' id='word_1_225' title='bbox 573 3618 823 3661; x_wconf 89' lang='lat' dir='ltr'>nocere.</span> 
     </span>
    </p>
   </div>
  </div>
 </body>
</html>
