2575 3900
412 187 541 254 292
614 189 681 244 V.
716 187 1013 243 NERVAE
1051 188 1145 243 ΕΤ
1182 187 1486 242 TRAIANI
1522 188 1735 244 TEMP.
1772 188 1964 246 IURIS
2002 187 2362 246 CONSULTI

522 424 569 485 Ι.
626 425 1352 574 Senatusconsultufm
1395 427 1692 488 Neratio
1736 427 1982 488 Prisco
2026 427 2317 488 consule

1306 519 1556 576 actum.

590 633 669 698 D.
697 635 801 718 48,
830 636 888 719 8,
916 634 976 699 6.
1048 633 1400 699 Venuleius
1444 633 1824 699 Saturninus
1869 635 2037 700 libro
2081 635 2290 720 primo
2337 637 2417 701 de

416 721 630 787 officio
667 723 1087 806 proconsulis.
1114 759 1202 770 -
1227 721 1295 810 Is
1333 723 1444 806 qui
1481 745 1736 788 servum
1772 724 2180 789 castrandum
2215 726 2418 789 tradi-

416 811 597 896 derit,
638 833 756 895 pro
792 816 973 895 parte
1012 811 1274 876 dimidia
1309 812 1628 877 bonorum
1665 812 1980 877 multatur
2016 833 2093 876 ex
2130 817 2420 878 senatus·

418 899 727 979 consulto,
764 901 933 984 quod
961 899 1228 965 Neratio
1256 899 1480 965 Prisco
1515 904 1581 965 et
1609 900 1821 965 Annio
1848 899 2022 965 Vero
2051 901 2418 967 consulibus

415 989 657 1053 factum
702 993 819 1054 est.

593 1081 856 1142 Castrari
918 1100 1109 1142 mares
1172 1080 1581 1142 Domitianum
1635 1083 1896 1142 vetuisse
1951 1082 2240 1142 traditum
2309 1088 2421 1143 est.

417 1170 580 1231 Suet.
620 1170 838 1229 Domit.
880 1173 934 1229 7.
997 1170 1112 1230 Dio
1150 1169 1313 1230 Cass.
1353 1173 1453 1248 67,
1494 1173 1550 1230 2.
1655 1170 1816 1248 quod
1867 1173 2250 1247 praeceptum
2301 1173 2421 1231 Eu·

416 1259 581 1318 sebio
635 1261 789 1318 teste
837 1250 1084 1334 (Chron.
1113 1251 1316 1339 2098)
1362 1259 1736 1319 referendum
1781 1258 2020 1318 videtur
2066 1259 2140 1318 ad
2183 1262 2425 1336 tempus

419 1367 537 1407 non
582 1367 782 1407 mense
820 1345 1065 1408 Octobri
1109 1366 1399 1406 annorum
1439 1349 1520 1407 82
1570 1350 1630 1406 et
1667 1349 1770 1425 83,
1817 1347 1919 1406 sed
1957 1346 2200 1408 Octobri
2241 1367 2424 1408 anuo-

417 1456 548 1494 rum
609 1437 688 1496 81
750 1439 811 1495 et
862 1437 945 1495 82
1000 1436 1252 1495 finitum.
1344 1436 1766 1495 Friedlaender
1807 1435 1902 1495 III
1944 1457 2000 1512 p.
2032 1439 2178 1497 429.
2268 1437 2426 1512 quod

418 1525 490 1583 de
563 1525 766 1584 eodem
828 1529 1145 1600 praecepto
1209 1523 1566 1583 Venuleium
1632 1523 2020 1584 Saturninum
2087 1525 2202 1584 viri
2266 1525 2426 1586 docti

418 1613 599 1688 vulgo
646 1616 860 1687 putant
904 1613 1150 1688 referre,
1203 1613 1336 1672 ideo
1382 1612 1628 1671 dubium
1675 1617 1791 1689 est,
1837 1613 1995 1690 quod
2041 1613 2112 1672 de
2160 1618 2425 1673 castran-

418 1701 511 1760 dis
565 1701 905 1760 hominibus
958 1701 1137 1777 plura
1181 1703 1426 1760 senatus
1471 1701 1743 1760 consulta
1787 1702 1950 1761 facta
1995 1701 2302 1778 videntur,
2357 1707 2427 1762 ut

421 1788 647 1848 Paulus
692 1788 763 1847 D.
797 1790 853 1865 5,
885 1791 986 1865 23,
1019 1792 1098 1850 18
1148 1789 1310 1849 aliud
1355 1790 1580 1849 indicat
1624 1789 1696 1848 de
1743 1809 1812 1848 eo
1857 1791 2102 1867 factum,
2145 1784 2275 1868 ‘qui
2319 1793 2426 1852 ho·

422 1875 640 1935 minem
713 1877 969 1938 invitum
1034 1877 1295 1939 libidinis
1359 1881 1466 1937 aut
1526 1879 1841 1955 promercii
1904 1897 2085 1937 causa
2137 1881 2430 1941 castravit

423 1966 879 2027 castrandumve
944 1962 1217 2030 curavit'.
1317 1967 1546 2027 accedit
1607 1968 1764 2044 quod
1828 1967 1943 2027 Dio
2004 1966 2245 2028 Cassius
2309 1990 2430 2030 non

421 2055 596 2114 modo
633 2054 1055 2133 Domitianum,
1093 2057 1196 2116 sed
1231 2056 1413 2116 etiam
1447 2056 1706 2116 Nervam
1740 2056 1935 2135 legem
1971 2055 2182 2117 tulisse
2215 2059 2426 2130 tradit,

420 2162 495 2201 ne
542 2142 673 2219 quis
711 2144 1046 2203 eunuchum
1081 2145 1308 2205 faceret
1334 2137 1470 2227 (68,
1501 2135 1585 2226 2).
1660 2164 1839 2220 quam
1875 2165 1999 2205 rem
2039 2164 2108 2206 eo
2144 2147 2432 2223 explicari

422 2234 590 2309 pute,
629 2231 786 2307 quod
824 2234 1145 2292 secundum
1172 2231 1419 2309 Ulpiani
1452 2233 1862 2293 testimonium
1896 2234 2063 2295 varia
2097 2236 2432 2310 spadonum

423 2338 643 2399 genera
687 2320 931 2380 fuerunt
967 2315 1065 2401 (D.
1098 2323 1199 2398 50,
1232 2325 1332 2397 16,
1365 2314 1520 2402 128)
1565 2324 1626 2381 et
1671 2322 1908 2399 quidem
1949 2326 2078 2381 arte
2114 2323 2431 2402 factorum,

424 2409 651 2468 scilicet
676 2410 936 2486 castrati,
955 2410 1224 2487 thlibiae,
1250 2411 1532 2487 thlasiae;
1560 2411 1917 2471 castratione
1945 2411 2103 2470 enim
2127 2411 2432 2486 prohibita

424 2498 691 2557 homines
745 2498 1036 2574 ingeniosi
1089 2499 1335 2559 thlibias
1385 2502 1447 2557 et
1492 2498 1743 2559 thlasias
1790 2500 1982 2559 facere
2025 2500 2431 2560 instituerant.

424 2605 563 2645 nam
608 2588 1107 2664 quemadmodum
1144 2588 1502 2660 Hadrianus,
1549 2588 1653 2663 qui
1688 2586 1994 2647 Corneliae
2039 2588 2192 2663 legis
2236 2608 2432 2663 poena

426 2694 553 2751 eoS,
618 2676 718 2752 qui
780 2677 1070 2752 spadones
1125 2676 1428 2749 fecissent,
1483 2676 1676 2735 teneri
1730 2680 2027 2736 statuerat
2081 2668 2183 2758 (D.
2220 2679 2334 2755 48,
2373 2681 2431 2751 8,

418 2766 483 2833 4,
517 2754 613 2843 2),
676 2764 779 2839 qui
831 2765 1077 2824 thlibias
1134 2766 1433 2841 fecissent,
1489 2766 1550 2823 in
1613 2766 1817 2825 eadem
1881 2783 2060 2825 causa
2113 2782 2241 2825 esse
2296 2784 2430 2826 con-

427 2852 657 2928 stituit,
713 2872 831 2927 qua
874 2854 981 2929 qui
1026 2853 1450 2913 castravissent
1496 2844 1595 2934 (D.
1625 2856 1728 2930 48,
1760 2855 1818 2931 8,
1846 2850 1944 2932 5),
1990 2852 2266 2913 similiter
2311 2856 2432 2914 iam

428 2941 607 2997 antea
652 2940 912 2999 Nervam
958 2942 1538 3001 senatusconsultum
1580 2900 1733 3000 illud
1774 2942 2116 3002 Domitiano
2160 2944 2430 3020 principe

426 3026 651 3085 factum
703 3033 907 3088 contra
950 3029 1388 3107 ingeniosorum
1431 3030 1739 3089 hominum
1784 3034 1942 3090 artes
1987 3034 2254 3091 tutatum
2301 3051 2431 3122 esse

427 3116 779 3189 putaverim.
827 3117 944 3176 iam
994 3119 1065 3177 cf.
1117 3120 1441 3178 Mommsen
1487 3118 1821 3179 Strafrecht
1856 3140 1912 3195 p.
1952 3121 2097 3180 637.

1174 3331 1252 3390 H.
1308 3332 1688 3407 Responsa.

604 3450 749 3511 Cum
806 3453 1090 3513 Neratius
1144 3473 1428 3531 responsa
1479 3457 1874 3531 peculiaribus
1936 3456 2105 3517 libris
2160 3457 2430 3536 ediderit,

427 3538 537 3597 hoc
582 3538 713 3600 loco
758 3560 950 3617 pauca
991 3542 1374 3618 proponenda
1421 3548 1576 3603 suut.
