2575 3900
348 205 433 268 22
488 205 581 260 111.
611 204 761 260 GAII
790 203 1081 258 CLAUDII
1109 202 1380 258 NERON.
1403 202 1688 258 GALBAE
1709 203 1926 257 ΤΕΜΡ.
1945 200 2140 258 IURIS
2161 202 2368 258 CONS.

524 371 871 450 Sequuntur
932 371 1104 431 haec:
1175 364 1484 430 ‘nimirum
1539 375 1745 431 autem
1799 370 2007 430 Sabini
2062 373 2123 430 et
2177 369 2373 430 Cassii

344 461 644 540 collectio,
699 479 881 537 quam
934 463 996 519 et
1048 460 1165 537 ipsi
1218 460 1508 538 reddunt,
1561 461 1673 519 illa
1725 463 1844 537 est,
1901 459 2060 536 quod
2111 459 2372 519 codicilli

342 569 455 626 pro
498 553 673 626 parte
719 549 1065 608 testamenti
1102 549 1402 609 habentur
1439 549 2034 624 observationemque
2074 551 2136 607 et
2171 549 2370 626 legem

341 639 491 699 iuris
536 637 673 698 inde
718 639 1005 698 traditam
1048 641 1309 699 servent.
1383 657 1494 714 ego
1534 640 1738 697 autem
1776 637 1967 697 ausim
2006 637 2367 696 sententiam

342 726 589 788 Proculi
628 727 1004 788 verissimam
1050 721 1286 786 dicere'.

519 853 592 911 ef.
638 851 701 911 11
744 856 774 911 1
826 872 882 927 p.
914 853 1061 912 356.

1003 1021 1096 1079 De
1139 1021 1452 1092 usufructu
1499 1021 1696 1093 leyatO.

518 1140 578 1204 3.
625 1139 703 1203 D.
734 1140 793 1224 7,
825 1142 879 1219 l,
911 1141 1013 1223 12,
1041 1140 1100 1204 2.
1182 1137 1502 1221 Ulpianus
1556 1138 1726 1202 libro
1786 1139 2062 1222 septimo
2111 1138 2360 1203 decimo

342 1226 420 1291 ad
461 1226 770 1292 Sabinum
819 1224 918 1313 (P.
948 1224 1173 1314 2572).
1210 1262 1299 1273 —
1337 1225 1870 1292 Usufructuarius
1919 1228 2018 1291 vel
2055 1227 2196 1311 ipse
2233 1226 2365 1291 frui

340 1337 416 1380 ea
476 1338 547 1380 re
602 1315 705 1380 vel
762 1317 875 1382 alii
939 1317 1274 1381 fruendam
1332 1315 1676 1380 concedere
1733 1312 1831 1401 (in
1876 1314 2015 1380 iure
2064 1313 2362 1401 cedere?)

338 1404 441 1469 vel
486 1405 697 1470 locare
743 1406 843 1468 vel
882 1406 1154 1469 vendere
1200 1407 1443 1487 potest3
1489 1426 1638 1468 nam
1678 1407 1742 1468 et
1779 1405 1887 1487 qui
1925 1405 2099 1469 locat
2136 1405 2364 1488 utitur,

342 1496 409 1558 et
454 1493 564 1576 qui
601 1494 821 1558 vendit
863 1493 1085 1558 utitur.
1178 1493 1291 1557 sed
1338 1497 1403 1558 et
1449 1493 1504 1556 si
1551 1492 1665 1556 alii
1709 1494 2002 1578 precario
2053 1492 2367 1558 concedat

341 1581 433 1665 (in
479 1583 614 1646 iure
662 1582 924 1667 cedat?)
983 1583 1084 1647 vel
1140 1580 1363 1664 donet,
1418 1585 1580 1663 puto
1637 1603 1783 1646 eum
1830 1582 1929 1645 uti
1974 1585 2171 1665 atque
2219 1581 2366 1646 ideo

337 1670 617 1734 retinere
681 1693 866 1735 usum
930 1670 1238 1752 fructum,
1303 1673 1370 1734 et
1433 1671 1557 1736 hoc
1623 1668 1881 1736 Cassius
1948 1673 2015 1734 et
2073 1668 2364 1754 Pegasus

337 1759 827 1844 responderunt.

515 1847 575 1912 4.
623 1847 700 1911 D.
732 1848 791 1929 7,
817 1847 879 1929 4,
913 1849 1013 1930 10,
1043 1849 1100 1912 5.
1191 1846 1512 1931 Ulpianus
1567 1847 1735 1911 libro
1783 1847 2062 1930 septimo
2113 1846 2364 1911 decimo

340 1935 419 2001 ad
486 1933 797 2001 Sabinum
861 1932 961 2023 (P.
998 1935 1221 2021 2555).
1280 1973 1367 1985 --
1434 1933 1505 2001 Si
1570 1958 1822 2001 massae
1886 1958 2042 2001 usus
2109 1934 2363 2002 fructus

338 2026 588 2109 legetur
642 2031 707 2089 et
762 2047 840 2089 ex
896 2047 973 2090 ea
1028 2048 1183 2090 vasa
1235 2026 1368 2089 sint
1412 2025 1589 2091 facta
1634 2027 1734 2090 vel
1781 2030 2036 2107 contra,
2094 2023 2362 2091 Cassius

338 2114 508 2199 apud
555 2113 857 2179 Urseium
903 2115 1129 2180 scribit
1172 2115 1433 2178 interire
1480 2137 1667 2179 usum
1713 2113 2012 2180 fructum.

515 2233 669 2303 Quid
749 2233 935 2294 verba
1007 2229 1273 2295 ‘Cassius
1352 2236 1513 2311 apud
1585 2234 1865 2294 Urseium
1940 2228 2173 2294 scribit'
2248 2234 2364 2293 sibi

336 2322 552 2400 velint,
597 2323 713 2383 viri
757 2323 920 2382 docti
964 2324 1138 2384 valde
1185 2324 1482 2383 dubitant.
1565 2324 1639 2383 H.
1678 2324 1923 2382 Pernice
1969 2323 2132 2382 Misc.
2170 2342 2229 2398 p.
2260 2324 2364 2383 57.

337 2410 619 2471 Karlowa
663 2412 711 2491 I,
754 2412 898 2471 694.
989 2412 1261 2489 Krueger
1305 2431 1362 2486 p.
1406 2413 1528 2471 155
1576 2432 1635 2471 n.
1676 2413 1776 2471 64.
1867 2412 2119 2471 Urseius
2167 2410 2364 2471 Cassii

337 2501 696 2560 sententiam
740 2500 1047 2561 rettulisse
1092 2500 1359 2573 videtur,
1404 2500 1686 2559 nimirum
1734 2518 2084 2577 responsum
2131 2500 2358 2561 litteris

338 2588 564 2649 datum.
623 2590 695 2649 de
726 2588 918 2649 Cassii
954 2590 1103 2650 iuris
1134 2589 1329 2650 civilis
1358 2589 1527 2649 libris
1556 2590 1811 2667 cogitari
1837 2608 2014 2665 posse
2044 2608 2164 2649 non
2191 2592 2360 2665 puto,

1043 2779 1135 2837 De
1182 2780 1401 2837 escario
1449 2778 1649 2850 leqato.

514 2894 574 2959 5.
638 2893 718 2957 D.
756 2896 860 2977 34,
898 2896 959 2974 2,
995 2896 1102 2977 21,
1139 2897 1198 2959 2.
1309 2894 1707 2979 Pomponius
1781 2893 1952 2958 libro
2029 2898 2209 2960 sexto
2277 2894 2362 2960 ad

336 2977 647 3045 Sabinum
704 2979 800 3066 (P.
836 2982 1016 3064 489).
1070 3019 1157 3029 —
1212 3030 1227 3045 .
1259 3030 1273 3046 .
1314 2983 1392 3046 de
1457 2982 1882 3066 aquiminario
1940 2979 2207 3047 Cassius
2263 2983 2362 3048 ait

338 3070 706 3134 consultum
755 3092 823 3133 se
869 3071 1310 3156 respondisse,
1357 3093 1501 3137 cum
1551 3072 1737 3136 alteri
1783 3075 2121 3157 argentum
2170 3076 2362 3156 poto·

334 3160 530 3241 rium,
595 3158 780 3222 alteri
840 3159 1151 3223 escarium
1208 3161 1500 3247 legatum
1557 3165 1752 3243 esset,
1817 3161 2059 3226 escario
2116 3161 2358 3226 cedere.

967 3352 1059 3411 De
1104 3353 1285 3426 leyato
1332 3353 1727 3412 condicionali.
2221 3421 2226 3425 .

513 3470 571 3535 6.
607 3468 687 3538 D.
708 3469 811 3548 30,
834 3470 981 3550 104,
1005 3473 1059 3535 1.
1132 3472 1312 3537 Idem
1344 3470 1459 3556 (sc.
1487 3467 1809 3554 Iulianus)
1837 3470 2008 3535 libro
2035 3470 2244 3555 primo
2275 3471 2359 3536 ad

336 3554 636 3623 Urseium
682 3556 989 3624 Ferocem
1036 3558 1135 3647 (P.
1166 3556 1344 3644 888).
1381 3596 1468 3607 -
1514 3558 1592 3622 In
1639 3563 2034 3625 testamento
2080 3559 2172 3624 sic
2218 3564 2361 3625 erat
2477 3570 2485 3577 '
