2575 3900
757 177 807 226 4.
849 171 907 226 C.
939 169 1230 226 CASSIUS
1266 168 1635 225 LONGINUS
2125 170 2210 233 29

371 343 431 400 2.
486 333 635 400 Tac.
692 357 837 398 ann.
896 335 1007 416 14,
1051 333 1320 399 42—44
1381 338 1460 397 ad
1513 356 1566 397 a.
1623 340 1702 398 61
1770 339 1918 398 haec
1979 342 2212 397 narrat:

199 425 236 492 ἵ
263 476 277 490 .
307 477 322 491 .
357 429 730 505 praefectum
781 428 949 487 urbis
1002 427 1334 487 Pedanium
1381 426 1725 486 Secundum
1773 445 1981 487 servus
2025 427 2216 504 ipsius

194 519 521 593 interfecit,
585 535 693 576 seu
749 523 972 594 negata
1030 516 1337 594 libertate,
1406 516 1506 576 cui
1563 515 1826 592 pretium
1883 516 2214 593 pepigerat,

192 608 318 668 sive
380 625 588 667 amore
644 605 863 666 exoleti
924 606 1203 665 incensus
1258 609 1321 665 et
1373 603 1679 665 dominum
1735 605 2040 664 aemulum
2095 625 2217 665 non

190 698 473 756 tolerans.
603 698 873 755 ceterum
967 714 1104 754 cum
1191 697 1396 756 vetere
1489 712 1562 752 ex
1657 711 1822 752 more
1919 693 2216 753 familiam

194 803 457 858 omnem,
521 802 675 860 quae
730 783 839 842 sub
886 783 1093 843 eodem
1138 786 1300 842 tecto
1345 781 1807 859 mansitaverat,
1861 783 1939 842 ad
1985 783 2216 859 suppli-

190 875 353 934 cium
409 873 514 949 agi
568 875 897 950 oporteret,
962 890 1253 932 concursu
1306 871 1527 948 plebis„
1588 889 1743 946 quae
1797 875 1892 930 tot
1945 871 2216 930 innoxios

188 963 583 1040 protegebat,
638 978 827 1038 usque
875 960 951 1020 ad
998 960 1353 1020 seditionem
1399 964 1647 1020 ventum
1703 961 1820 1038 est3
1886 963 2218 1037 senatuque

189 1053 258 1111 in
318 1051 455 1126 ipso
492 1051 695 1110 *erant
752 1049 954 1109 studia
1007 1049 1256 1108 nimiam
1311 1048 1697 1108 severitatem
1751 1049 2218 1127 aspernantium,

187 1140 472 1218 pluribus
516 1138 669 1198 nihil
703 1138 1063 1197 mutandum
1109 1137 1504 1215 censentibus,
1551 1156 1623 1196 ex
1666 1137 1800 1213 quis
1847 1130 1914 1198 C.
1953 1130 2218 1198 Cassius

190 1224 558 1289 sententiae
602 1223 745 1288 loco
792 1222 860 1288 in
904 1222 1075 1286 hunc
1120 1222 1380 1287 modum
1425 1221 1764 1286 disseruit:

374 1310 581 1396 Saepe
634 1332 932 1394 numero,
983 1315 1203 1396 patres
1258 1311 1636 1393 conscripti,
1690 1310 1758 1374 in
1812 1310 1937 1375 hoc
1993 1309 2217 1374 ordine

190 1401 483 1485 interfui,
534 1421 679 1464 cum
726 1403 955 1464 contra
999 1400 1304 1464 instituta
1351 1402 1418 1464 et
1461 1399 1636 1484 leges
1683 1400 2000 1464 maiorum
2047 1420 2220 1463 nova

192 1494 461 1556 senatus
517 1489 773 1553 decreta
816 1490 1324 1573 postularentur3
1376 1509 1584 1572 neque
1631 1510 1776 1552 sum
1821 1488 2217 1572 adversatus,

192 1603 334 1646 non
401 1577 554 1662 quia
617 1577 983 1641 dubitarem
1046 1598 1238 1661 super
1293 1577 1594 1642 omnibus
1650 1577 1932 1661 negotiis
1989 1576 2220 1642 melius

192 1674 393 1754 atque
448 1666 683 1732 rectius
736 1665 892 1730 olim
936 1667 1294 1767 provisum·
1315 1669 1405 1750 et,
1461 1687 1624 1750 quae
1671 1668 2220 1746 converterentur,

192 1759 267 1822 in
315 1756 601 1822 deterius
648 1755 908 1837 mutari,
954 1755 1065 1819 sed
1107 1776 1190 1819 ne
1228 1753 1431 1820 nimio
1471 1776 1689 1819 amore
1730 1754 1982 1838 antiqui
2019 1753 2219 1818 moris

193 1845 486 1912 studium
532 1865 747 1908 meum
792 1843 1103 1908 extollere
1148 1843 1412 1908 viderer.
1507 1843 1700 1907 simul
1745 1842 2052 1927 quidquid
2097 1842 2222 1908 hoc

192 1935 268 2001 in
311 1933 505 2001 nobis
552 1931 961 1999 auctoritatis
1001 1937 1117 2018 est,
1162 1932 1406 1997 crebris
1455 1931 2072 1998 contradictionibus
2120 1931 2222 1997 de-

194 2023 579 2091 struendum
624 2043 759 2086 non
804 2022 1273 2103 existimabam,
1321 2025 1397 2086 ut
1441 2025 1731 2087 maneret
1773 2022 2118 2106 integrum,
2165 2020 2222 2087 si

197 2113 462 2199 quando
534 2133 636 2175 res
710 2111 968 2195 publica
1037 2110 1324 2176 consiliis
1391 2111 1688 2193 eguisset.
1798 2111 1968 2196 quod
2030 2109 2222 2175 hodie

200 2202 439 2282 evenit,
477 2200 802 2264 consulari
836 2200 977 2265 viro
1014 2200 1191 2264 domi
1232 2220 1384 2264 suae
1421 2199 1764 2265 interfecto
1801 2221 1918 2284 per
1953 2198 2222 2263 insidias

199 2290 503 2373 servileS,
570 2310 729 2373 quas
782 2310 970 2353 nemo
1026 2288 1361 2371 prohibuit
1415 2294 1530 2353 aut
1581 2287 1868 2372 prodidit
1930 2287 2222 2372 quamvis

197 2380 493 2445 nondum
541 2398 853 2443 concusso
898 2375 1118 2459 <more
1155 2380 1435 2461 vetust0,
1479 2377 1737 2442 firmato
1778 2378 1973 2441 etiam
2010 2376 2224 2459 novo>

196 2466 807 2547 senatusconsultu,
862 2465 1034 2549 quod
1091 2466 1478 2550 supplicium
1530 2467 1652 2531 toti
1705 2465 1993 2531 familiae
2039 2466 2224 2529 mini-

196 2558 484 2622 tabatur.
613 2554 930 2619 decernite
999 2553 1262 2620 hercule
1333 2554 1796 2637 inpunitatem,
1877 2559 1950 2618 ut
2033 2576 2223 2637 quem

195 2646 487 2729 dignitas
535 2665 653 2708 sua
698 2642 1014 2726 defendat,
1060 2665 1204 2708 cum
1245 2643 1652 2727 praefectura
1694 2641 1873 2705 urbis
1910 2663 2041 2706 non
2079 2663 2224 2724 pro-

201 2734 445 2799 fuerit?
538 2752 728 2818 quem
772 2753 1074 2796 numerus
1120 2752 1454 2796 servorum
1500 2735 1784 2809 tueatur,
1832 2752 1977 2795 cum
2023 2727 2226 2794 Peda-

202 2822 385 2888 nium
442 2820 804 2887 Secundum
869 2819 1325 2906 quadringenti
1385 2841 1519 2884 non
1583 2818 2023 2904 protexerint?
2123 2818 2226 2885 cui

204 2911 457 2976 familia
504 2931 690 2992 opem
730 2910 920 2993 ferat,
966 2931 1127 2993 quae
1172 2931 1251 2973 ne
1298 2908 1368 2973 in
1413 2914 1590 2973 metu
1637 2909 1891 2993 quidem
1936 2908 2226 2993 pericula

202 3004 431 3066 nostra
486 2997 805 3064 advertit?
906 3020 1013 3083 an,
1067 3003 1142 3063 ut
1194 2998 1456 3083 quidam
1512 2998 1758 3084 fingere
1812 3020 1946 3063 non
2005 2999 2229 3063 erube-

208 3093 425 3173 scunt,
498 3086 768 3151 iniurias
834 3108 984 3151 suas
1050 3088 1225 3151 ultus
1293 3091 1393 3151 est
1453 3088 1856 3172 interfector,
1933 3090 2082 3173 quia
2149 3089 2226 3153 de

206 3181 481 3261 paterna
546 3176 817 3260 pecunia
879 3179 1286 3261 transegerat
1351 3180 1462 3241 aut
1525 3177 1772 3241 avitum
1837 3178 2225 3263 mancipium

195 3264 714 3332 detrahebatur?
842 3265 1331 3348 pronuntiemus
1420 3265 1594 3331 ultro
1678 3265 2008 3331 dominum
2088 3268 2226 3332 iure

207 3376 468 3420 caesum
540 3353 761 3420 videri.
866 3354 1031 3419 libet
1105 3359 1488 3440 argumenta
1559 3355 1934 3439 conquirere
1996 3356 2066 3421 in
2134 3377 2229 3440 eo,

206 3444 380 3529 quod
428 3442 933 3527 sapientioribus
980 3443 1406 3508 deliberatum
1452 3444 1595 3509 est?
1685 3444 1797 3508 sed
1845 3449 1911 3509 et
1957 3446 2013 3509 si
2057 3465 2229 3509 nunc

202 3534 493 3618 ,primum
574 3531 982 3596 statuendum
1060 3532 1442 3598 haberemus
1451 3583 1470 3615 ,
1551 3533 1893 3600 creditisne
1972 3553 2229 3599 servum
