2575 3900
1004 214 1052 261 2.
1090 205 1412 263 PEGASUS
2080 208 2206 273 207

191 392 334 435 esse
378 370 687 456 incipere,
741 392 887 435 cum
936 370 1017 435 ad
1064 392 1209 435 eam
1255 374 1538 435 aetatem
1583 372 2028 457 pervenerint,
2084 396 2210 457 qua

191 460 440 525 domari
487 460 714 525 solent.

373 547 474 614 15.
521 547 598 613 D.
626 550 731 630 41,
764 548 820 629 1,
851 548 958 613 41.
1037 546 1364 632 Ulpianus
1401 548 1569 613 libro
1608 570 1777 614 nono
1816 548 1896 613 ad
1933 550 2213 615 edictum

194 635 292 723 (P.
331 635 509 720 332).
565 672 653 684 —-
708 634 973 702 Statuas
1035 638 1104 701 in
1168 635 1430 701 civitate
1484 637 1733 722 positas
1789 638 2027 703 civium
2081 661 2213 704 non

194 746 355 808 esse,
399 726 588 811 idque
636 724 975 790 Trebatius
1022 730 1089 790 et
1126 725 1440 810 Pegasus3
1488 726 1640 790 dare
1686 731 1904 791 tamen
1951 749 2212 812 operam

192 818 558 898 praetorem
598 817 914 897 oportere,
960 818 1052 897 ut,
1098 814 1267 898 quod
1307 835 1383 878 ea
1418 818 1634 880 mente
1661 816 1729 879 in
1756 815 2016 899 publico
2043 816 2213 900 posi-

190 909 332 967 tum
381 906 498 984 est,
542 924 623 967 ne
669 902 891 967 liceret
935 902 1189 985 privato
1228 902 1479 967 auferre
1515 924 1631 967 nec
1669 904 1727 967 ei
1764 904 1874 987 qui
1910 906 2215 988 posuerit.

374 991 476 1057 16.
542 990 617 1055 D.
645 992 749 1071 41,
783 993 839 1067 1,
868 992 972 1073 27,
999 993 1061 1057 2.
1153 992 1545 1075 Pomponius
1602 992 1773 1057 libro
1833 993 2212 1078 trigensimo

192 1079 275 1145 ad
335 1078 646 1146 Sabinum
700 1080 797 1163 (P.
839 1077 1019 1165 750).
1065 1118 1152 1127 -
1199 1078 1362 1145 Cum
1416 1083 1634 1165 partes
1691 1080 1959 1146 duorum
2015 1082 2214 1147 domi·

192 1190 425 1234 norum
463 1169 809 1233 ferrumine
849 1169 1252 1251 cohaereant,
1289 1168 1414 1233 hae
1450 1191 1594 1234 cum
1633 1174 2046 1253 quaereretur
2081 1172 2215 1236 utri

196 1257 447 1341 cedant,
493 1255 757 1323 Cassius
804 1258 899 1321 ait
942 1279 1059 1340 pro
1104 1258 1408 1342 portione
1453 1258 1548 1322 rei
1595 1258 2062 1323 aestimandum
2109 1261 2213 1324 vel

191 1367 313 1431 pro
370 1346 583 1431 pretio
640 1346 945 1431 cuiusque
1001 1348 1224 1430 partis.
1317 1346 1428 1412 sed
1483 1346 1540 1410 si
1593 1350 1827 1411 neutra
1880 1348 2065 1412 alteri
2115 1370 2214 1413 ac-

194 1434 474 1500 cessioni
521 1438 647 1518 est,
699 1434 1048 1520 videamus,
1092 1457 1174 1499 ne
1222 1438 1336 1501 aut
1379 1435 1712 1519 utriusque
1761 1457 1899 1501 esse
1947 1436 2216 1502 dicenda

193 1524 299 1606 sit,
345 1522 537 1589 sicuti
574 1544 789 1588 massa
824 1524 1109 1608 confusa,
1157 1528 1270 1589 aut
1307 1523 1464 1607 eius,
1501 1524 1679 1589 cuius
1717 1525 1976 1589 nomine
2014 1525 2213 1590 ferru-

196 1613 445 1678 minata
490 1616 607 1677 est.
682 1611 793 1677 sed
830 1612 1141 1678 Proculus
1190 1615 1255 1677 et
1294 1612 1577 1697 Pegasus
1616 1612 1992 1678 existimant
2030 1636 2213 1679 suam

195 1701 502 1785 cuiusque
548 1722 683 1765 rem
729 1722 1007 1767 manere.

857 1879 956 1944 De
999 1879 1091 1944 rei
1134 1878 1563 1945 vindicatione.

374 2004 477 2069 17.
532 2002 609 2068 D.
650 2003 709 2084 6,
748 2005 803 2088 1,
842 2004 901 2069 9.
988 2002 1309 2086 Ulpianus
1364 2003 1530 2068 libro
1589 2007 1774 2069 sexto
1831 2003 2075 2070 decimo
2133 2005 2213 2069 ad

192 2093 470 2157 edictum
520 2089 619 2178 (P.
648 2089 830 2178 551).
860 2128 945 2140 —-
983 2091 1285 2157 Officium
1322 2139 1338 2157 .
1366 2139 1383 2158 .
1418 2091 1647 2158 iudicis
1693 2093 1760 2156 in
1802 2092 1924 2158 hac
1961 2093 2213 2158 actione

192 2179 309 2269 (sc.
364 2181 459 2245 rei
516 2181 973 2268 vindicatione)
1028 2182 1098 2244 in
1143 2181 1267 2246 hoc
1315 2181 1467 2263 erit,
1521 2185 1595 2246 ut
1647 2180 1838 2246 iudex
1886 2181 2211 2268 inspiciat,

190 2291 277 2334 an
314 2291 460 2334 reus
497 2269 843 2353 possideat.
906 2291 1023 2334 nec
1061 2268 1140 2333 ad
1178 2291 1313 2334 rem
1343 2269 1712 2354 pertinebit,
1749 2292 1827 2335 ex
1855 2293 1983 2355 qua
2019 2292 2214 2336 causa

192 2357 551 2444 possideat3
603 2359 716 2423 ubi
762 2358 935 2422 enim
978 2359 1249 2444 'probavi
1295 2380 1432 2423 rem
1479 2380 1687 2422 meam
1736 2380 1905 2442 esse,
1951 2381 2213 2425 necesse

192 2447 463 2512 habebit
507 2469 843 2532 possessor
886 2449 1256 2530 restituere,
1313 2448 1422 2530 qui
1468 2469 1601 2511 non
1649 2446 1888 2511 obiecit
1933 2449 2211 2532 aliquam

194 2536 657 2618 exceptionem.
748 2535 1009 2620 quidam
1054 2540 1293 2617 tamen,
1337 2538 1412 2598 ut
1458 2535 1762 2618 Pegasus,
1813 2557 1955 2598 eam
2005 2537 2210 2601 solam

190 2625 670 2708 possessionem
745 2628 1141 2708 putaverunt
1220 2624 1386 2687 hauc
1463 2625 1779 2688 actionem
1856 2625 2214 2708 complecti,

192 2734 361 2797 quae
434 2714 646 2778 locum
711 2713 910 2778 habet
972 2714 1039 2777 in
1104 2712 1448 2776 interdicto
1521 2715 1617 2776 uti
1689 2712 2040 2795 possidetis
2115 2715 2214 2777 vel

189 2801 433 2867 utrubi.
524 2800 797 2886 denique
854 2803 949 2866 ait
1004 2803 1087 2866 ab
1146 2823 1249 2883 eo,
1306 2800 1472 2885 apud
1532 2822 1721 2884 quem
1778 2801 2070 2884 deposita
2115 2805 2215 2866 est

190 2890 296 2955 vel
356 2891 761 2956 commodata
811 2892 913 2956 vel
960 2891 1069 2974 qui
1116 2889 1492 2955 conduxerit
1535 2894 1648 2954 aut
1694 2891 1805 2975 qui
1851 2891 2212 2974 legatorum

192 2979 660 3044 servandorum
728 3001 931 3044 ⁴causa.
1004 2979 1105 3044 vel
1180 2979 1348 3044 dotis
1411 2980 1738 3044 ventrisve
1811 2980 2070 3044 nomine
2143 2982 2213 3045 in

195 3069 609 3152 possessione
676 3071 847 3132 esset
910 3068 1012 3132 vel
1068 3068 1170 3133 cui
1225 3067 1442 3133 damni
1497 3067 1717 3133 infecti
1769 3068 2031 3134 nomine
2083 3092 2214 3134 non

193 3157 570 3240 cavebatur,
618 3157 769 3240 quia
807 3157 877 3221 hi
914 3179 1137 3222 omnes
1174 3179 1304 3222 non
1341 3157 1693 3242 possident,
1738 3156 2048 3222 vindicari
2085 3181 2214 3224 non

189 3267 398 3329 posse.

875 3352 974 3418 De
1016 3352 1532 3436 stipulationibus,

376 3478 477 3542 18.
535 3476 743 3562 D.45‚
777 3479 833 3560 1,
865 3478 988 3543 138
1010 3499 1101 3560 pr.
1201 3476 1384 3540 Idem
1442 3474 1554 3562 (sc.
1611 3474 1990 3563 Venuleius)
2047 3477 2211 3542 libro

196 3569 429 3650 quarto
481 3563 991 3649 Stipulationum
1040 3562 1138 3651 (P.
1178 3563 1312 3652 60).
1367 3601 1438 3612 -
1501 3564 1670 3630 Eum
1728 3566 1838 3648 qui
1893 3569 2210 3629 certarum
