2575 3900
798 183 846 233 6.
895 175 1308 232 IAVOLENUS
1345 175 1641 231 PRISCUS
2092 175 2225 239 489

205 360 496 406 nummos
521 360 648 405 non
671 340 873 421 faciat
895 341 1262 423 accipientis.
1337 341 1489 422 quid
1521 341 1685 404 enim
1720 340 1983 419 interest,
2020 344 2233 404 utrum

209 429 328 494 tali
361 449 664 512 personae
705 430 858 495 dare
899 430 1181 494 iubeatur
1223 449 1311 492 an
1356 429 1565 511 aliquo
1609 429 1735 494 loeo
1770 448 1995 510 ponere
2036 428 2126 492 vel
2161 427 2232 491 in

149 583 156 588 .
209 539 386 583 mare
421 518 690 583 deicere?
760 539 949 600 neque
983 519 1145 583 enim
1181 518 1356 600 illud,
1392 519 1555 600 quod
1585 518 1671 582 ad
1704 518 1886 582 talem
1902 536 2233 598 personam

193 612 640 691 perventurum
702 611 812 686 est,
879 607 1218 698 testamenti
1277 608 1549 688 nomine,
1610 607 1716 671 sed
1774 608 1991 671 mortis
2042 626 2234 671 eausa

205 697 468 778 capitur.

392 817 720 876 Mommsen
753 820 942 876 notat:
988 809 1229 889 ‘requiri
1262 817 1529 875 videntur
1565 817 1738 875 tatia:
1782 810 2090 886 ‘Maevius‚
2137 814 2235 873 cui

213 905 438 964 fundus
501 905 740 982 legatus
804 908 921 983 est,
985 905 1034 964 si
1091 902 1487 983 CallimachO,
1552 923 1685 964 cum
1740 923 1857 980 quo
1916 895 2240 983 (testator)

210 993 564 1054 testamenti
624 993 946 1054 factionem
997 1012 1116 1052 non
1170 992 1458 1066 habebat,
1522 1037 1538 1055 .
1567 1038 1581 1053 .
1613 1040 1625 1054 .
1653 992 1977 1070 pertineat:
2044 1010 2240 1066 neque

213 1082 371 1141 enim
437 1081 616 1156 illud,
681 1082 840 1158 quod
903 1081 980 1141 ad
1038 1083 1222 1141 talem
1275 1101 1593 1158 personam
1643 1085 2073 1158 perventurum
2126 1081 2235 1151 est,

215 1171 568 1230 testamenti
603 1171 860 1249 nomine,
899 1171 1002 1230 sed
1038 1171 1250 1230 mortis
1289 1189 1473 1230 causa
1508 1169 1756 1247 capitur.
1838 1164 1945 1247 <et
1979 1169 2239 1228 fortasse

216 1259 354 1336 quis
410 1259 652 1335 dixerit,
707 1260 825 1319 etsi
869 1257 1270 1319 Callimachus
1326 1260 1582 1318 ducenta
1624 1279 1699 1318 ne
1745 1257 2058 1333 adquirere
2105 1257 2235 1334 qui?

215 1347 356 1406 dem
399 1348 626 1425 potuit,
673 1351 884 1426 tamen·
919 1348 1060 1407 dare
1105 1347 1406 1407 Maevium
1453 1344 1731 1425 debere),
1776 1347 1921 1406 licet
1962 1363 2241 1405 nummos

213 1455 337 1496 non
401 1437 587 1496 faciat
651 1437 1042 1512 accipientisz.
1083 1436 1228 1513 quid
1294 1436 1451 1494 enim
1513 1436 1771 1496 interest
1806 1481 1820 1495 .
1852 1480 1865 1495 .
1894 1481 1909 1495 .
1946 1435 2012 1494 in
2073 1453 2241 1493 mare

215 1519 488 1586 deicere?
582 1529 645 1584 at
688 1526 868 1586 Lenel
915 1530 1165 1586 extrema
1207 1527 1408 1584 verba:
1462 1518 1678 1601 ‘neque
1707 1566 1723 1584 .
1752 1570 1765 1583 .
1797 1570 1810 1583 .
1842 1515 2097 1600 capitur'
2152 1526 2241 1582 ita

217 1615 488 1687 explieat:
537 1614 654 1672 etsi
697 1632 819 1673 non
853 1613 1202 1673 testamenti
1235 1614 1473 1673 nomine
1512 1614 1762 1689 capitur,
1798 1613 2008 1672 mortis
2035 1614 2239 1670 tamen

217 1719 401 1761 causa
440 1701 691 1778 capitur.
774 1695 1000 1760 ‘Latini
1036 1703 1194 1760 enim
1231 1704 1295 1760 et
1328 1703 1628 1780 peregrini
1668 1720 1777 1761 nec
1812 1701 2023 1760 mortis
2060 1718 2246 1759 causa

218 1809 431 1867 capere
478 1794 732 1865 possunt
776 1791 848 1850 cf.
897 1790 968 1850 D.
999 1791 1100 1863 39,
1133 1793 1190 1868 6,
1223 1793 1277 1850 9.
1353 1789 1490 1852 Vat.
1531 1793 1675 1852 259.
1748 1790 1834 1848 nil
1879 1790 2068 1868 igitur
2112 1809 2243 1848 mu-

215 1873 506 1940 tandum?

942 1990 1042 2057 De
1085 1991 1221 2055 iure
1264 1992 1514 2057 dotium.

401 2107 501 2171 72.
557 2106 633 2172 D.
664 2108 772 2189 24,
813 2108 871 2192 l,
909 2106 1014 2173 50.
1111 2106 1682 2193 Iavolenusffilibro
1738 2106 1933 2171 tertio
1990 2104 2239 2169 decimo

215 2192 683 2278 Epistularum.

399 2302 448 2352 1.
511 2292 612 2372 Si,
665 2314 803 2359 eum
856 2294 1080 2358 mulier
1133 2295 1350 2376 viyinti
1392 2314 1633 2358 servum
1677 2292 1936 2369 emisset,
1990 2293 2060 2355 in
2107 2310 2241 2355 eam

220 2381 582 2461 emptionem
651 2383 750 2445 vir
821 2382 1086 2463 quinque
1147 2383 1445 2447 venditori
1506 2382 1692 2463 dedit,
1764 2382 2021 2445 divortio
2076 2380 2244 2459 facto

222 2469 569 2534 omnimodo
630 2472 728 2533 vir
791 2484 928 2534 eam
988 2490 1297 2534 summam
1360 2470 1665 2533 retinebit
1726 2489 1918 2551 neque
1978 2470 2063 2533 ad
2111 2488 2241 2532 rem

211 2556 498 2639 pertinet,
543 2577 628 2621 an
674 2560 732 2623 is
774 2578 984 2623 servu-s
1026 2559 1284 2622 deterior
1324 2558 1527 2639 faetus
1562 2559 1672 2633 sit,·
1719 2578 1868 2620 nam
1904 2560 1962 2620 et
1991 2558 2049 2622 si
2085 2576 2242 2620 mor·

226 2650 371 2709 tuus
407 2650 571 2727 esset,
607 2648 872 2729 quinque
905 2648 1175 2710 retentio
1203 2647 1261 2710 ei
1285 2652 1645 2727 competeret.
1718 2646 2035 2727 quaeritur
2060 2646 2244 2726 enim,

225 2753 313 2798 an
366 2734 590 2799 mulier
643 2756 717 2799 ex
759 2736 883 2799 viri
913 2736 1299 2818 patrimonio
1346 2736 1691 2817 locupletior
1734 2736 1817 2799 sit
1859 2754 1924 2798 eo
1968 2738 2244 2815 tempore,

224 2842 343 2904 quo
379 2824 453 2888 de
487 2844 555 2886 re
591 2823 820 2889 uxoria
855 2824 1176 2907 ayebatur,·
1219 2824 1389 2903 faeta
1426 2829 1627 2889 autem
1661 2822 2045 2904 intelleyitur,
2089 2842 2247 2904 quae

226 2931 365 2976 aere
409 2912 608 2977 alieno
652 2912 763 2977 suo
801 2914 1134 2978 interventu
1169 2914 1291 2977 viri
1326 2912 1583 2977 liberata
1618 2916 1720 2994 est,
1764 2913 1926 2993 quod
1948 2913 2247 2993 potuisset

227 3000 426 3065 adhue
469 3000 689 3087 debere,
732 3002 792 3066 si
833 3003 931 3065 vir
952 3003 1286 3085 pecunia-m
1322 3022 1447 3066 non
1482 3002 1813 3080 solvisset[,·
1858 3021 2047 3082 neque
2080 3001 2244 3063 enim

227 3090 496 3175 interest,
557 3110 632 3155 ex
683 3110 810 3173 qua
862 3111 1051 3156 eausa
1103 3092 1328 3155 mulier
1368 3092 1699 3173 pecuniam
1753 3090 1980 3171 debuit,
2032 3093 2245 3153 utrum

227 3179 517 3243 creditam
571 3199 658 3244 an
709 3200 847 3244 eam
899 3200 1087 3261 quam
1132 3200 1206 3245 ex
1249 3181 1544 3262 emptione
1579 3183 1899 3261 praestare
1939 3176 2244 3260 debeat?].

407 3276 456 3327 2.
508 3266 685 3347 Quod
715 3270 774 3333 si
807 3270 1028 3333 mulier
1063 3289 1184 3333 non
1222 3273 1452 3333 emerat
1482 3288 1737 3351 servum,
1772 3268 1879 3332 sed
1910 3272 1982 3331 ut
2014 3270 2247 3347 emeret,

229 3376 272 3419 a
322 3356 455 3420 viro
495 3357 829 3439 pecuniam
882 3358 1131 3442 accepit,
1196 3362 1327 3421 tum
1380 3357 1470 3422 vel
1524 3362 1759 3422 mortuo
1812 3355 1905 3421 vel
1957 3356 2249 3420 deteriore

226 3443 390 3524 facto
424 3464 592 3511 servo
628 3447 929 3511 damnum
961 3448 1048 3511 ad
1079 3447 1283 3511 virum
1312 3445 1653 3528 pertinebit,
1686 3447 1838 3527 quia
1871 3445 2034 3526 quod
2065 3443 2246 3507 aliter

229 3537 509 3615 emptura
561 3554 686 3599 non
734 3534 887 3615 fuit,
941 3536 1067 3600 nisi
1109 3536 1440 3617 pecuniam
1484 3555 1525 3599 a
1569 3535 1703 3599 viro
1747 3533 2103 3616 aeoepisset‚‘
2138 3530 2249 3593 hoc
