2575 3900
313 150 398 214 84
452 150 546 205 ΙΙΙ.
578 149 728 203 GAu
758 149 1050 204 CLAUDII
1080 148 1350 204 NERON.
1370 148 1658 203 GALBAE
1676 149 1890 204 ΤΕΜΡ.
1910 149 2102 204 IURIS
2123 150 2326 206 CONS.

1085 379 1133 437 L
1144 380 1167 437 i
1180 381 1215 437 b
1228 380 1292 437 ri
1335 380 1559 440 I-——VL

882 495 969 550 De
996 496 1181 564 pactis
1217 501 1268 549 et
1303 497 1761 551 conventionibus.

492 615 546 678 1.
594 612 671 677 D.
703 616 763 696 2,
795 615 896 692 14,
932 616 986 691 1,
1008 616 1065 679 3.
1129 612 1451 697 Ulpianus
1480 612 1649 679 libro
1680 619 1907 698 quarto
1939 615 2018 678 ad
2049 614 2329 679 edictum

311 700 409 790 (P.
459 698 636 790 240).
703 738 788 749 —
856 701 1320 768 Conventionis
1393 703 1659 767 verbum
1726 704 2022 788 generale
2087 709 2186 766 est
2249 704 2331 768 ad

310 792 529 857 omnia
566 791 913 876 pertinens,
959 791 1037 855 de
1083 790 1316 875 quibus
1363 791 1609 874 negotii
1655 791 2078 855 contrahendi
2123 795 2331 856 trans-

310 880 657 965 igendique
706 901 899 944 causa
945 879 1360 944 consentiunt
1405 881 1514 963 qui
1565 881 1735 944 inter
1781 901 1847 944 se
1895 885 2126 964 agunt3
2178 903 2331 945 nam

312 969 501 1034 sicuti
548 969 886 1033 convenire
924 969 1221 1033 dicuntur
1262 969 1373 1052 qui
1412 990 1488 1032 ex
1525 969 1794 1033 diversis
1833 968 1992 1033 locis
2029 969 2096 1032 in
2131 990 2331 1034 unum

308 1058 523 1122 locum
582 1057 976 1141 colliguntur
1031 1061 1095 1120 et
1149 1057 1448 1141 veniunt,
1503 1057 1596 1121 ita
1651 1060 1718 1121 et
1770 1057 1881 1141 qui
1937 1079 2013 1121 ex
2065 1058 2330 1122 diversis

310 1146 509 1211 animi
563 1147 851 1211 motibus
904 1146 969 1210 in
1026 1166 1225 1209 unum
1271 1146 1713 1228 consentiunt,
1765 1145 1833 1209 id
1879 1149 1980 1210 est
2023 1147 2088 1209 in
2135 1168 2332 1211 unam

311 1234 698 1300 sententiam
737 1234 1098 1299 decurrunt.
1174 1234 1333 1298 adeo
1373 1237 1588 1298 autem
1619 1234 2331 1318 conventionisnomen

311 1323 608 1407 generale
647 1327 765 1406 est,
800 1326 873 1386 ut
902 1373 915 1387 .
938 1376 949 1387 .
972 1322 1146 1386 dicat
1172 1321 1408 1386 Pedius
1446 1324 1692 1387 nullum
1733 1344 1874 1387 esse
1911 1327 2333 1405 contractum,

309 1412 553 1476 nullam
631 1412 1122 1496 obligationem,
1197 1433 1359 1495 quae
1426 1434 1554 1475 non
1618 1412 1859 1476 habeat
1920 1413 1987 1476 in
2052 1434 2119 1476 se
2185 1434 2331 1477 con-

310 1501 701 1584 ventionem,
746 1501 879 1564 sive
921 1523 992 1565 re
1030 1501 1164 1564 sive
1205 1499 1417 1564 verbis
1455 1499 1635 1583 <sive
1675 1500 1953 1583 litteris>
1992 1500 2133 1584 fiat3
2179 1523 2332 1565 nam

312 1593 378 1653 et
434 1588 768 1672 stipulatio
827 1611 991 1673 quae
1047 1589 1263 1654 verbis
1315 1588 1418 1668 fit,
1474 1590 1602 1653 nisi
1648 1589 1888 1652 habeat
1933 1611 2334 1673 consensum,

310 1677 492 1742 nulla
538 1682 653 1742 est.

487 1807 734 1866 Pernice
772 1808 833 1866 Z.
870 1807 925 1865 d.
961 1806 1211 1866 Sav.·St.
1240 1804 1343 1878 IX,
1377 1808 1498 1866 199
1539 1825 1596 1864 n.
1630 1811 1661 1864 1
1714 1806 1790 1864 ad
1834 1807 2020 1865 verba
2065 1801 2226 1865 ‘nam
2274 1811 2336 1866 et

316 1895 630 1972 stipulatio
661 1944 671 1956 .
705 1889 744 1955 .'
788 1899 986 1956 notatz
1047 1889 1153 1955 ‘Es
1199 1902 1359 1955 ware
1406 1895 1691 1973 moglich,
1748 1896 1884 1955 dass
1932 1895 2150 1955 Pedius
2196 1915 2334 1956 vom

314 1984 852 2063 Litteralvertrage
918 1987 1158 2062 sprach,
1221 1985 1284 2042 in
1350 1984 1560 2043 dessen
1622 1984 1802 2043 Form
1867 1985 1994 2044 sich
2059 1985 2154 2044 die
2220 1986 2332 2044 Zu-

314 2074 643 2152 stimmung
690 2075 793 2132 des
842 2073 1203 2133 Schuldners
1250 2072 1418 2131 nicht
1463 2068 1793 2150 auspragt'.

491 2213 549 2276 2.
597 2209 672 2274 D.
705 2212 763 2291 2,
797 2211 897 2292 14,
928 2210 987 2291 7,
1015 2210 1075 2273 8.
1139 2208 1454 2293 Ulpianus
1485 2210 1648 2274 libro
1679 2214 1908 2294 quarto
1940 2210 2020 2273 ad
2051 2211 2333 2275 edictum

316 2297 415 2386 (P.
443 2296 623 2385 244).
666 2335 741 2345 —
785 2298 1126 2363 Paetorum
1174 2298 1489 2382 quaedam
1527 2300 1593 2362 in
1630 2321 1764 2362 rem
1805 2304 1970 2381 sunt,
2019 2301 2336 2383 quaedam

315 2393 384 2454 in
411 2410 772 2473 personam.
832 2386 897 2450 in
927 2408 1062 2451 rem
1094 2389 1263 2469 sunt,
1294 2386 1593 2470 quotiens
1622 2388 2011 2472 generaliter
2040 2388 2337 2470 paciscor

314 2499 395 2542 ne
440 2482 688 2562 petam3
733 2477 800 2539 in
847 2497 1207 2558 personam,
1254 2477 1551 2559 quotiens
1591 2499 1669 2539 ne
1709 2500 1746 2540 a
1784 2498 2058 2559 persona
2097 2480 2338 2560 petam,

315 2566 383 2631 id
430 2570 529 2630 est
574 2587 657 2630 ne
704 2587 743 2628 a
782 2563 981 2629 Lucio
1020 2564 1193 2629 Titio
1242 2569 1474 2647 petam.
1559 2569 1772 2629 utrum
1821 2570 2034 2628 autem
2081 2567 2152 2627 in
2199 2587 2336 2629 rem

319 2677 403 2720 an
458 2654 527 2718 in
578 2676 922 2739 personam
977 2656 1235 2737 pactum
1288 2653 1528 2718 factum
1579 2659 1706 2738 est,
1762 2651 1948 2737 [non]
1998 2652 2209 2717 minus
2260 2677 2337 2719 ex

316 2743 532 2810 verbis
602 2764 794 2826 quam
860 2764 938 2805 ex
1000 2747 1214 2806 mente
1280 2743 1796 2807 convenientium
1864 2742 2334 2808 aestimandum

321 2837 444 2913 est3
509 2831 887 2914 plerumque
953 2832 1147 2915 enim,
1210 2836 1285 2895 ut
1342 2831 1570 2894 Pedius
1628 2832 1746 2912 ait,
1811 2853 2088 2913 persona
2142 2835 2336 2916 pacto

318 2918 653 2999 inseritur,
709 2939 841 2982 non
897 2923 969 2982 ut
1022 2920 1364 3001 personale
1420 2924 1678 3002 pactum
1738 2920 1875 3001 fiat,
1933 2920 2044 2983 sed
2101 2925 2173 2983 ut
2232 2921 2338 2985 de-

321 3012 735 3090 monstretur,
780 3029 926 3072 cum
972 3030 1097 3092 quo
1145 3013 1406 3091 pactum
1451 3008 1692 3072 factum
1740 3012 1856 3073 est.

500 3150 558 3213 3.
604 3148 763 3214 Ibid.
811 3152 850 3230 ἓ
890 3149 947 3212 9.
1002 3187 1075 3195 -
1137 3149 1303 3213 Dolo
1370 3150 1540 3213 malo
1608 3150 1701 3213 ait
1755 3152 2018 3232 praetor
2073 3154 2337 3234 pactum

324 3261 391 3302 se
463 3260 593 3303 non
659 3246 1083 3303 servaturum.
1191 3237 1378 3301 dolus
1444 3239 1650 3303 malus
1716 3239 1791 3302 fit
1855 3240 2208 3304 calliditate
2275 3245 2342 3304 et

322 3327 601 3392 fallacia.
675 3334 738 3392 et
786 3333 859 3392 ut
905 3328 997 3391 ait
1043 3326 1297 3408 Pedius,
1343 3327 1492 3391 dolo
1531 3327 1716 3413 malo,
1747 3332 2010 3412 pactum
2049 3330 2138 3412 fit,
2184 3350 2339 3413 quo-

324 3417 492 3481 tiens
558 3416 1120 3483 circumscribendi
1186 3415 1450 3480 alterius
1515 3438 1708 3480 causa
1773 3418 1947 3482 aliud
2002 3420 2218 3502 agitur
2274 3423 2341 3484 et

326 3506 496 3571 aliud
545 3507 651 3592 agi
702 3506 1057 3570 simulatur.
