2575 3900
293 186 423 250 300
494 187 559 242 V.
597 186 895 242 NERVAE
932 186 1025 240 ΕΤ
1058 185 1360 240 TRAIANI
1392 185 1608 242 ΤΕΜΡ.
1643 185 1836 240 IURIS
1873 185 2234 242 CONSULTI
2269 242 2274 246 .

296 351 485 414 cunia
540 354 606 413 et
658 353 733 414 ut
786 350 981 413 aliam
1035 349 1316 414 insulam
1361 371 1572 414 meam
1616 349 1938 428 reficeres,
1993 371 2182 435 agam
2229 371 2307 416 ex

293 438 581 520 vendito,
638 442 713 502 ut
755 438 1035 522 reficias;
1088 438 1146 503 si
1189 442 1409 502 antem
1453 437 1575 502 hoc
1621 438 1850 522 solum,
1894 442 1968 503 ut
2010 439 2310 504 reficeres

294 547 435 591 eam
492 526 924 610 convenisset,
983 547 1116 591 non
1166 527 1565 610 intellegitur
1617 527 1860 610 emptio
1907 531 1974 592 et
2018 527 2310 593 venditio

292 615 491 698 facta,
536 619 613 679 ut
656 618 722 679 et
764 614 1071 680 Neratius
1119 615 1395 698 scripsit.

471 721 560 786 9¹³.
604 720 684 787 D.
710 722 810 805 19,
828 721 889 803 5,
919 721 976 786 6.
1032 717 1341 786 Neratius
1369 721 1538 786 libro
1565 720 1778 806 primo
1805 721 2307 806 Responsorum.

294 846 385 857 —-
433 809 721 874 Insulam
782 810 909 875 hoc
971 809 1192 894 modo,
1252 813 1329 874 ut
1391 809 1586 874 aliam
1649 809 1932 876 insulam
1994 809 2310 889 reficereS,

294 898 568 965 vendidi.
639 897 973 982 respondit
1016 899 1261 962 nnllam
1307 919 1446 963 esse
1482 896 1937 984 venditionem,
1983 898 2093 964 sed
2132 898 2310 963 civili

295 988 655 1052 intentione
700 987 930 1052 incerti
975 986 1315 1072 agendum.

471 1081 543 1139 In
598 1081 856 1140 secundo
907 1080 1123 1140 horum
1166 1081 1641 1157 fragmentorum
1684 1080 1919 1140 Neratii
1964 1081 2146 1140 verba
2188 1099 2312 1140 non

294 1169 469 1316 {cido
523 1170 587 1228 in
640 1170 820 1230 breve
876 1172 1110 1244 coacta,
1165 1167 1269 1228 sed
1325 1168 1506 1228 etiam
1553 1171 1790 1228 mutata
1835 1172 1990 1228 sunt.
2063 1169 2312 1229 Pernice

398 1305 415 1337 ,
457 1262 487 1316 1
539 1278 596 1334 p.
630 1261 730 1317 17.

1003 1375 1104 1441 De
1144 1377 1283 1442 iure
1327 1376 1607 1442 dotium?

478 1501 577 1565 10.
642 1498 719 1566 D.
760 1501 865 1584 26,
896 1501 954 1584 7,
982 1500 1085 1565 52.
1177 1498 1482 1564 Neratius
1539 1500 1708 1565 libro
1765 1500 1975 1584 primo
2023 1499 2314 1583 Respon-

298 1610 537 1654 sorum.
606 1624 683 1636 —
753 1587 1028 1656 Ourator
1086 1611 1205 1674 pro
1269 1589 1516 1654 minore
1575 1609 1709 1654 non
1772 1591 2028 1652 tantum
2093 1589 2312 1654 dotem

300 1678 453 1742 dare
502 1676 715 1755 debet,
772 1678 883 1742 sed
930 1678 1124 1742 etiam
1169 1677 1524 1761 impendia,
1572 1697 1734 1760 quae
1755 1721 1760 1724 -
1784 1677 1862 1741 ad
1909 1678 2169 1761 nuptias
2217 1677 2316 1742 fa-

298 1765 524 1830 cienda
570 1771 736 1830 sunt.

478 1855 579 1917 11.
632 1852 712 1918 D.
750 1853 857 1935 39,
893 1854 953 1938 6,
988 1853 1095 1917 43.
1176 1852 1482 1918 Neratius
1537 1853 1702 1918 libro
1759 1854 1968 1938 primo
2024 1853 2312 1938 Respon-

299 1963 533 2008 sorum.
593 1978 670 1990 —
729 1941 1085 2007 Fulcinius:
1148 1941 1322 2006 inter
1379 1942 1588 2007 virum
1643 1946 1707 2007 et
1760 1965 2026 2008 uxorem
2080 1943 2314 2009 mortis

299 2052 495 2095 causa
558 2031 973 2095 donationem
1018 2030 1131 2094 ita
1190 2030 1363 2114 fieri,
1426 2032 1481 2095 si
1544 2031 1819 2096 donator
1883 2032 2309 2097 iustissimum

300 2120 529 2184 mortis
584 2122 828 2184 metum
880 2118 1135 2184 habeat.
1235 2118 1564 2184 Neratius:
1631 2120 1925 2185 sufficere
1983 2120 2313 2185 existima·

297 2208 542 2272 tionem
598 2205 899 2272 donantis
952 2207 1121 2272 hanc
1177 2228 1344 2292 esse,
1406 2211 1480 2272 ut
1533 2208 1919 2272 moriturum
1974 2230 2041 2272 se
2097 2213 2317 2291 putet3

299 2318 495 2382 quam
540 2297 708 2361 iuste
744 2316 861 2360 nec
888 2317 978 2375 *ne
1017 2297 1388 2379 susceperit,
1432 2317 1565 2361 non
1601 2296 2054 2380 quaerendum.
2139 2298 2310 2381 quod

301 2385 509 2469 magis
554 2385 865 2449 tuendum
911 2387 1026 2449 est.

1130 2506 1231 2572 De
1269 2506 1480 2587 startia

486 2632 581 2695 12.
628 2630 706 2694 Ι).
734 2631 840 2712 47,
870 2632 929 2711 2,
958 2632 1044 2696 84
1059 2653 1153 2711 pr.
1219 2628 1526 2694 Neratius
1571 2629 1740 2693 libro
1776 2630 1987 2712 primo
2026 2630 2316 2714 Respon-

302 2740 537 2782 sorum.
584 2752 670 2764 —
718 2714 789 2779 Si
834 2716 977 2799 quis
1024 2738 1101 2779 ex
1147 2716 1340 2780 bonis
1387 2717 1543 2794 eius,
1590 2737 1780 2800 quem
1824 2719 2100 2800 putabat
2144 2740 2317 2783 mor-

301 2809 512 2885 tuum,
574 2805 685 2887 qui
738 2803 920 2867 vivus
977 2808 1141 2886 erat,
1195 2824 1316 2886 pro
1369 2804 1603 2867 herede
1656 2826 1757 2868 res
1805 2805 2320 2889 adprehenderit,

305 2914 446 2956 eum
492 2892 738 2954 furtum
781 2912 914 2954 non
959 2892 1189 2955 facere.

484 2997 586 3061 13.
630 2995 711 3060 D.
738 2996 888 3060 ibid.
917 2998 957 3077 ἓ
990 2996 1047 3061 1.
1100 3033 1175 3043 -
1222 2996 1308 3060 Ei
1355 3018 1500 3061 cum
1538 3018 1665 3081 quo
1705 3019 1822 3061 suo
1858 2998 2122 3062 nomine
2157 2997 2315 3063 furti

305 3091 521 3150 actum
576 3088 700 3168 est,
756 3085 810 3148 si
868 3087 1034 3150 servi
1089 3086 1347 3150 nomine
1403 3085 1479 3149 de
1527 3086 1655 3149 alia
1700 3106 1768 3150 re
1817 3086 2120 3150 adversus
2169 3107 2318 3151 eum
2435 3156 2440 3159 ,

305 3178 566 3260 agatur,
611 3194 741 3237 non
790 3172 1068 3238 dandam
1114 3172 1555 3259 exceptionem
1602 3174 1759 3238 furti
1803 3195 1935 3239 una
1979 3174 2154 3239 facti.

481 3266 713 3325 Neratii
757 3267 941 3327 verba
987 3286 1023 3325 a
1061 3267 1421 3327 Triboniano
1459 3269 1694 3326 mutata
1729 3267 1812 3327 sic
1847 3268 2107 3327 fortasse
2141 3268 2317 3328 resti·

305 3356 530 3416 tuenda
574 3358 737 3415 sunt:
786 3354 851 3415 Si
889 3356 1045 3417 servi
1080 3356 1318 3415 nomine
1365 3355 1437 3414 de
1475 3357 1671 3415 eadem
1715 3374 1779 3415 re
1825 3351 2030 3433 <furto
2069 3352 2319 3433 ablata>

305 3446 588 3506 adversus
636 3464 769 3503 eum
818 3448 1061 3522 agatur,
1106 3464 1224 3504 non
1280 3443 1538 3502 dandam
1587 3445 1992 3521 exceptionem
2035 3446 2122 3504 rei
2165 3446 2319 3505 iudi-

304 3539 481 3595 caiae.
