2575 3900
381 185 514 250 468
590 185 658 241 V.
697 183 1000 240 NERVAE
1037 182 1131 237 ET
1167 182 1473 238 TRAIANI
1508 181 1721 238 TEMP.
1759 181 1952 238 IURIS
1990 179 2411 238 CONSULTI

975 345 1074 411 De
1117 347 1415 429 emptione
1456 346 1809 410 venditione.

560 463 620 526 9.
667 461 744 525 D.
778 462 878 544 18,
909 463 968 544 1,
995 462 1096 526 64.
1170 461 1351 524 Idem
1384 457 1498 547 (sc.
1528 457 1899 547 Iavolenus)
1926 461 2100 524 libro
2134 461 2463 524 secundo

381 550 845 634 Epistularum.
908 588 984 596 —
1043 551 1313 615 Fundus
1366 551 1471 614 ille
1516 555 1602 615 est
1643 549 1800 614 mihi
1841 555 1898 614 et
1944 547 2116 613 Titio
2164 555 2463 630 emptus:

381 660 636 725 quaero,
677 644 886 704 utrum
931 642 1003 704 in
1039 644 1283 720 partem
1328 660 1415 702 an
1459 639 1530 703 in
1574 643 1764 703 totum
1807 639 2075 703 venditio
2124 639 2465 703 consistat

385 748 473 793 an
515 728 678 792 nihil
719 733 923 793 aetiam
966 729 1064 793 sit.

562 817 908 899 Respondi:
959 836 1297 900 personam
1354 815 1510 880 Titii
1566 835 1935 897 supervacuo
1990 816 2455 897 accipiendam

373 911 532 990 puto
577 908 822 988 ideoque
868 909 1051 972 totius
1089 905 1278 985 fundi
1322 907 1681 988 emptionem
1724 907 1811 968 ad
1852 925 1947 968 me
1978 905 2341 986 pertinere.

1109 1081 1210 1146 De
1252 1083 1687 1147 communione.

571 1196 673 1263 10.
716 1197 795 1262 D.
830 1198 928 1281 10,
957 1199 1016 1281 3,
1048 1197 1149 1262 18.
1229 1196 1571 1262 Iavolenus
1617 1197 1783 1262 libro
1831 1197 2111 1262 secundo
2154 1197 2445 1280 Epistu-

391 1287 620 1353 larum.
665 1323 749 1333 —
809 1285 889 1352 Ut
924 1285 1162 1365 fundus
1206 1285 1611 1352 hereditarius
1650 1288 1845 1367 fundo
1880 1307 2007 1351 non
2042 1286 2440 1352 hereditario

390 1378 634 1454 serviat,
683 1375 914 1439 arbiter
956 1377 1272 1458 disponere
1317 1395 1443 1440 non
1478 1381 1690 1458 potest,
1734 1377 1884 1458 quia
1927 1375 2100 1440 ultra
2128 1376 2221 1439 'id
2264 1377 2443 1457 quod

389 1467 462 1532 in
515 1465 814 1529 iudicium
866 1464 1185 1528 deductum
1237 1469 1327 1528 est
1376 1465 1650 1529 excedere
1690 1469 1962 1566 potestas
2016 1465 2247 1529 iudicis
2304 1485 2437 1528 non

383 1558 597 1638 pom&
957 1640 1056 1705 De
1097 1641 1417 1706 verborum
1462 1641 1838 1724 obliyatione.

576 1757 675 1820 11.
733 1752 814 1822 D.
840 1755 948 1841 45,
978 1757 1034 1835 1,
1067 1755 1212 1821 105.
1302 1755 1481 1820 Idem
1524 1752 1641 1842 (sc.
1687 1752 2058 1840 Iavolenus)
2106 1755 2281 1821 libro
2332 1779 2430 1822 se-

395 1845 604 1910 cundo
670 1844 1132 1928 Epistularum.
1203 1881 1278 1891 —
1346 1845 1695 1927 Stipulatus
1764 1865 1902 1910 sum
1964 1845 2249 1911 Damam
2310 1851 2429 1912 aut

395 1933 652 2001 Erotem
685 1954 927 1999 servum
962 1935 1123 2000 dari.
1195 1955 1335 2001 cum
1369 1933 1650 2000 Damam
1684 1935 1880 2021 dares,
1914 1957 2017 2019 eqo
2052 1956 2170 2018 quo
2209 1936 2425 2002 minus

394 2025 745 2109 acciperem
777 2023 847 2087 in
882 2044 1059 2089 mora
1089 2024 1224 2105 fui;
1262 2029 1540 2090 mortuus
1576 2029 1664 2090 est
1684 2024 1918 2090 Dama.
1990 2046 2077 2089 an
2100 2030 2299 2107 putas
2327 2047 2423 2090 me

396 2135 471 2179 ex
513 2112 814 2193 stipulatu
857 2114 1154 2177 actionem
1197 2112 1460 2178 habere?

572 2200 942 2283 Respondit:
1013 2202 1342 2267 secundum
1408 2203 1722 2267 Massurii
1782 2201 2007 2267 Sabini
2068 2203 2417 2283 opinionem

385 2296 543 2375 puto
590 2296 644 2354 te
679 2311 754 2355 ea·
787 2290 1092 2372 stipulatu
1127 2310 1304 2373 ayere
1337 2312 1462 2355 non
1486 2312 1698 2374 posse;
1745 2312 1895 2356 nam
1930 2293 1987 2357 is
2019 2296 2171 2355 recte
2205 2293 2411 2356 existi-

397 2380 629 2463 mabat,
683 2380 742 2444 si
782 2400 899 2461 per
955 2378 1277 2444 debitorem
1322 2399 1500 2445 mora
1542 2401 1668 2444 non
1710 2384 1881 2462 esset,
1934 2400 2052 2462 quo
2096 2380 2303 2445 minus
2348 2382 2415 2445 id

397 2470 560 2551 quod
600 2468 846 2533 debebat
887 2468 1156 2552 solveret,
1199 2470 1486 2534 continuo
1530 2489 1669 2533 eum
1712 2468 1904 2533 debito
1952 2469 2221 2533 liberari.

581 2558 680 2622 12.
741 2556 818 2622 D.
872 2558 980 2637 16,
1009 2557 1078 2641 2,
1111 2556 1209 2623 15.
1300 2556 1480 2621 Idem
1527 2554 1645 2644 (sc.
1682 2554 2054 2642 Iavolenus)
2103 2556 2267 2621 libro
2312 2579 2403 2621 se-

400 2646 626 2712 cundo·
671 2645 1136 2730 Epistularum.
1196 2682 1272 2692 —
1340 2646 1677 2711 Pecuniam
1739 2651 1894 2711 certo
1959 2646 2083 2711 loco
2144 2667 2187 2710 a
2250 2646 2403 2710 Titio

399 2736 545 2801 dari
596 2735 931 2818 stipulatus
981 2754 1137 2801 sum.
1210 2736 1268 2799 is
1310 2736 1470 2817 petit
1519 2755 1562 2798 a
1613 2754 1710 2799 me
1760 2755 1949 2817 quam
2005 2736 2062 2799 ei
2104 2734 2271 2800 debeo
2299 2756 2401 2817 pe-

399 2825 668 2889 cuniam.
730 2844 982 2908 quaero,
1045 2844 1132 2887 an
1183 2823 1294 2887 hoc
1343 2844 1575 2907 quoque
1605 2825 1998 2907 pensandum
2039 2824 2147 2907 sit,
2198 2825 2403 2905 quanti

401 2931 539 2975 mea
581 2912 867 2992 interfuit
906 2916 1063 2977 certo
1108 2911 1232 2976 loco
1277 2914 1438 2977 dari.

578 2999 946 3081 Respondit:
1007 3002 1066 3066 si
1124 3000 1331 3066 Titius
1380 3003 1553 3085 petit,
1610 3022 1745 3066 eam
1797 3022 2029 3084 quoque
2068 3001 2393 3085 pecuniam,

380 3107 590 3170 ‘quam
617 3094 774 3153 certo
802 3089 925 3154 loco
940 3090 1249 3171 promisit,
1277 3091 1348 3155 in
1373 3091 1914 3173 compensationem
1940 3092 2154 3155 deduci
2174 3095 2391 3172 oportet,

401 3177 510 3242 sed
551 3197 690 3241 cum
731 3197 850 3242 sua
886 3200 1092 3258 causa,
1137 3180 1208 3244 id
1240 3184 1329 3243 est
1360 3184 1431 3243 ut
1462 3180 1624 3244 ratio
1657 3179 1967 3257 habeatur,
2011 3180 2223 3262 quanti
2256 3179 2392 3242 Titii

402 3266 754 3348 interfuerit
775 3287 840 3331 eo
869 3266 993 3333 loco
1019 3288 1137 3351 quo
1163 3269 1506 3333 convenerit
1516 3269 1849 3351 pecuniam
1874 3269 2017 3331 dari
2034 3267 2213 3350 (datu
2232 3267 2387 3351 iri.2).

582 3368 826 3426 Pernice
852 3361 941 3426 Π2
968 3390 1025 3445 p.
1056 3371 1182 3429 306
1213 3388 1268 3427 n.
1304 3372 1367 3426 1:
1406 3364 1546 3427 ‘Mir
1582 3370 1814 3428 scheint
1847 3370 2014 3428 nicht
2041 3369 2384 3442 zweifelhaft‚

406 3454 538 3600 gase
573 3454 745 3600 31836
782 3456 1158 3532 Ετὸτὺοτιιῑις
1193 3456 1321 3514 sich
1356 3457 1467 3514 auf
1498 3455 1594 3515 die
1629 3457 2381 3533 Argentarierverhffltnisse

451 3542 570 3601 ezie
614 3546 643 3601 t
689 3588 702 3601 .
731 3588 744 3603 .
777 3538 813 3602 .'
