2575 3900
346 184 431 248 52
484 185 579 240 III.
610 184 763 238 (ΞΑ-ΙΙ
792 182 1085 238 CLAUDII
1103 182 1372 238 ΗΕΒ-ΟΝ.
1396 183 1683 239 GALBAE
1707 183 1922 238 TEMP.
1942 183 2133 238 IURIS
2159 184 2357 241 CONS.

346 371 526 414 servo
584 349 671 412 sit
725 345 1076 428 adscripta,
1131 369 1214 410 an
1270 347 1414 409 vivo
1472 346 1746 431 pupillo,
1800 350 1952 430 post
2011 345 2362 411 aditionem

344 437 637 502 videlieet
664 435 1041 499 hereditatis
1068 435 1292 518 patria,
1320 435 1661 499 statuliber
1689 436 1816 499 sit?
1847 433 2117 501 Cassius
2149 439 2362 518 negat.

520 525 622 589 63.
687 523 764 588 D.
794 522 900 604 35,
933 524 989 604 1,
1019 523 1120 603 72,
1151 525 1208 587 7.
1307 521 1484 587 Idem
1546 521 1661 608 (se.
1708 523 2130 607 Papinianus)
2187 524 2358 589 libro

345 618 571 679 octavo
625 612 868 677 decimo
917 610 1378 686 Quaestionum
1425 609 1521 696 (P.
1551 608 1728 696 272).
1775 648 1860 658 -
1907 611 2163 676 Falsam
2211 634 2360 677 eon-

345 702 663 766 dieionem
702 698 965 766 Cassius
1004 703 1068 763 et
1105 696 1363 764 Caelius
1402 697 1678 764 Sabinus
1717 700 2182 783 impossibilem
2222 722 2361 765 esse

344 790 671 872 dixerunt,
716 788 939 853 veluti:
988 787 1407 871 ‘Pamphilua
1455 788 1508 851 si
1557 788 1726 871 quod
1773 788 1942 854 Titio
1990 791 2189 854 debeo
2237 791 2362 853 sol-

343 880 537 963 verit,
596 878 761 942 liber
820 874 1000 960 esto',
1066 878 1119 940 si
1183 877 1368 940 modo
1424 875 1588 940 nihil
1643 876 1812 942 Titio
1868 877 1994 941 fuit
2048 878 2362 961 debitum3

345 967 515 1051 quod
572 966 627 1030 si
682 969 831 1049 post
887 968 1347 1029 testamentum
1400 965 1642 1028 factum
1698 970 1970 1030 testator
2024 967 2361 1050 pecuniam

345 1055 641 1139 exsolvit,
689 1055 990 1118 defecisse
1038 1053 1479 1118 condicionem
1527 1052 1840 1139 intellegi.

522 1144 625 1208 64.
688 1142 766 1207 D.
793 1143 899 1225 40,
928 1143 987 1223 5,
1016 1141 1116 1206 35.
1206 1141 1574 1206 Maecianus
1623 1142 1789 1206 libro
1838 1142 2063 1225 quinto
2112 1142 2362 1207 decimo

342 1231 1014 1297 Fideieommissorum
1070 1228 1166 1317 (P.
1210 1227 1345 1317 51).
1405 1264 1482 1275 —
1543 1229 1686 1294 Gaii
1743 1228 1948 1296 Cassii
2005 1253 2071 1295 ..
2138 1234 2237 1294 est
2297 1279 2310 1293 .
2350 1280 2365 1296 .

346 1321 664 1385 sententia
709 1319 1137 1383 existimantis
1186 1322 1251 1383 et
1296 1318 1516 1382 heredi
1564 1321 1627 1382 et
1673 1319 1990 1402 legatario
2030 1319 2366 1383 remitten-

346 1409 494 1473 dam
532 1408 851 1473 interdum
888 1408 1130 1492 proprii
1170 1408 1340 1471 servi
1368 1406 1861 1472 manumittendi
1893 1408 2367 1490 necessitatem,

344 1499 399 1562 si
454 1499 555 1560 vel
609 1519 761 1561 usus
818 1501 954 1560 tam
1010 1497 1408 1560 necessarius
1466 1500 1663 1577 esset,
1720 1500 1792 1559 ut
1846 1518 1921 1560 eo
1969 1517 2184 1560 carere
2231 1518 2366 1561 non

345 1586 697 1669 expediret,
751 1585 951 1649 veluti
1005 1584 1464 1667 dispensatoris
1509 1585 1947 1668 paedagogive
1994 1586 2368 1669 liberorum,

343 1674 445 1738 vel
482 1677 736 1738 tantum
773 1673 1076 1737 delictum
1116 1677 1233 1756 est,
1274 1675 1348 1735 ut
1384 1673 1547 1736 ultio
1584 1672 1971 1737 remittenda
2006 1694 2135 1737 non
2175 1678 2368 1739 esset.

522 1758 625 1826 65.
692 1762 765 1826 D.
803 1763 908 1844 40,
946 1763 1007 1843 4,
1042 1761 1147 1826 57.
1250 1760 1449 1825 Gaius
1514 1761 1681 1825 libro
1745 1763 1939 1826 tertio
2006 1761 2081 1824 de
2143 1783 2364 1825 manu-

344 1849 755 1915 missionibus
796 1847 895 1936 (P.
922 1847 1101 1935 480).
1138 1885 1227 1895 —
1262 1899 1278 1912 .
1301 1900 1348 1914 ..
1390 1847 1610 1913 Sabini
1650 1854 1714 1912 et
1753 1849 1960 1913 Cassii
2001 1850 2364 1913 sententiae

344 1990 360 2006 .
398 1990 413 2005 .
476 1939 585 2024 qui
649 1939 1021 2003 existimant
1086 1938 1429 2003 eonsilium
1491 1939 1790 2021 cuiusque
1849 1939 2367 2003 manumittentis

346 2029 624 2113 spectari
669 2028 915 2093 debere.

1092 2169 1191 2234 De
1233 2169 1627 2234 statuliberis.

524 2294 626 2357 66.
691 2291 767 2355 D.
806 2293 912 2375 40,
952 2294 1009 2371 7,
1046 2294 1106 2373 4,
1144 2292 1201 2355 8.
1303 2291 1537 2356 Paulus
1603 2292 1770 2356 libro
1838 2294 2063 2376 quinto
2120 2293 2201 2357 ad
2253 2290 2369 2357 Sa-

346 2383 571 2446 binum
620 2378 716 2467 (P.
750 2378 970 2465 1697).
1019 2417 1101 2425 —
1142 2378 1402 2445 Cassius
1451 2381 1544 2443 ait
1589 2382 1664 2464 ei,
1710 2382 1819 2464 qui
1867 2383 2108 2445 servire
2154 2382 2369 2446 iussus

347 2473 447 2535 est
493 2491 683 2553 anno,
727 2469 887 2533 illud
933 2472 1209 2552 tempuS,
1255 2490 1382 2551 quo
1430 2468 1499 2531 in
1542 2468 1701 2553 fuga
1745 2470 1832 2533 sit
1868 2470 1966 2534 vel
2005 2471 2071 2532 in
2110 2473 2364 2534 contro-

347 2559 556 2623 versia
599 2580 715 2643 pro
762 2558 1091 2641 libertate,
1138 2579 1268 2621 non
1313 2557 1672 2642 procedere.

522 2648 625 2713 67.
689 2646 767 2713 D.
804 2646 911 2729 40,
950 2648 1007 2729 7,
1044 2648 1104 2729 3,
1145 2648 1201 2710 1.
1238 2647 1299 2710 2.
1397 2646 1573 2710 Idem
1634 2643 1749 2731 (se.
1796 2642 2142 2731 Ulpianus)
2198 2646 2369 2711 libro

345 2736 696 2802 vicensimo
755 2736 1028 2819 septimo
1086 2735 1164 2799 ad
1222 2733 1531 2799 Sabinum
1581 2732 1681 2820 (P.
1709 2731 1932 2820 2697).
1978 2771 2067 2780 —
2113 2784 2126 2798 .
2158 2784 2171 2797 .
2203 2782 2218 2799 .
2273 2756 2370 2798 re-

350 2830 601 2906 ceptum
658 2828 757 2888 est
812 2874 825 2887 .
855 2872 898 2900 .,
952 2827 1025 2887 ut
1080 2846 1302 2887 servus
1355 2823 1708 2906 peculiares
1766 2844 2018 2906 quoque
2065 2844 2368 2888 nummos

349 2912 558 2974 dando
614 2912 950 2993 perveniat
1002 2910 1083 2974 ad
1138 2911 1532 2993 libertatem,
1595 2913 1727 2975 sive
1782 2911 1907 2993 ipsi
1961 2911 2178 2974 heredi
2233 2912 2370 2977 sive

350 2998 460 3063 alii
508 2999 658 3061 dare
704 3000 915 3062 iussus
963 3003 1078 3062 est.
1161 2999 1309 3063 inde
1357 3000 1702 3083 quaeritur,
1751 3000 1804 3063 si
1849 2999 2017 3063 forte
2055 2999 2369 3064 debeatur

348 3086 619 3173 pecunia
682 3087 831 3151 huie
896 3107 1074 3151 servo
1139 3087 1240 3150 vel
1306 3088 1387 3151 ab
1446 3088 1704 3173 herede,
1768 3089 1938 3172 quod
1993 3088 2059 3151 in
2118 3088 2372 3152 domini

348 3176 664 3257 rationem
718 3176 863 3259 plus
919 3180 1320 3259 erogaverat,
1380 3178 1476 3240 vel
1533 3179 1613 3242 ab
1662 3180 1990 3258 extraneO,
2044 3197 2160 3241 nee
2207 3178 2369 3242 velit

348 3265 535 3327 heres
618 3263 974 3328 debitorem
1055 3266 1392 3329 convenire
1476 3266 1575 3328 vel
1660 3267 2037 3329 statulibero
2113 3266 2368 3330 solvere

350 3353 716 3437 pecuniam,
782 3374 863 3416 an
919 3352 1145 3417 debeat
1199 3355 1278 3417 ad
1334 3354 1702 3418 libertatem
1755 3355 2112 3437 pervenire,
2179 3355 2370 3437 quasi

358 3462 597 3505 noram
653 3462 766 3524 per
826 3441 1122 3506 heredem
1185 3442 1487 3525 patiatur.
1569 3446 1632 3505 et
1709 3445 1821 3505 aut
1876 3442 2160 3527 legatum
2215 3441 2370 3507 huie

390 3530 731 3595 tatulibero
769 3530 893 3595 fuit
929 3530 1247 3615 peculium
1288 3536 1401 3596 aut
1438 3552 1585 3596 non.
1648 3532 1701 3594 si
1730 3532 2018 3615 legatum
2043 3532 2368 3614 peculium
