2575 3900
1017 215 1066 266 3.
1103 208 1428 264 MINICIUS
2095 211 2222 275 281

199 371 445 454 peeubio
498 371 766 456 solverit,
820 377 1081 455 repetere
1132 373 1419 438 dominus
1470 393 1597 436 non
1637 373 1893 455 poterit,
1887 398 1901 412 ·
1954 375 2118 456 quod
2157 394 2231 440 ex

212 461 523 527 dominica
573 461 846 544 pecunia
902 462 1172 542 solverit,
1238 460 1685 537 vinda-abitur,-
1741 461 1802 526 si
1857 481 1996 527 vero
2053 467 2231 528 extra

212 569 466 615 causam
518 549 751 632 peculii
801 512 1194 632 fideiusserit',
1257 550 1422 632 quod
1470 570 1545 614 ατ
1594 551 1866 632 pecunia
1918 551 2231 617 dominica

211 638 483 717 solverit,
548 659 774 721 aeque
802 638 1237 718 vindicabitur,
1311 639 1474 721 quod
1532 659 1606 703 ex
1665 639 1931 722 peculiO,
1996 640 2232 706 condici

203 728 445 810 Poterit
782 814 883 881 De
926 815 1240 880 verborum
1284 815 1662 898 obliyatione.

392 939 499 1004 22.
543 938 621 1004 D.
656 939 755 1017 17,
778 941 835 1022 1,
856 939 958 1005 33.
1048 938 1227 1003 Idem
1276 934 1394 1026 (sc.
1421 937 1740 1023 Iulianus)
1784 939 1950 1005 libro
1999 946 2232 1025 quarto

214 1049 291 1091 ex
348 1025 608 1092 Minicio
666 1027 761 1109 (P.
792 1025 972 1114 868).
1017 1063 1101 1074 —-
1147 1027 1440 1112 Rogatus
1495 1032 1569 1091 ut
1622 1026 1998 1093 fideiuberet
2053 1029 2110 1094 si
2163 1030 2234 1094 in

214 1117 530 1180 minorem
588 1138 905 1180 summam
960 1137 1027 1180 se
1083 1116 1422 1200 obligavit,
1489 1116 1587 1199 <is
1640 1138 1758 1200 pro
1818 1138 1941 1200 quo
2000 1139 2067 1182 se
2122 1119 2233 1183 ob-

213 1203 530 1289 ligavit?>
565 1208 738 1269 recte
774 1207 1055 1287 tenetur3
1094 1205 1151 1268 ei
1189 1204 1257 1268 in
1295 1203 1624 1287 maiorem,
1660 1203 1834 1287 <non
1871 1204 2232 1289 tenetur?>.

392 1296 661 1357 Iulianus
723 1299 923 1358 verius
988 1300 1164 1374 putat
1220 1298 1379 1374 quod
1435 1317 1470 1356 a
1523 1298 1826 1375 plerisque
1880 1317 2233 1376 responsum

216 1389 309 1446 est
355 1405 517 1462 eum,
575 1387 679 1464 qui
724 1387 1011 1446 maiorem
1057 1405 1352 1445 summam
1398 1405 1578 1462 quem
1623 1389 1868 1462 rogatus
1917 1390 2048 1447 erat
2090 1388 2231 1448 fide·

216 1474 517 1552 iussisset,
588 1476 875 1534 hactenus
937 1474 1207 1534 mandati
1269 1475 1565 1535 actionem
1626 1474 1874 1555 habere,
1938 1479 2232 1553 quatenus

133 1555 143 1565 “
216 1566 467 1641 rogatus
522 1566 707 1636 esset,
762 1563 906 1640 quia
959 1562 1021 1621 id
1076 1563 1340 1636 fecisset,
1396 1562 1554 1639 quod
1607 1563 1956 1622 mandatum
2011 1565 2068 1623 ei
2117 1570 2235 1640 est3

218 1670 358 1710 nam
399 1670 588 1729 usque
626 1653 702 1711 ad
740 1670 874 1710 eam
910 1671 1221 1728 summam,
1265 1651 1329 1709 in
1368 1669 1546 1727 quam
1582 1654 1826 1729 rogatus
1864 1655 2011 1730 erat,
2056 1653 2235 1713 fidem

220 1741 349 1799 eius
398 1743 697 1816 spectasse
742 1739 984 1800 videtur
1028 1740 1132 1818 qui
1177 1739 1432 1817 rogavit.

397 1841 524 1906 23?
576 1839 653 1906 D.
677 1842 778 1920 12,
804 1846 858 1923 1,
877 1842 979 1906 22.
1062 1840 1241 1905 Idem
1288 1837 1404 1927 (sc.
1433 1838 1752 1927 Iulianus)
1799 1842 1967 1907 libro
2006 1847 2234 1926 quarto

220 1952 295 1995 ex
347 1928 609 1995 Minicio
657 1929 753 2013 (P.
783 1926 962 2018 867).
1008 1966 1093 1977 --
1139 1928 1383 1994 Vinum
1440 1930 1610 2015 quod
1665 1933 1957 1996 mutuum
2014 1933 2236 1997 datum

220 2022 386 2102 erat,
438 2042 553 2103 per
606 2020 879 2084 iudicem
933 2020 1209 2103 petitum
1262 2022 1376 2083 est.
1467 2019 1831 2104 quaesitum
1878 2024 2002 2105 est,
2057 2021 2236 2086 cuius

218 2108 532 2192 temporis
580 2108 944 2173 aestimatio
991 2108 1191 2191 fieret,
1236 2110 1455 2171 utrum
1502 2129 1647 2172 cum
1685 2108 1907 2173 datum
1947 2114 2118 2173 esset
2153 2131 2237 2174 an

220 2218 365 2261 cum
415 2197 598 2260 litem
647 2199 1041 2262 contestatus
1086 2196 1318 2262 fuisset
1362 2217 1443 2259 an
1492 2217 1634 2261 cum
1680 2218 1782 2261 res
1827 2197 2237 2264 iudicaretur.

220 2281 499 2349 Sabinus
553 2286 913 2370 respondit,
969 2286 1023 2349 si
1080 2285 1320 2349 dictum
1377 2288 1547 2349 esset
1592 2306 1718 2368 quo
1763 2289 2055 2370 tempore
2099 2286 2238 2352 red-

221 2374 498 2457 deretur,
537 2374 762 2459 quanti
798 2377 951 2438 tunc
988 2373 1244 2458 fuisset3
1281 2373 1340 2436 si
1369 2371 1607 2436 dictum
1638 2394 1768 2437 non
1797 2379 1985 2458 esset,
2013 2376 2238 2460 quanti

220 2464 376 2527 tunc
413 2424 658 2544 fuisset,
698 2483 841 2526 cum
879 2461 1156 2544 petitum
1193 2464 1380 2525 esset.
1447 2459 1858 2545 interrogavi,
1895 2463 2074 2527 cuius
2111 2464 2238 2528 loci

219 2550 501 2634 pretium
548 2550 729 2633 sequi
777 2552 1092 2632 oporteat.
1182 2547 1543 2631 respondit,
1599 2550 1653 2612 si
1701 2550 2121 2634 convenisset,
2161 2556 2236 2616 ut

220 2642 398 2705 certo
445 2639 586 2702 loco
633 2637 1021 2719 redderetur,
1074 2636 1302 2720 quanti
1347 2656 1423 2700 eo
1471 2634 1615 2701 loco
1663 2641 1850 2721 esset,
1897 2639 1952 2702 si
1999 2638 2236 2703 dictum

219 2749 354 2793 non
404 2728 596 2807 esset,
647 2725 872 2809 quanti
916 2725 1028 2789 ubi
1075 2728 1244 2788 esset
1286 2724 1584 2807 petitum.

811 2901 911 2968 De
953 2902 1249 2987 emptione
1289 2902 1648 2967 venditione.

402 3027 531 3093 24⁴?
576 3027 655 3092 D.
678 3028 780 3111 19,
806 3029 861 3111 1,
879 3028 981 3093 29.
1063 3026 1243 3091 Idem
1289 3025 1406 3114 (sc.
1435 3025 1753 3111 Iulianus)
1799 3027 1965 3093 libro
2007 3035 2237 3113 quarto

222 3139 300 3181 ex
347 3113 611 3182 Minicio
659 3113 757 3202 (P.
779 3113 954 3202 863).
993 3152 1076 3163 —-
1115 3115 1234 3183 Oui
1281 3137 1384 3180 res
1434 3116 1553 3180 sub
1601 3116 1971 3181 condicione
2019 3118 2235 3202 legata

222 3209 388 3289 erat,
441 3205 497 3269 is
553 3228 693 3269 eam
750 3205 1116 3289 imprudens
1174 3206 1256 3269 ab
1311 3204 1543 3269 herede
1599 3205 1780 3270 emit:
1881 3212 2112 3271 actione
2167 3231 2239 3271 ex

223 3302 423 3374 empto
468 3300 692 3376 poterit
727 3301 1008 3377 consequi
1045 3303 1278 3376 emptor
1313 3298 1592 3375 pretium,
1638 3301 1872 3375 quando
1891 3295 1912 3330 ¹
1946 3320 2018 3359 ex
2055 3318 2238 3359 causa

222 3387 410 3465 legati
454 3407 581 3447 rem
624 3387 821 3448 habet.

370 3580 397 3628 1
440 3574 535 3630 Fz.
570 3573 703 3643 quia
737 3591 865 3629 non.
