<?xml version="1.0" encoding="UTF-8"?>
<!DOCTYPE html PUBLIC "-//W3C//DTD XHTML 1.0 Transitional//EN"
    "http://www.w3.org/TR/xhtml1/DTD/xhtml1-transitional.dtd">
<html xmlns="http://www.w3.org/1999/xhtml" xml:lang="en" lang="en">
 <head>
  <title>
</title>
<meta http-equiv="Content-Type" content="text/html;charset=utf-8" />
  <meta name='ocr-system' content='tesseract 3.04.00' />
  <meta name='ocr-capabilities' content='ocr_page ocr_carea ocr_par ocr_line ocrx_word'/>
</head>
<body>
  <div class='ocr_page' id='page_1' title='image "./iurisprudentiae00unkngoog_0118.png"; bbox 0 0 2575 3900; ppageno 0'>
   <div class='ocr_carea' id='block_1_1' title="bbox 345 150 2358 216">
    <p class='ocr_par' dir='ltr' id='par_1_1' title="bbox 345 150 2358 216">
     <span class='ocr_line' id='line_1_1' title="bbox 345 150 2358 216; baseline 0.001 -10"><span class='ocrx_word' id='word_1_1' title='bbox 345 152 431 216; x_wconf 83' lang='lat'>82</span> <span class='ocrx_word' id='word_1_2' title='bbox 487 152 577 209; x_wconf 91' lang='lat'>111.</span> <span class='ocrx_word' id='word_1_3' title='bbox 608 152 761 206; x_wconf 86' lang='lat' dir='ltr'><strong>GAII</strong></span> <span class='ocrx_word' id='word_1_4' title='bbox 789 151 1081 208; x_wconf 81' lang='lat' dir='ltr'>CLAUDII</span> <span class='ocrx_word' id='word_1_5' title='bbox 1108 150 1377 208; x_wconf 84' lang='lat' dir='ltr'><strong>NERON.</strong></span> <span class='ocrx_word' id='word_1_6' title='bbox 1400 151 1689 207; x_wconf 75' lang='lat' dir='ltr'>GALBAE</span> <span class='ocrx_word' id='word_1_7' title='bbox 1710 151 1922 209; x_wconf 84' lang='grc' dir='ltr'><strong>ΤΕΜΡ.</strong></span> <span class='ocrx_word' id='word_1_8' title='bbox 1943 151 2137 208; x_wconf 83' lang='lat' dir='ltr'><strong>IURIS</strong></span> <span class='ocrx_word' id='word_1_9' title='bbox 2158 151 2358 209; x_wconf 81' lang='lat' dir='ltr'><strong>CONS.</strong></span> 
     </span>
    </p>
   </div>
   <div class='ocr_carea' id='block_1_2' title="bbox 340 315 2366 1287">
    <p class='ocr_par' dir='ltr' id='par_1_2' title="bbox 340 315 2366 1287">
     <span class='ocr_line' id='line_1_2' title="bbox 343 315 2362 400; baseline 0 -20"><span class='ocrx_word' id='word_1_10' title='bbox 343 316 621 400; x_wconf 87' lang='lat' dir='ltr'>publicis</span> <span class='ocrx_word' id='word_1_11' title='bbox 678 315 904 380; x_wconf 88' lang='lat' dir='ltr'>relicta</span> <span class='ocrx_word' id='word_1_12' title='bbox 958 315 1027 379; x_wconf 88' lang='lat' dir='ltr'>in</span> <span class='ocrx_word' id='word_1_13' title='bbox 1078 317 1366 399; x_wconf 84' lang='lat' dir='ltr'>privatos</span> <span class='ocrx_word' id='word_1_14' title='bbox 1424 337 1578 380; x_wconf 89' lang='lat' dir='ltr'>usus</span> <span class='ocrx_word' id='word_1_15' title='bbox 1633 315 1874 380; x_wconf 85' lang='lat' dir='ltr'>reverti</span> <span class='ocrx_word' id='word_1_16' title='bbox 1921 317 1986 380; x_wconf 86' lang='lat' dir='ltr'>et</span> <span class='ocrx_word' id='word_1_17' title='bbox 2032 337 2109 379; x_wconf 86' lang='lat' dir='ltr'>ex</span> <span class='ocrx_word' id='word_1_18' title='bbox 2156 315 2362 380; x_wconf 88' lang='lat' dir='ltr'>libero</span> 
     </span>
     <span class='ocr_line' id='line_1_3' title="bbox 344 403 2360 489; baseline -0 -20"><span class='ocrx_word' id='word_1_19' title='bbox 344 427 565 469; x_wconf 88' lang='lat' dir='ltr'>servus</span> <span class='ocrx_word' id='word_1_20' title='bbox 621 404 762 468; x_wconf 87' lang='lat' dir='ltr'>fieri</span> <span class='ocrx_word' id='word_1_21' title='bbox 817 408 1048 488; x_wconf 86' lang='lat' dir='ltr'>potest.</span> <span class='ocrx_word' id='word_1_22' title='bbox 1139 427 1291 470; x_wconf 84' lang='lat' dir='ltr'>nam</span> <span class='ocrx_word' id='word_1_23' title='bbox 1345 408 1409 468; x_wconf 90' lang='lat' dir='ltr'>et</span> <span class='ocrx_word' id='word_1_24' title='bbox 1455 425 1599 469; x_wconf 89' lang='lat' dir='ltr'>cum</span> <span class='ocrx_word' id='word_1_25' title='bbox 1648 405 1788 489; x_wconf 91' lang='lat' dir='ltr'>quis</span> <span class='ocrx_word' id='word_1_26' title='bbox 1835 424 1972 468; x_wconf 90' lang='lat' dir='ltr'>rem</span> <span class='ocrx_word' id='word_1_27' title='bbox 2018 403 2360 488; x_wconf 82' lang='lat' dir='ltr'>profanam</span> 
     </span>
     <span class='ocr_line' id='line_1_4' title="bbox 345 487 2359 576; baseline 0 -20"><span class='ocrx_word' id='word_1_28' title='bbox 345 497 457 556; x_wconf 86' lang='lat' dir='ltr'>aut</span> <span class='ocrx_word' id='word_1_29' title='bbox 495 489 788 558; x_wconf 86' lang='lat' dir='ltr'>Stichum</span> <span class='ocrx_word' id='word_1_30' title='bbox 826 493 964 557; x_wconf 87' lang='lat' dir='ltr'>dari</span> <span class='ocrx_word' id='word_1_31' title='bbox 1004 493 1320 576; x_wconf 74' lang='lat' dir='ltr'>promisit,</span> <span class='ocrx_word' id='word_1_32' title='bbox 1364 492 1694 570; x_wconf 87' lang='lat' dir='ltr'>liberatur,</span> <span class='ocrx_word' id='word_1_33' title='bbox 1742 487 1796 557; x_wconf 91' lang='lat' dir='ltr'>si</span> <span class='ocrx_word' id='word_1_34' title='bbox 1835 492 1972 556; x_wconf 90' lang='lat' dir='ltr'>sine</span> <span class='ocrx_word' id='word_1_35' title='bbox 2009 493 2181 557; x_wconf 84' lang='lat' dir='ltr'>facto</span> <span class='ocrx_word' id='word_1_36' title='bbox 2223 493 2359 556; x_wconf 87' lang='lat' dir='ltr'>eius</span> 
     </span>
     <span class='ocr_line' id='line_1_5' title="bbox 343 579 2361 666; baseline 0 -21"><span class='ocrx_word' id='word_1_37' title='bbox 343 603 445 646; x_wconf 88' lang='lat' dir='ltr'>res</span> <span class='ocrx_word' id='word_1_38' title='bbox 494 603 676 647; x_wconf 89' lang='lat' dir='ltr'>sacra</span> <span class='ocrx_word' id='word_1_39' title='bbox 723 602 862 645; x_wconf 90' lang='lat' dir='ltr'>esse</span> <span class='ocrx_word' id='word_1_40' title='bbox 910 585 1196 665; x_wconf 90' lang='lat' dir='ltr'>coeperit</span> <span class='ocrx_word' id='word_1_41' title='bbox 1242 586 1355 645; x_wconf 86' lang='lat' dir='ltr'>aut</span> <span class='ocrx_word' id='word_1_42' title='bbox 1391 579 1649 646; x_wconf 86' lang='lat' dir='ltr'>Stichus</span> <span class='ocrx_word' id='word_1_43' title='bbox 1691 581 1770 645; x_wconf 90' lang='lat' dir='ltr'>ad</span> <span class='ocrx_word' id='word_1_44' title='bbox 1809 582 2176 645; x_wconf 86' lang='lat' dir='ltr'>libertatem</span> <span class='ocrx_word' id='word_1_45' title='bbox 2215 603 2361 666; x_wconf 89' lang='lat' dir='ltr'>per-</span> 
     </span>
     <span class='ocr_line' id='line_1_6' title="bbox 342 669 2357 756; baseline 0 -23"><span class='ocrx_word' id='word_1_46' title='bbox 342 670 605 754; x_wconf 82' lang='lat' dir='ltr'>venerit,</span> <span class='ocrx_word' id='word_1_47' title='bbox 652 691 769 735; x_wconf 90' lang='lat' dir='ltr'>nec</span> <span class='ocrx_word' id='word_1_48' title='bbox 806 675 1189 735; x_wconf 81' lang='lat' dir='ltr'><strong>revocantur</strong></span> <span class='ocrx_word' id='word_1_49' title='bbox 1225 671 1293 734; x_wconf 90' lang='lat' dir='ltr'>in</span> <span class='ocrx_word' id='word_1_50' title='bbox 1331 670 1816 753; x_wconf 80' lang='lat' dir='ltr'>obligationem,</span> <span class='ocrx_word' id='word_1_51' title='bbox 1862 669 1917 734; x_wconf 92' lang='lat' dir='ltr'>si</span> <span class='ocrx_word' id='word_1_52' title='bbox 1955 692 2174 734; x_wconf 89' lang='lat' dir='ltr'>rursus</span> <span class='ocrx_word' id='word_1_53' title='bbox 2212 672 2357 756; x_wconf 85' lang='lat' dir='ltr'>lege</span> 
     </span>
     <span class='ocr_line' id='line_1_7' title="bbox 344 755 2362 842; baseline -0.001 -18"><span class='ocrx_word' id='word_1_54' title='bbox 344 759 561 842; x_wconf 85' lang='lat' dir='ltr'>aliqua</span> <span class='ocrx_word' id='word_1_55' title='bbox 614 762 679 824; x_wconf 88' lang='lat' dir='ltr'>et</span> <span class='ocrx_word' id='word_1_56' title='bbox 733 781 835 822; x_wconf 91' lang='lat' dir='ltr'>res</span> <span class='ocrx_word' id='word_1_57' title='bbox 890 780 1075 823; x_wconf 83' lang='lat' dir='ltr'>sacra</span> <span class='ocrx_word' id='word_1_58' title='bbox 1131 759 1402 841; x_wconf 86' lang='lat' dir='ltr'>profana</span> <span class='ocrx_word' id='word_1_59' title='bbox 1458 781 1596 824; x_wconf 87' lang='lat' dir='ltr'>esse</span> <span class='ocrx_word' id='word_1_60' title='bbox 1644 762 1929 842; x_wconf 86' lang='lat' dir='ltr'>coeperit</span> <span class='ocrx_word' id='word_1_61' title='bbox 1983 761 2048 822; x_wconf 88' lang='lat' dir='ltr'>et</span> <span class='ocrx_word' id='word_1_62' title='bbox 2100 755 2362 823; x_wconf 83' lang='lat' dir='ltr'>Stichus</span> 
     </span>
     <span class='ocr_line' id='line_1_8' title="bbox 342 845 2365 929; baseline -0 -17"><span class='ocrx_word' id='word_1_63' title='bbox 342 869 420 913; x_wconf 85' lang='lat' dir='ltr'>ex</span> <span class='ocrx_word' id='word_1_64' title='bbox 483 846 688 912; x_wconf 85' lang='lat' dir='ltr'>libero</span> <span class='ocrx_word' id='word_1_65' title='bbox 755 869 975 912; x_wconf 82' lang='lat' dir='ltr'>servus</span> <span class='ocrx_word' id='word_1_66' title='bbox 1040 847 1305 912; x_wconf 85' lang='lat' dir='ltr'>effeetus</span> <span class='ocrx_word' id='word_1_67' title='bbox 1362 849 1466 912; x_wconf 90' lang='lat' dir='ltr'>sit.</span> <span class='ocrx_word' id='word_1_68' title='bbox 1563 845 1794 929; x_wconf 86' lang='lat' dir='ltr'>&lt;Celso</span> <span class='ocrx_word' id='word_1_69' title='bbox 1860 852 2083 912; x_wconf 89' lang='lat' dir='ltr'>tamen</span> <span class='ocrx_word' id='word_1_70' title='bbox 2137 850 2365 912; x_wconf 85' lang='lat' dir='ltr'>contra</span> 
     </span>
     <span class='ocr_line' id='line_1_9' title="bbox 340 935 2362 1021; baseline 0 -21"><span class='ocrx_word' id='word_1_71' title='bbox 340 937 550 1000; x_wconf 84' lang='lat' dir='ltr'>visum</span> <span class='ocrx_word' id='word_1_72' title='bbox 598 937 759 1020; x_wconf 88' lang='lat' dir='ltr'>est,&gt;</span> <span class='ocrx_word' id='word_1_73' title='bbox 805 937 1109 1020; x_wconf 87' lang='lat' dir='ltr'>quoniam</span> <span class='ocrx_word' id='word_1_74' title='bbox 1157 958 1285 1001; x_wconf 89' lang='lat' dir='ltr'>una</span> <span class='ocrx_word' id='word_1_75' title='bbox 1333 941 1522 1021; x_wconf 88' lang='lat' dir='ltr'>atquc</span> <span class='ocrx_word' id='word_1_76' title='bbox 1581 937 1802 1000; x_wconf 88' lang='lat' dir='ltr'>eadem</span> <span class='ocrx_word' id='word_1_77' title='bbox 1851 957 2047 1000; x_wconf 84' lang='lat' dir='ltr'>causa</span> <span class='ocrx_word' id='word_1_78' title='bbox 2093 941 2156 1000; x_wconf 87' lang='lat' dir='ltr'>et</span> <span class='ocrx_word' id='word_1_79' title='bbox 2204 935 2362 1000; x_wconf 91' lang='lat' dir='ltr'>libe-</span> 
     </span>
     <span class='ocr_line' id='line_1_10' title="bbox 343 1024 2366 1110; baseline -0 -21"><span class='ocrx_word' id='word_1_80' title='bbox 343 1025 527 1090; x_wconf 88' lang='lat' dir='ltr'>randi</span> <span class='ocrx_word' id='word_1_81' title='bbox 566 1029 631 1090; x_wconf 91' lang='lat' dir='ltr'>et</span> <span class='ocrx_word' id='word_1_82' title='bbox 669 1025 1003 1110; x_wconf 84' lang='lat' dir='ltr'>obligandi</span> <span class='ocrx_word' id='word_1_83' title='bbox 1041 1029 1230 1107; x_wconf 88' lang='lat' dir='ltr'>esset,</span> <span class='ocrx_word' id='word_1_84' title='bbox 1278 1025 1449 1108; x_wconf 91' lang='lat' dir='ltr'>quod</span> <span class='ocrx_word' id='word_1_85' title='bbox 1488 1030 1600 1089; x_wconf 87' lang='lat' dir='ltr'>aut</span> <span class='ocrx_word' id='word_1_86' title='bbox 1646 1025 1786 1089; x_wconf 90' lang='lat' dir='ltr'>dari</span> <span class='ocrx_word' id='word_1_87' title='bbox 1833 1046 1962 1088; x_wconf 89' lang='lat' dir='ltr'>non</span> <span class='ocrx_word' id='word_1_88' title='bbox 2003 1024 2212 1107; x_wconf 90' lang='lat' dir='ltr'>possit</span> <span class='ocrx_word' id='word_1_89' title='bbox 2249 1028 2366 1088; x_wconf 89' lang='lat' dir='ltr'>aut</span> 
     </span>
     <span class='ocr_line' id='line_1_11' title="bbox 344 1112 2363 1199; baseline -0 -22"><span class='ocrx_word' id='word_1_90' title='bbox 344 1114 483 1179; x_wconf 87' lang='lat' dir='ltr'>dari</span> <span class='ocrx_word' id='word_1_91' title='bbox 514 1113 749 1199; x_wconf 88' lang='lat' dir='ltr'>possit;</span> <span class='ocrx_word' id='word_1_92' title='bbox 787 1134 940 1177; x_wconf 89' lang='lat' dir='ltr'>nam</span> <span class='ocrx_word' id='word_1_93' title='bbox 970 1118 1034 1177; x_wconf 91' lang='lat' dir='ltr'>et</span> <span class='ocrx_word' id='word_1_94' title='bbox 1063 1114 1118 1177; x_wconf 90' lang='lat' dir='ltr'>si</span> <span class='ocrx_word' id='word_1_95' title='bbox 1146 1134 1400 1195; x_wconf 85' lang='lat' dir='ltr'>navem,</span> <span class='ocrx_word' id='word_1_96' title='bbox 1438 1135 1632 1197; x_wconf 87' lang='lat' dir='ltr'>quam</span> <span class='ocrx_word' id='word_1_97' title='bbox 1661 1113 2024 1197; x_wconf 77' lang='lat' dir='ltr'>spopondit,</span> <span class='ocrx_word' id='word_1_98' title='bbox 2063 1112 2363 1177; x_wconf 87' lang='lat' dir='ltr'>dominus</span> 
     </span>
     <span class='ocr_line' id='line_1_12' title="bbox 343 1201 2363 1287; baseline 0 -22"><span class='ocrx_word' id='word_1_99' title='bbox 343 1202 639 1268; x_wconf 87' lang='lat' dir='ltr'>dissolvit</span> <span class='ocrx_word' id='word_1_100' title='bbox 675 1206 740 1265; x_wconf 90' lang='lat' dir='ltr'>et</span> <span class='ocrx_word' id='word_1_101' title='bbox 775 1202 978 1266; x_wconf 91' lang='lat' dir='ltr'>isdem</span> <span class='ocrx_word' id='word_1_102' title='bbox 1021 1201 1265 1266; x_wconf 87' lang='lat' dir='ltr'>tabulis</span> <span class='ocrx_word' id='word_1_103' title='bbox 1299 1203 1716 1287; x_wconf 75' lang='lat' dir='ltr'>compegerit,</span> <span class='ocrx_word' id='word_1_104' title='bbox 1753 1203 1902 1287; x_wconf 83' lang='lat' dir='ltr'>quia</span> <span class='ocrx_word' id='word_1_105' title='bbox 1930 1201 2153 1266; x_wconf 87' lang='lat' dir='ltr'>eadem</span> <span class='ocrx_word' id='word_1_106' title='bbox 2179 1202 2363 1266; x_wconf 84' lang='lat' dir='ltr'>navis</span> 
     </span>
    </p>
   </div>
   <div class='ocr_carea' id='block_1_3' title="bbox 245 1290 2363 1375">
    <p class='ocr_par' dir='ltr' id='par_1_3' title="bbox 245 1290 2363 1375">
     <span class='ocr_line' id='line_1_13' title="bbox 245 1290 2363 1375; baseline -0 -20"><span class='ocrx_word' id='word_1_107' title='bbox 245 1348 250 1355; x_wconf 95' lang='lat'><strong>.</strong></span> <span class='ocrx_word' id='word_1_108' title='bbox 344 1297 538 1374; x_wconf 87' lang='lat' dir='ltr'>esset,</span> <span class='ocrx_word' id='word_1_109' title='bbox 594 1290 908 1374; x_wconf 74' lang='lat' dir='ltr'>inciperet</span> <span class='ocrx_word' id='word_1_110' title='bbox 955 1291 1249 1375; x_wconf 84' lang='lat' dir='ltr'>obligari.</span> <span class='ocrx_word' id='word_1_111' title='bbox 1344 1312 1460 1374; x_wconf 91' lang='lat' dir='ltr'>pro</span> <span class='ocrx_word' id='word_1_112' title='bbox 1510 1313 1636 1375; x_wconf 89' lang='lat' dir='ltr'>quo</span> <span class='ocrx_word' id='word_1_113' title='bbox 1685 1297 1751 1355; x_wconf 87' lang='lat' dir='ltr'>et</span> <span class='ocrx_word' id='word_1_114' title='bbox 1794 1291 1954 1354; x_wconf 87' lang='lat' dir='ltr'>illud</span> <span class='ocrx_word' id='word_1_115' title='bbox 2001 1290 2126 1355; x_wconf 88' lang='lat' dir='ltr'>dici</span> <span class='ocrx_word' id='word_1_116' title='bbox 2174 1311 2363 1373; x_wconf 88' lang='lat' dir='ltr'>posse</span> 
     </span>
    </p>
   </div>
   <div class='ocr_carea' id='block_1_4' title="bbox 340 1379 2366 1906">
    <p class='ocr_par' dir='ltr' id='par_1_4' title="bbox 340 1379 2366 1906">
     <span class='ocr_line' id='line_1_14' title="bbox 340 1379 2364 1462; baseline 0 -18"><span class='ocrx_word' id='word_1_117' title='bbox 340 1379 576 1447; x_wconf 88' lang='lat' dir='ltr'>Pedius</span> <span class='ocrx_word' id='word_1_118' title='bbox 641 1381 893 1444; x_wconf 89' lang='lat' dir='ltr'>scribit:</span> <span class='ocrx_word' id='word_1_119' title='bbox 960 1379 1016 1444; x_wconf 89' lang='lat' dir='ltr'>si</span> <span class='ocrx_word' id='word_1_120' title='bbox 1072 1380 1419 1462; x_wconf 87' lang='lat' dir='ltr'>stipulatus</span> <span class='ocrx_word' id='word_1_121' title='bbox 1478 1380 1658 1444; x_wconf 89' lang='lat' dir='ltr'>fuero</span> <span class='ocrx_word' id='word_1_122' title='bbox 1716 1401 1794 1444; x_wconf 86' lang='lat' dir='ltr'>ex</span> <span class='ocrx_word' id='word_1_123' title='bbox 1848 1379 2045 1445; x_wconf 86' lang='lat' dir='ltr'>fundo</span> <span class='ocrx_word' id='word_1_124' title='bbox 2103 1383 2364 1444; x_wconf 87' lang='lat' dir='ltr'>centum</span> 
     </span>
     <span class='ocr_line' id='line_1_15' title="bbox 344 1468 2366 1553; baseline -0 -21"><span class='ocrx_word' id='word_1_125' title='bbox 344 1468 687 1552; x_wconf 78' lang='lat' dir='ltr'>amphoras</span> <span class='ocrx_word' id='word_1_126' title='bbox 742 1469 902 1551; x_wconf 86' lang='lat' dir='ltr'>vini,</span> <span class='ocrx_word' id='word_1_127' title='bbox 959 1473 1331 1553; x_wconf 84' lang='lat' dir='ltr'>exspectare</span> <span class='ocrx_word' id='word_1_128' title='bbox 1376 1468 1608 1548; x_wconf 86' lang='lat' dir='ltr'>debeo,</span> <span class='ocrx_word' id='word_1_129' title='bbox 1665 1468 1866 1533; x_wconf 89' lang='lat' dir='ltr'>donec</span> <span class='ocrx_word' id='word_1_130' title='bbox 1910 1470 2243 1550; x_wconf 87' lang='lat' dir='ltr'>nascatur,</span> <span class='ocrx_word' id='word_1_131' title='bbox 2299 1473 2366 1531; x_wconf 90' lang='lat' dir='ltr'>et</span> 
     </span>
     <span class='ocr_line' id='line_1_16' title="bbox 346 1556 2365 1641; baseline -0 -20"><span class='ocrx_word' id='word_1_132' title='bbox 346 1557 403 1621; x_wconf 91' lang='lat' dir='ltr'>si</span> <span class='ocrx_word' id='word_1_133' title='bbox 448 1561 673 1621; x_wconf 88' lang='lat' dir='ltr'>natum</span> <span class='ocrx_word' id='word_1_134' title='bbox 722 1558 857 1620; x_wconf 88' lang='lat' dir='ltr'>sine</span> <span class='ocrx_word' id='word_1_135' title='bbox 906 1557 1093 1641; x_wconf 84' lang='lat' dir='ltr'>culpa</span> <span class='ocrx_word' id='word_1_136' title='bbox 1128 1557 1545 1641; x_wconf 84' lang='lat' dir='ltr'>promissoris</span> <span class='ocrx_word' id='word_1_137' title='bbox 1585 1563 2039 1640; x_wconf 89' lang='lat' dir='ltr'>consumptum</span> <span class='ocrx_word' id='word_1_138' title='bbox 2079 1556 2181 1639; x_wconf 88' lang='lat' dir='ltr'>sit,</span> <span class='ocrx_word' id='word_1_139' title='bbox 2226 1578 2365 1620; x_wconf 90' lang='lat' dir='ltr'>rur-</span> 
     </span>
     <span class='ocr_line' id='line_1_17' title="bbox 343 1644 2363 1728; baseline -0 -19"><span class='ocrx_word' id='word_1_140' title='bbox 343 1667 482 1709; x_wconf 88' lang='lat' dir='ltr'>sum</span> <span class='ocrx_word' id='word_1_141' title='bbox 526 1650 893 1728; x_wconf 86' lang='lat' dir='ltr'>cxspectare</span> <span class='ocrx_word' id='word_1_142' title='bbox 933 1646 1217 1728; x_wconf 86' lang='lat' dir='ltr'>debeam,</span> <span class='ocrx_word' id='word_1_143' title='bbox 1265 1646 1466 1711; x_wconf 91' lang='lat' dir='ltr'>donec</span> <span class='ocrx_word' id='word_1_144' title='bbox 1502 1647 1736 1710; x_wconf 89' lang='lat' dir='ltr'>iterum</span> <span class='ocrx_word' id='word_1_145' title='bbox 1779 1649 2079 1710; x_wconf 83' lang='lat' dir='ltr'>nascatur</span> <span class='ocrx_word' id='word_1_146' title='bbox 2117 1647 2181 1708; x_wconf 88' lang='lat' dir='ltr'>et</span> <span class='ocrx_word' id='word_1_147' title='bbox 2221 1644 2363 1709; x_wconf 91' lang='lat' dir='ltr'>dari</span> 
     </span>
     <span class='ocr_line' id='line_1_18' title="bbox 341 1733 2362 1816; baseline -0.001 -17"><span class='ocrx_word' id='word_1_148' title='bbox 341 1735 565 1816; x_wconf 86' lang='lat' dir='ltr'>possit,</span> <span class='ocrx_word' id='word_1_149' title='bbox 611 1739 676 1797; x_wconf 92' lang='lat' dir='ltr'>et</span> <span class='ocrx_word' id='word_1_150' title='bbox 720 1756 833 1816; x_wconf 90' lang='lat' dir='ltr'>per</span> <span class='ocrx_word' id='word_1_151' title='bbox 878 1733 997 1798; x_wconf 91' lang='lat' dir='ltr'>has</span> <span class='ocrx_word' id='word_1_152' title='bbox 1045 1735 1214 1798; x_wconf 86' lang='lat' dir='ltr'>vices</span> <span class='ocrx_word' id='word_1_153' title='bbox 1262 1740 1376 1798; x_wconf 89' lang='lat' dir='ltr'>aut</span> <span class='ocrx_word' id='word_1_154' title='bbox 1423 1741 1817 1799; x_wconf 82' lang='lat' dir='ltr'>cessaturam</span> <span class='ocrx_word' id='word_1_155' title='bbox 1860 1737 1973 1798; x_wconf 90' lang='lat' dir='ltr'>aut</span> <span class='ocrx_word' id='word_1_156' title='bbox 2014 1734 2362 1798; x_wconf 75' lang='lat' dir='ltr'>valituram</span> 
     </span>
     <span class='ocr_line' id='line_1_19' title="bbox 344 1822 845 1906; baseline 0.002 -20"><span class='ocrx_word' id='word_1_157' title='bbox 344 1822 845 1906; x_wconf 84' lang='lat' dir='ltr'>stipulationem.</span> 
     </span>
    </p>
   </div>
   <div class='ocr_carea' id='block_1_5' title="bbox 521 2054 2180 2149">
    <p class='ocr_par' dir='ltr' id='par_1_5' title="bbox 521 2054 2180 2149">
     <span class='ocr_line' id='line_1_20' title="bbox 521 2054 2180 2149; baseline 0.001 -34"><span class='ocrx_word' id='word_1_158' title='bbox 521 2057 599 2115; x_wconf 89' lang='lat' dir='ltr'>H.</span> <span class='ocrx_word' id='word_1_159' title='bbox 646 2058 751 2117; x_wconf 86' lang='lat' dir='ltr'>Ad</span> <span class='ocrx_word' id='word_1_160' title='bbox 796 2057 1105 2149; x_wconf 85' lang='lat' dir='ltr'>edictum</span> <span class='ocrx_word' id='word_1_161' title='bbox 1153 2058 1514 2134; x_wconf 84' lang='lat' dir='ltr'>praetoris</span> <span class='ocrx_word' id='word_1_162' title='bbox 1563 2054 1944 2137; x_wconf 84' lang='lat' dir='ltr'>&lt;urbani‘?)</span> <span class='ocrx_word' id='word_1_163' title='bbox 1990 2059 2180 2117; x_wconf 90' lang='lat' dir='ltr'>libri.</span> 
     </span>
    </p>
   </div>
   <div class='ocr_carea' id='block_1_6' title="bbox 341 2177 2370 3589">
    <p class='ocr_par' dir='ltr' id='par_1_6' title="bbox 342 2177 2367 3393">
     <span class='ocr_line' id='line_1_21' title="bbox 518 2177 2365 2262; baseline 0.002 -23"><span class='ocrx_word' id='word_1_164' title='bbox 518 2181 868 2240; x_wconf 85' lang='lat' dir='ltr'>Laudantur</span> <span class='ocrx_word' id='word_1_165' title='bbox 911 2182 1051 2239; x_wconf 90' lang='lat' dir='ltr'>libri</span> <span class='ocrx_word' id='word_1_166' title='bbox 1097 2201 1133 2240; x_wconf 89' lang='lat' dir='ltr'>a</span> <span class='ocrx_word' id='word_1_167' title='bbox 1170 2182 1358 2242; x_wconf 85' lang='lat' dir='ltr'>Paulo</span> <span class='ocrx_word' id='word_1_168' title='bbox 1397 2183 1466 2242; x_wconf 91' lang='lat' dir='ltr'>D.</span> <span class='ocrx_word' id='word_1_169' title='bbox 1500 2184 1601 2254; x_wconf 85' lang='lat'>37,</span> <span class='ocrx_word' id='word_1_170' title='bbox 1635 2187 1689 2258; x_wconf 86' lang='lat'>1,</span> <span class='ocrx_word' id='word_1_171' title='bbox 1721 2186 1777 2256; x_wconf 89' lang='lat'>6,</span> <span class='ocrx_word' id='word_1_172' title='bbox 1810 2185 1846 2240; x_wconf 84' lang='lat'><strong>2</strong></span> <span class='ocrx_word' id='word_1_173' title='bbox 1896 2177 2165 2262; x_wconf 50' lang='lat' dir='ltr'>(Pedius</span> <span class='ocrx_word' id='word_1_174' title='bbox 2209 2183 2365 2243; x_wconf 90' lang='lat' dir='ltr'>libro</span> 
     </span>
     <span class='ocr_line' id='line_1_22' title="bbox 344 2265 2365 2350; baseline 0.001 -21"><span class='ocrx_word' id='word_1_175' title='bbox 344 2270 665 2329; x_wconf 85' lang='lat' dir='ltr'>vicensimo</span> <span class='ocrx_word' id='word_1_176' title='bbox 729 2270 937 2346; x_wconf 90' lang='lat' dir='ltr'>quinto</span> <span class='ocrx_word' id='word_1_177' title='bbox 1002 2270 1078 2329; x_wconf 83' lang='lat' dir='ltr'>ad</span> <span class='ocrx_word' id='word_1_178' title='bbox 1135 2270 1396 2329; x_wconf 88' lang='lat' dir='ltr'>edictum</span> <span class='ocrx_word' id='word_1_179' title='bbox 1459 2265 1738 2350; x_wconf 81' lang='lat' dir='ltr'>scribit&#39;).</span> <span class='ocrx_word' id='word_1_180' title='bbox 1839 2271 2104 2330; x_wconf 86' lang='lat' dir='ltr'>eiusdem</span> <span class='ocrx_word' id='word_1_181' title='bbox 2159 2275 2365 2348; x_wconf 85' lang='lat' dir='ltr'>aperte</span> 
     </span>
     <span class='ocr_line' id='line_1_23' title="bbox 342 2357 2367 2435; baseline 0 -16"><span class='ocrx_word' id='word_1_182' title='bbox 342 2359 539 2434; x_wconf 87' lang='lat' dir='ltr'>operis</span> <span class='ocrx_word' id='word_1_183' title='bbox 586 2362 727 2417; x_wconf 86' lang='lat' dir='ltr'>sunt</span> <span class='ocrx_word' id='word_1_184' title='bbox 768 2357 937 2417; x_wconf 88' lang='lat' dir='ltr'>Pedii</span> <span class='ocrx_word' id='word_1_185' title='bbox 982 2359 1139 2435; x_wconf 90' lang='lat' dir='ltr'>libri,</span> <span class='ocrx_word' id='word_1_186' title='bbox 1190 2361 1294 2435; x_wconf 87' lang='lat' dir='ltr'>qui</span> <span class='ocrx_word' id='word_1_187' title='bbox 1340 2360 1416 2417; x_wconf 88' lang='lat' dir='ltr'>ab</span> <span class='ocrx_word' id='word_1_188' title='bbox 1462 2359 1720 2434; x_wconf 86' lang='lat' dir='ltr'>Ulpiano</span> <span class='ocrx_word' id='word_1_189' title='bbox 1767 2360 1938 2419; x_wconf 89' lang='lat' dir='ltr'>libris</span> <span class='ocrx_word' id='word_1_190' title='bbox 1983 2360 2057 2419; x_wconf 86' lang='lat' dir='ltr'>ad</span> <span class='ocrx_word' id='word_1_191' title='bbox 2106 2360 2367 2419; x_wconf 90' lang='lat' dir='ltr'>edictum</span> 
     </span>
     <span class='ocr_line' id='line_1_24' title="bbox 342 2439 2365 2529; baseline 0 -22"><span class='ocrx_word' id='word_1_192' title='bbox 342 2449 690 2526; x_wconf 84' lang='lat' dir='ltr'>afferuntur,</span> <span class='ocrx_word' id='word_1_193' title='bbox 729 2448 952 2507; x_wconf 87' lang='lat' dir='ltr'>scilicet</span> <span class='ocrx_word' id='word_1_194' title='bbox 987 2447 1142 2506; x_wconf 91' lang='lat' dir='ltr'>liber</span> <span class='ocrx_word' id='word_1_195' title='bbox 1168 2447 1287 2507; x_wconf 92' lang='lat' dir='ltr'>VII</span> <span class='ocrx_word' id='word_1_196' title='bbox 1326 2439 1426 2529; x_wconf 88' lang='lat' dir='ltr'>(D.</span> <span class='ocrx_word' id='word_1_197' title='bbox 1459 2451 1517 2525; x_wconf 89' lang='lat'>3,</span> <span class='ocrx_word' id='word_1_198' title='bbox 1548 2450 1604 2523; x_wconf 85' lang='lat'>5,</span> <span class='ocrx_word' id='word_1_199' title='bbox 1637 2450 1694 2527; x_wconf 85' lang='lat'>5,</span> <span class='ocrx_word' id='word_1_200' title='bbox 1727 2453 1802 2508; x_wconf 90' lang='lat'>11</span> <span class='ocrx_word' id='word_1_201' title='bbox 1845 2442 2178 2525; x_wconf 78' lang='lat' dir='ltr'>‘quaeritur</span> <span class='ocrx_word' id='word_1_202' title='bbox 2204 2451 2365 2524; x_wconf 87' lang='lat' dir='ltr'>apud</span> 
     </span>
     <span class='ocr_line' id='line_1_25' title="bbox 343 2531 2365 2614; baseline 0.001 -19"><span class='ocrx_word' id='word_1_203' title='bbox 343 2537 589 2595; x_wconf 85' lang='lat' dir='ltr'>Pedium</span> <span class='ocrx_word' id='word_1_204' title='bbox 643 2538 798 2597; x_wconf 91' lang='lat' dir='ltr'>libro</span> <span class='ocrx_word' id='word_1_205' title='bbox 856 2531 1153 2612; x_wconf 85' lang='lat' dir='ltr'>septimo&#39;.</span> <span class='ocrx_word' id='word_1_206' title='bbox 1242 2538 1314 2595; x_wconf 89' lang='lat' dir='ltr'>D.</span> <span class='ocrx_word' id='word_1_207' title='bbox 1346 2540 1405 2613; x_wconf 90' lang='lat'>4,</span> <span class='ocrx_word' id='word_1_208' title='bbox 1438 2540 1494 2614; x_wconf 84' lang='lat'>2,</span> <span class='ocrx_word' id='word_1_209' title='bbox 1530 2541 1671 2611; x_wconf 86' lang='lat' dir='ltr'>7pr.</span> <span class='ocrx_word' id='word_1_210' title='bbox 1719 2532 1963 2596; x_wconf 69' lang='lat' dir='ltr'>‘Pedius</span> <span class='ocrx_word' id='word_1_211' title='bbox 2019 2538 2164 2597; x_wconf 89' lang='lat' dir='ltr'>dicit</span> <span class='ocrx_word' id='word_1_212' title='bbox 2208 2537 2365 2598; x_wconf 87' lang='lat' dir='ltr'>libro</span> 
     </span>
     <span class='ocr_line' id='line_1_26' title="bbox 343 2618 2366 2707; baseline 0.001 -22"><span class='ocrx_word' id='word_1_213' title='bbox 343 2618 673 2707; x_wconf 87' lang='lat' dir='ltr'>septimo&#39;),</span> <span class='ocrx_word' id='word_1_214' title='bbox 745 2625 898 2686; x_wconf 92' lang='lat' dir='ltr'><strong>VIII</strong></span> <span class='ocrx_word' id='word_1_215' title='bbox 963 2618 1063 2704; x_wconf 90' lang='lat' dir='ltr'>(D.</span> <span class='ocrx_word' id='word_1_216' title='bbox 1103 2628 1161 2702; x_wconf 89' lang='grc'>4,</span> <span class='ocrx_word' id='word_1_217' title='bbox 1203 2628 1258 2698; x_wconf 84' lang='grc'>2,</span> <span class='ocrx_word' id='word_1_218' title='bbox 1301 2628 1400 2699; x_wconf 88' lang='grc'>14,</span> <span class='ocrx_word' id='word_1_219' title='bbox 1443 2630 1479 2685; x_wconf 88' lang='grc'>5</span> <span class='ocrx_word' id='word_1_220' title='bbox 1547 2620 1787 2686; x_wconf 77' lang='lat' dir='ltr'>‘Pedius</span> <span class='ocrx_word' id='word_1_221' title='bbox 1826 2670 1839 2684; x_wconf 94' lang='lat'><strong>.</strong></span> <span class='ocrx_word' id='word_1_222' title='bbox 1881 2672 1894 2685; x_wconf 92' lang='lat'><strong>.</strong></span> <span class='ocrx_word' id='word_1_223' title='bbox 1932 2626 2085 2685; x_wconf 89' lang='lat' dir='ltr'>libro</span> <span class='ocrx_word' id='word_1_224' title='bbox 2151 2630 2366 2687; x_wconf 85' lang='lat' dir='ltr'>octavo</span> 
     </span>
     <span class='ocr_line' id='line_1_27' title="bbox 342 2707 2366 2796; baseline 0 -23"><span class='ocrx_word' id='word_1_225' title='bbox 342 2709 590 2774; x_wconf 85' lang='lat' dir='ltr'>scribit&#39;.</span> <span class='ocrx_word' id='word_1_226' title='bbox 682 2715 752 2773; x_wconf 91' lang='lat' dir='ltr'>D.</span> <span class='ocrx_word' id='word_1_227' title='bbox 792 2717 851 2791; x_wconf 90' lang='lat'>4,</span> <span class='ocrx_word' id='word_1_228' title='bbox 891 2717 948 2791; x_wconf 88' lang='grc'>3,</span> <span class='ocrx_word' id='word_1_229' title='bbox 991 2718 1045 2789; x_wconf 94' lang='grc'>1,</span> <span class='ocrx_word' id='word_1_230' title='bbox 1083 2717 1123 2773; x_wconf 95' lang='grc'>4</span> <span class='ocrx_word' id='word_1_231' title='bbox 1174 2710 1416 2773; x_wconf 75' lang='lat' dir='ltr'>‘Pedius</span> <span class='ocrx_word' id='word_1_232' title='bbox 1472 2715 1626 2774; x_wconf 91' lang='lat' dir='ltr'>libro</span> <span class='ocrx_word' id='word_1_233' title='bbox 1683 2718 1892 2774; x_wconf 87' lang='lat' dir='ltr'>octavo</span> <span class='ocrx_word' id='word_1_234' title='bbox 1941 2707 2231 2796; x_wconf 88' lang='lat' dir='ltr'>scribit&#39;),</span> <span class='ocrx_word' id='word_1_235' title='bbox 2286 2716 2366 2773; x_wconf 90' lang='lat' dir='ltr'>lX</span> 
     </span>
     <span class='ocr_line' id='line_1_28' title="bbox 342 2795 2363 2883; baseline 0.002 -24"><span class='ocrx_word' id='word_1_236' title='bbox 342 2795 440 2883; x_wconf 89' lang='lat' dir='ltr'>(D.</span> <span class='ocrx_word' id='word_1_237' title='bbox 481 2805 540 2878; x_wconf 89' lang='lat'>4,</span> <span class='ocrx_word' id='word_1_238' title='bbox 585 2806 637 2877; x_wconf 81' lang='lat'>7,</span> <span class='ocrx_word' id='word_1_239' title='bbox 679 2808 737 2878; x_wconf 89' lang='grc'>4,</span> <span class='ocrx_word' id='word_1_240' title='bbox 780 2806 816 2861; x_wconf 86' lang='grc'>2</span> <span class='ocrx_word' id='word_1_241' title='bbox 875 2797 1115 2862; x_wconf 70' lang='lat' dir='ltr'>‘Pedius</span> <span class='ocrx_word' id='word_1_242' title='bbox 1172 2804 1327 2864; x_wconf 87' lang='lat' dir='ltr'>libro</span> <span class='ocrx_word' id='word_1_243' title='bbox 1383 2823 1537 2863; x_wconf 88' lang='lat' dir='ltr'>nono</span> <span class='ocrx_word' id='word_1_244' title='bbox 1577 2851 1590 2863; x_wconf 94' lang='lat'><strong>.</strong></span> <span class='ocrx_word' id='word_1_245' title='bbox 1621 2851 1633 2863; x_wconf 96' lang='lat'><strong>.</strong></span> <span class='ocrx_word' id='word_1_246' title='bbox 1665 2849 1678 2862; x_wconf 96' lang='lat'><strong>.</strong></span> <span class='ocrx_word' id='word_1_247' title='bbox 1716 2798 1843 2863; x_wconf 88' lang='lat' dir='ltr'>ait&#39;.</span> <span class='ocrx_word' id='word_1_248' title='bbox 1937 2805 2007 2864; x_wconf 91' lang='lat' dir='ltr'>D.</span> <span class='ocrx_word' id='word_1_249' title='bbox 2040 2805 2098 2878; x_wconf 90' lang='lat'>4,</span> <span class='ocrx_word' id='word_1_250' title='bbox 2130 2806 2188 2882; x_wconf 90' lang='grc'>8,</span> <span class='ocrx_word' id='word_1_251' title='bbox 2221 2808 2363 2881; x_wconf 82' lang='lat' dir='ltr'>7pr.</span> 
     </span>
     <span class='ocr_line' id='line_1_29' title="bbox 342 2885 2365 2969; baseline 0.002 -22"><span class='ocrx_word' id='word_1_252' title='bbox 342 2885 585 2949; x_wconf 67' lang='lat' dir='ltr'>ePedius</span> <span class='ocrx_word' id='word_1_253' title='bbox 641 2891 793 2949; x_wconf 87' lang='lat' dir='ltr'>libro</span> <span class='ocrx_word' id='word_1_254' title='bbox 848 2911 1002 2950; x_wconf 89' lang='lat' dir='ltr'>nono</span> <span class='ocrx_word' id='word_1_255' title='bbox 1059 2894 1120 2950; x_wconf 88' lang='lat' dir='ltr'>et</span> <span class='ocrx_word' id='word_1_256' title='bbox 1165 2892 1530 2968; x_wconf 88' lang='lat' dir='ltr'>Pomponius</span> <span class='ocrx_word' id='word_1_257' title='bbox 1584 2893 1737 2953; x_wconf 88' lang='lat' dir='ltr'>libro</span> <span class='ocrx_word' id='word_1_258' title='bbox 1783 2893 2134 2969; x_wconf 86' lang='lat' dir='ltr'>trigensimo</span> <span class='ocrx_word' id='word_1_259' title='bbox 2181 2893 2365 2952; x_wconf 87' lang='lat' dir='ltr'>tertio</span> 
     </span>
     <span class='ocr_line' id='line_1_30' title="bbox 343 2973 2367 3063; baseline 0 -26"><span class='ocrx_word' id='word_1_260' title='bbox 343 2973 650 3037; x_wconf 88' lang='lat' dir='ltr'>scribunt&#39;.</span> <span class='ocrx_word' id='word_1_261' title='bbox 741 2980 811 3037; x_wconf 94' lang='lat' dir='ltr'>D.</span> <span class='ocrx_word' id='word_1_262' title='bbox 847 2983 905 3056; x_wconf 88' lang='lat'>4,</span> <span class='ocrx_word' id='word_1_263' title='bbox 937 2983 993 3058; x_wconf 84' lang='lat'>8,</span> <span class='ocrx_word' id='word_1_264' title='bbox 1029 2983 1127 3057; x_wconf 89' lang='grc'>13,</span> <span class='ocrx_word' id='word_1_265' title='bbox 1160 2983 1196 3039; x_wconf 83' lang='grc'><strong>2</strong></span> <span class='ocrx_word' id='word_1_266' title='bbox 1256 2976 1497 3039; x_wconf 70' lang='lat' dir='ltr'>‘Pedius</span> <span class='ocrx_word' id='word_1_267' title='bbox 1552 2980 1706 3040; x_wconf 86' lang='lat' dir='ltr'>libro</span> <span class='ocrx_word' id='word_1_268' title='bbox 1762 3000 1916 3041; x_wconf 89' lang='lat' dir='ltr'>nono</span> <span class='ocrx_word' id='word_1_269' title='bbox 1974 2973 2197 3063; x_wconf 89' lang='lat' dir='ltr'>dicit’),</span> <span class='ocrx_word' id='word_1_270' title='bbox 2252 2981 2367 3039; x_wconf 90' lang='lat' dir='ltr'>XV</span> 
     </span>
     <span class='ocr_line' id='line_1_31' title="bbox 343 3060 2364 3145; baseline 0.004 -22"><span class='ocrx_word' id='word_1_271' title='bbox 343 3060 442 3145; x_wconf 93' lang='lat' dir='ltr'>(D.</span> <span class='ocrx_word' id='word_1_272' title='bbox 476 3070 574 3135; x_wconf 87' lang='grc'>14,</span> <span class='ocrx_word' id='word_1_273' title='bbox 606 3070 664 3133; x_wconf 82' lang='lat'>4,</span> <span class='ocrx_word' id='word_1_274' title='bbox 697 3071 751 3143; x_wconf 92' lang='lat'>1,</span> <span class='ocrx_word' id='word_1_275' title='bbox 786 3071 817 3126; x_wconf 92' lang='lat'><strong>1</strong></span> <span class='ocrx_word' id='word_1_276' title='bbox 862 3063 1102 3127; x_wconf 69' lang='lat' dir='ltr'>‘Pedius</span> <span class='ocrx_word' id='word_1_277' title='bbox 1141 3069 1294 3127; x_wconf 88' lang='lat' dir='ltr'>libro</span> <span class='ocrx_word' id='word_1_278' title='bbox 1335 3070 1542 3145; x_wconf 90' lang='lat' dir='ltr'>quinto</span> <span class='ocrx_word' id='word_1_279' title='bbox 1577 3070 1806 3129; x_wconf 90' lang='lat' dir='ltr'>decimo</span> <span class='ocrx_word' id='word_1_280' title='bbox 1837 3064 2085 3129; x_wconf 87' lang='lat' dir='ltr'>scribit&#39;.</span> <span class='ocrx_word' id='word_1_281' title='bbox 2163 3071 2230 3128; x_wconf 92' lang='lat' dir='ltr'>D.</span> <span class='ocrx_word' id='word_1_282' title='bbox 2264 3072 2364 3143; x_wconf 86' lang='lat'>15,</span> 
     </span>
     <span class='ocr_line' id='line_1_32' title="bbox 346 3149 2367 3238; baseline 0.002 -25"><span class='ocrx_word' id='word_1_283' title='bbox 346 3158 402 3231; x_wconf 92' lang='lat'>1,</span> <span class='ocrx_word' id='word_1_284' title='bbox 444 3158 499 3230; x_wconf 89' lang='grc'>7,</span> <span class='ocrx_word' id='word_1_285' title='bbox 539 3157 576 3214; x_wconf 82' lang='grc'>3</span> <span class='ocrx_word' id='word_1_286' title='bbox 644 3149 893 3215; x_wconf 70' lang='lat' dir='ltr'>‘Pedius</span> <span class='ocrx_word' id='word_1_287' title='bbox 967 3157 1119 3217; x_wconf 88' lang='lat' dir='ltr'>libro</span> <span class='ocrx_word' id='word_1_288' title='bbox 1195 3159 1404 3234; x_wconf 90' lang='lat' dir='ltr'>quinto</span> <span class='ocrx_word' id='word_1_289' title='bbox 1474 3158 1700 3218; x_wconf 90' lang='lat' dir='ltr'>decimo</span> <span class='ocrx_word' id='word_1_290' title='bbox 1767 3154 2042 3238; x_wconf 81' lang='lat' dir='ltr'>scribit&#39;),</span> <span class='ocrx_word' id='word_1_291' title='bbox 2152 3158 2367 3218; x_wconf 86' lang='lat' dir='ltr'>iisdem</span> 
     </span>
     <span class='ocr_line' id='line_1_33' title="bbox 343 3243 2366 3307; baseline 0.003 -7"><span class='ocrx_word' id='word_1_292' title='bbox 343 3244 509 3301; x_wconf 88' lang='lat' dir='ltr'>libris</span> <span class='ocrx_word' id='word_1_293' title='bbox 566 3243 735 3301; x_wconf 91' lang='lat' dir='ltr'>Pedii</span> <span class='ocrx_word' id='word_1_294' title='bbox 790 3247 1120 3305; x_wconf 86' lang='lat' dir='ltr'>sententiae</span> <span class='ocrx_word' id='word_1_295' title='bbox 1177 3248 1594 3306; x_wconf 86' lang='lat' dir='ltr'>attribuendae</span> <span class='ocrx_word' id='word_1_296' title='bbox 1642 3251 1782 3307; x_wconf 87' lang='lat' dir='ltr'>sunt</span> <span class='ocrx_word' id='word_1_297' title='bbox 1845 3267 1882 3306; x_wconf 87' lang='lat' dir='ltr'>a.</span> <span class='ocrx_word' id='word_1_298' title='bbox 1934 3248 2122 3307; x_wconf 89' lang='lat' dir='ltr'>Paulo</span> <span class='ocrx_word' id='word_1_299' title='bbox 2191 3247 2366 3307; x_wconf 88' lang='lat' dir='ltr'>libris</span> 
     </span>
     <span class='ocr_line' id='line_1_34' title="bbox 342 3332 1002 3393; baseline 0.005 -3"><span class='ocrx_word' id='word_1_300' title='bbox 342 3333 417 3391; x_wconf 88' lang='lat' dir='ltr'>ad</span> <span class='ocrx_word' id='word_1_301' title='bbox 464 3332 723 3391; x_wconf 88' lang='lat' dir='ltr'>edictum</span> <span class='ocrx_word' id='word_1_302' title='bbox 767 3332 1002 3393; x_wconf 85' lang='lat' dir='ltr'>allatae.</span> 
     </span>
    </p>

    <p class='ocr_par' dir='ltr' id='par_1_7' title="bbox 341 3420 2370 3589">
     <span class='ocr_line' id='line_1_35' title="bbox 521 3420 2369 3502; baseline 0.003 -22"><span class='ocrx_word' id='word_1_303' title='bbox 521 3420 671 3480; x_wconf 89' lang='lat' dir='ltr'>Cum</span> <span class='ocrx_word' id='word_1_304' title='bbox 716 3441 836 3481; x_wconf 86' lang='lat' dir='ltr'>non</span> <span class='ocrx_word' id='word_1_305' title='bbox 888 3424 1083 3481; x_wconf 90' lang='lat' dir='ltr'>minus</span> <span class='ocrx_word' id='word_1_306' title='bbox 1128 3422 1296 3481; x_wconf 85' lang='lat' dir='ltr'>XXV</span> <span class='ocrx_word' id='word_1_307' title='bbox 1342 3425 1526 3484; x_wconf 85' lang='lat' dir='ltr'>libros</span> <span class='ocrx_word' id='word_1_308' title='bbox 1574 3425 1954 3502; x_wconf 87' lang='lat' dir='ltr'>continuerit,</span> <span class='ocrx_word' id='word_1_309' title='bbox 1998 3424 2169 3483; x_wconf 89' lang='lat' dir='ltr'>Pedii</span> <span class='ocrx_word' id='word_1_310' title='bbox 2215 3443 2369 3500; x_wconf 90' lang='lat' dir='ltr'>opus</span> 
     </span>
     <span class='ocr_line' id='line_1_36' title="bbox 341 3510 2370 3589; baseline 0.003 -21"><span class='ocrx_word' id='word_1_311' title='bbox 341 3510 518 3588; x_wconf 89' lang='lat' dir='ltr'>longe</span> <span class='ocrx_word' id='word_1_312' title='bbox 565 3510 998 3586; x_wconf 87' lang='lat' dir='ltr'>amplissimum</span> <span class='ocrx_word' id='word_1_313' title='bbox 1046 3531 1248 3571; x_wconf 89' lang='lat' dir='ltr'>eorum</span> <span class='ocrx_word' id='word_1_314' title='bbox 1297 3516 1402 3586; x_wconf 88' lang='lat' dir='ltr'>est,</span> <span class='ocrx_word' id='word_1_315' title='bbox 1450 3533 1600 3588; x_wconf 82' lang='lat' dir='ltr'>quae</span> <span class='ocrx_word' id='word_1_316' title='bbox 1647 3515 1721 3572; x_wconf 89' lang='lat' dir='ltr'>ad</span> <span class='ocrx_word' id='word_1_317' title='bbox 1769 3514 2031 3575; x_wconf 87' lang='lat' dir='ltr'>edictum</span> <span class='ocrx_word' id='word_1_318' title='bbox 2069 3515 2370 3589; x_wconf 87' lang='lat' dir='ltr'>praetoris</span> 
     </span>
    </p>
   </div>
  </div>
 </body>
</html>
