2575 3900
2131 186 2259 240 XIII

221 350 348 426 ipse
385 349 628 410 Cuiacii
663 349 922 424 auditor,
960 369 1138 427 quem
1170 345 1357 411 ‘omni
1383 371 1459 411 ex
1483 355 1656 428 parte
1682 349 2057 413 absolutum'
2086 357 2255 414 ratus

219 439 456 514 publici
498 439 653 498 iuris
689 439 822 498 fieri
855 439 1051 500 voluit
1088 439 1385 515 Cuiacins,
1432 442 1537 500 sed
1571 440 1661 500 ita
1698 441 1957 518 quidem,
2002 446 2073 502 ut
2106 461 2255 504 usus

217 528 348 588 eius
407 527 604 589 variis
660 529 946 604 exemplis
1001 528 1527 589 demonstraretur.
1614 523 1793 604 ‘quod
1840 551 1977 590 cum
2020 533 2259 607 plenius

212 617 422 677 facere
495 610 923 676 instituissem'
934 662 951 690 ,
1011 617 1214 695 inquit
1273 617 1581 696 Labittus,
1645 612 1742 678 ‘ut
1794 620 1939 694 quid
2003 621 2259 698 singulis

211 707 798 766 iurisconsultorum
850 706 1022 766 libris
1066 710 1462 784 tractaretur,
1520 711 1812 786 quantum
1867 727 1939 768 ex
1983 709 2058 769 iis
2107 729 2259 787 quae

213 799 562 872 supersunt
613 795 968 873 fragmentis
1025 796 1237 856 coniici
1291 801 1494 872 posset
1557 797 1909 874 indicarem,
1974 801 2045 858 ut
2104 817 2259 876 quae

214 885 516 962 coniungi
561 885 721 943 inter
765 903 828 944 se
876 887 938 944 et
980 885 1217 945 adnecti
1259 888 1517 962 possunt
1560 886 1764 963 legum
1812 887 2013 962 capita
2055 906 2257 948 mone-

212 993 374 1052 rem,
421 979 493 1034 ut
540 973 664 1034 alia
708 993 780 1032 ex
825 973 961 1034 aliis
995 973 1550 1050 interpretationem
1586 993 1821 1034 sumere
1859 979 2151 1054 oporteat,
2198 981 2261 1037 et

213 1066 297 1122 ut
354 1064 481 1123 alia
537 1081 674 1122 cum
721 1063 883 1138 aliis»,
929 1080 1082 1139 quae
1127 1082 1399 1138 pugnare
1443 1065 1791 1142 videantur,
1836 1083 2259 1141 nonnunquam

215 1152 456 1212 Indicis
508 1152 705 1212 nostri
759 1152 982 1211 auxilio
1039 1152 1349 1212 conciliari
1402 1152 1657 1212 debeant
1717 1171 2061 1230 exequerer,
2114 1153 2261 1214 fecit

215 1261 384 1320 pene
429 1241 778 1317 importuna
811 1241 962 1300 iuris
999 1241 1407 1301 studiosorum
1438 1241 1759 1318 flagitatiO,
1796 1246 1869 1302 ut
1906 1289 1918 1302 .
1948 1285 1963 1301 .
2001 1243 2259 1318 simplici

221 1336 418 1409 atque
490 1331 655 1390 nuda
727 1329 946 1389 Indicis
1018 1329 1278 1389 editione
1351 1331 1697 1390 institutum
1770 1331 1921 1390 illud
1984 1333 2259 1392 nostrum

221 1423 613 1482 antevertere
685 1412 1072 1496 cogeremur'.
1179 1417 1408 1495 prodiit
1482 1419 1673 1496 igitur
1751 1419 1908 1479 liber
1977 1420 2259 1480 Lutetiae

223 1529 282 1571 a.
331 1514 364 1568 1
377 1511 529 1570 557.

413 1593 688 1657 ‘Publica
724 1596 967 1672 quidem
1003 1600 1109 1668 est,
1139 1596 1232 1656 vir
1259 1591 1630 1674 clarissime’,
1666 1601 1736 1656 ut
1762 1599 1975 1657 auctor
2000 1598 2257 1658 Michae-

223 1688 351 1747 lem
410 1687 705 1762 Fabrum,
765 1684 963 1745 Caroli
1019 1685 1186 1746 illius
1251 1688 1514 1764 patrem,
1584 1686 1937 1764 alloquitur,
2002 1681 2132 1747 ‘nec
2189 1707 2261 1748 ea

223 1775 518 1836 fortassis
575 1775 803 1834 iniusta
867 1775 1276 1852 quaerimonia
1289 1820 1305 1851 ,
1361 1776 1518 1850 quod
1565 1794 1638 1834 ex
1680 1778 1807 1834 tam
1853 1776 2061 1836 multis
2108 1781 2258 1837 tam·

227 1885 344 1944 que
403 1864 594 1926 variis
646 1869 918 1924 veterum
971 1863 1122 1922 iuris
1176 1865 1585 1924 consultorum
1639 1863 1809 1923 libris
1874 1865 2021 1924 adeo
2066 1885 2261 1941 pauca

225 1954 408 2016 nobis
456 1957 520 2013 et
564 1956 719 2013 male
763 1953 1112 2031 plerumque
1163 1954 1521 2013 concinnata
1563 1955 1903 2031 fragmenta
1948 2002 1961 2015 .
1992 2000 2005 2015 .
2054 1974 2258 2032 super-

230 2045 352 2103 sint
384 2090 399 2103 .
423 2091 436 2105 .
459 2090 472 2103 .
501 2062 696 2118 neque
732 2043 890 2102 enim
925 2062 1287 2120 quemquam
1322 2043 1586 2118 reperias
1621 2062 1799 2103 verae
1826 2062 2260 2122 germanaeque

228 2134 384 2192 iuris
430 2132 786 2209 prudentiae
833 2132 1184 2209 studiosum,
1231 2132 1334 2209 qui
1385 2150 1508 2191 non
1563 2151 1635 2192 ea
1682 2132 2065 2193 vehementer
2108 2134 2258 2194 iuris

233 2225 556 2281 auctorum
599 2224 987 2281 monumenta
1032 2221 1353 2294 desideret,
1409 2240 1480 2280 ex
1524 2221 1743 2297 quibus
1790 2224 1925 2281 tum
1968 2242 2261 2283 veneran-

232 2310 344 2369 dae
393 2310 780 2387 antiquitatis
828 2310 1090 2387 cognitio
1137 2310 1441 2385 eliciatur,
1495 2312 1629 2370 tum
1684 2310 1869 2370 etiam
1918 2330 2063 2372 vera
2110 2312 2261 2371 iuris

229 2400 658 2475 interpretatio
707 2400 1107 2474 depromatur.
1189 2399 1329 2459 inde
1365 2418 1507 2459 vero
1554 2399 1781 2459 factum
1840 2403 1950 2475 est,
1996 2403 2069 2459 ut
2113 2419 2259 2478 quas

228 2489 403 2548 nobis
440 2489 622 2548 Pauli
665 2488 1100 2547 sententiarum
1139 2492 1200 2547 et
1235 2486 1367 2548 Caii
1403 2489 1855 2548 institutionum
1891 2489 2077 2548 libros
2116 2488 2261 2549 Ger·

232 2578 435 2636 mania
479 2578 756 2653 protulit,
801 2596 950 2653 quos
995 2578 1060 2636 in
1103 2578 1414 2653 publicum
1468 2599 1525 2638 v.
1570 2595 1619 2637 c.
1665 2577 1976 2637 Ioannes
2024 2578 2261 2638 'Pilius

235 2665 478 2741 Ulpiani
527 2666 744 2726 titulos
784 2666 1000 2740 emisit,
1034 2669 1162 2725 tam
1200 2667 1377 2725 multi
1413 2666 1502 2725 ita
1538 2665 1710 2725 avide
1746 2666 2137 2743 arripuerint,
2172 2667 2261 2726 ita

237 2754 445 2831 cupide
481 2755 761 2831 legerint,
796 2756 888 2815 ita
923 2754 1190 2816 studiose
1227 2755 1306 2815 ad
1340 2754 1490 2813 iuris
1526 2753 1994 2814 illustrationem
2029 2772 2258 2815 accom-

232 2844 640 2918 modaverint,
695 2847 770 2902 ut
822 2850 897 2903 et
937 2845 1014 2903 iis
1067 2844 1190 2903 iam
1232 2863 1355 2904 non
1398 2842 1711 2902 minimum
1754 2843 2261 2919 iurisprudentiae

231 2932 440 2992 lumen
477 2934 815 2993 accesserit.
882 2934 1024 3010 quid
1061 2933 1113 2993 si
1148 2934 1391 2993 tandem
1426 2932 1747 3008 aliquando
1778 2978 1792 2993 .
1814 2980 1827 2993 .
1848 2981 1861 2993 .
1890 2934 1990 2993 vel
2017 2932 2261 3009 Ulpiani

231 3022 332 3082 vel
357 3022 540 3081 Pauli
575 3022 674 3083 vel
711 3022 968 3082 aliorum
1002 3022 1567 3083 iurisconsultorum
1603 3022 1841 3101 integra
1877 3028 2263 3083 monumenta

230 3110 569 3186 prodeant?
607 3156 622 3171 .
651 3154 666 3170 .
695 3155 710 3171 .
751 3112 858 3171 sed
902 3113 1138 3190 quando
1183 3111 1247 3170 id
1294 3112 1453 3189 quod
1486 3114 1800 3186 tantopere
1839 3114 2114 3187 optamus
2154 3156 2170 3171 .
2198 3159 2212 3173 .
2246 3161 2261 3173 .

234 3219 354 3259 non
408 3199 732 3278 habemus,
788 3203 1026 3260 tantum
1078 3200 1232 3260 illud
1273 3203 1521 3278 tamque
1566 3200 1798 3259 iustum
1841 3200 1993 3259 iuris
2040 3200 2263 3261 studio·

235 3306 441 3347 sorum
484 3288 847 3349 desiderium
880 3290 1140 3367 interim,
1186 3290 1330 3349 dum
1366 3308 1471 3365 spe
1510 3289 1712 3366 aliqua
1746 3289 1992 3349 meliore
2030 3294 2261 3350 susten-

236 3380 428 3452 tatur,
496 3379 610 3437 hac
671 3378 904 3439 ratione
969 3377 1403 3457 quodammodo
1460 3378 1817 3454 explendum
1870 3374 2261 3454 putavimus?

236 3466 461 3527 iterum
516 3467 770 3527 emissus
827 3472 920 3528 est
966 3469 1144 3528 index
1188 3466 1479 3526 Venetiae
1526 3486 1580 3529 a.
1622 3468 1821 3541 1566,
1874 3468 1995 3526 iam
2050 3469 2261 3525 auctus

239 3559 506 3617 tractatu
551 3550 650 3617 ‘de
695 3574 812 3618 usu
855 3549 1110 3617 iudicis'.
