2575 3900
333 198 467 262 280
538 197 604 253 V.
642 196 939 252 NERVAE
976 195 1069 249 ΕΤ
1105 193 1410 250 TRAIANI
1447 195 1663 250 TEMP.
1698 193 1891 248 IURIS
1930 192 2284 249 CONSULTI

516 358 640 425 18⁴?
688 358 766 424 D.
784 361 890 442 41,
915 360 972 444 1,
991 358 1093 424 39.
1177 358 1464 424 Iulianus
1511 357 1678 423 libro
1724 356 1919 422 tertio
1968 377 2046 422 ex
2085 357 2356 423 Minicio

332 446 431 536 (P.
456 445 633 535 859).
669 485 757 494 -
794 449 1009 514 Etiam
1054 446 1333 513 furtivus
1380 468 1602 511 servus
1646 447 1850 511 bonae
1885 445 2036 511 fidei
2075 447 2355 530 emptori

334 537 641 621 adquirit,
709 537 880 622 quod
946 558 1023 602 ex
1085 557 1157 602 re
1219 536 1354 601 eius
1421 535 1770 620 stipulatur
1833 537 1945 600 aut
2005 532 2356 617 mancipio1

334 626 586 710 accipit.

941 712 1042 779 De
1085 712 1406 779 arboribus
1447 712 1743 778 succisis?

518 820 616 884 19.
671 818 750 885 D.
770 819 877 902 47,
899 821 957 903 7,
982 819 1081 884 10.
1170 817 1460 884 Iulianus
1507 819 1677 884 libro
1722 817 1917 884 tertio
1965 839 2043 883 ex
2087 814 2356 882 Minicio

337 906 438 996 (P.
477 906 654 993 861).
702 945 785 954 -
835 906 904 973 Si
961 907 1218 992 gemina
1273 907 1465 972 arbor
1521 910 1691 972 esset
1745 911 1810 970 et
1863 928 2060 991 supra
2114 910 2359 970 terram

336 999 637 1062 iunctura
708 997 845 1061 eius
910 996 1246 1080 emineret,
1319 1016 1512 1063 unam
1576 995 1861 1060 arborem
1925 995 2133 1059 videri
2195 1015 2358 1058 esse.

338 1086 448 1151 sed
495 1086 551 1150 si
595 1085 660 1149 id
707 1106 836 1169 qua
880 1084 1254 1170 iungeretur
1300 1106 1432 1149 non
1473 1087 1739 1167 extaret,
1783 1083 2051 1148 totidem
2089 1083 2360 1148 arbores

332 1195 459 1242 esse
472 1171 512 1259 ²,
558 1177 719 1259 quot
764 1172 1006 1257 species
1054 1194 1275 1236 earum
1323 1195 1515 1257 supra
1559 1177 1800 1237 terram
1847 1174 2077 1237 essent.

514 1286 585 1346 cf.
614 1285 768 1345 Plin.
796 1285 855 1344 h.
883 1303 938 1344 n.
973 1286 1074 1359 17,
1108 1287 1163 1362 1,
1195 1287 1254 1344 7.

998 1495 1090 1555 Ex
1134 1496 1357 1556 Iuliani
1399 1496 1556 1556 libro
1600 1495 1704 1555 IV.

1168 1613 1269 1679 De
1314 1615 1539 1698 leyatis.

522 1722 652 1787 20⁴?
697 1720 775 1785 D.
799 1721 900 1804 19,
920 1722 980 1799 2,
999 1721 1104 1786 32.
1176 1719 1467 1786 Iulianus
1506 1720 1674 1786 libro
1713 1724 1943 1806 quarto
1983 1742 2061 1786 ex
2095 1717 2365 1786 Minicio

344 1809 446 1900 (P.
486 1806 663 1897 865).
723 1847 798 1859 —·
862 1808 985 1885 Qui
1043 1808 1315 1877 fundum
1371 1809 1708 1874 colendum
1764 1809 1831 1873 in
1885 1809 2102 1895 plures
2159 1830 2366 1874 annos

345 1901 698 1983 locaverat,
764 1898 1037 1964 decessit
1094 1902 1160 1962 et
1214 1919 1359 1962 eum
1413 1896 1682 1963 fundum
1736 1897 1997 1985 legavit.
2099 1894 2367 1963 Cassius

345 1989 611 2075 negavit
661 2009 852 2072 posse
908 1988 1054 2072 cogi
1101 1987 1428 2065 colonum,
1482 1990 1556 2052 ut
1603 2007 1749 2051 eum
1794 1986 2062 2052 fundum
2107 1988 2369 2071 coleret,

349 2080 502 2164 quia
554 2076 717 2141 nihil
770 2075 1022 2140 heredis
1077 2076 1439 2141 interesset.
1532 2075 1700 2159 quod
1757 2076 1813 2139 si
1860 2077 2125 2142 colonus
2170 2076 2372 2140 vellet

349 2167 559 2232 colere
597 2168 663 2229 et
701 2164 782 2229 ab
820 2186 916 2249 eo,
960 2163 1063 2228 0111
1100 2164 1356 2248 legatus
1396 2167 1566 2229 esset
1600 2164 1855 2248 fundus,
1900 2163 2372 2248 prohiberetur,

350 2277 492 2321 cum
550 2252 781 2318 herede
839 2253 1157 2318 actionem
1213 2252 1513 2317 colonum
1566 2252 1831 2337 habere,
1887 2256 1954 2317 et
2003 2251 2126 2318 hoc
2173 2252 2373 2316 detri-

353 2345 639 2408 mentum
678 2342 758 2406 ad
793 2341 1092 2405 heredem
1132 2341 1469 2425 pertinere,
1507 2340 1696 2406 sicuti
1734 2341 1789 2405 si
1826 2342 1968 2425 quis
2004 2362 2142 2406 rem
2174 2362 2374 2425 quam

293 2437 297 2442 ’
352 2431 742 2497 vendidisset
776 2451 892 2496 nec
930 2429 1081 2493 dum
1117 2428 1504 2513 tradidisset,
1543 2428 1656 2493 alii
1691 2429 1988 2513 legasset,
2016 2429 2206 2494 heres
2235 2430 2372 2494 eius

351 2520 627 2604 emptori
673 2523 738 2584 et
781 2518 1097 2603 legatario
1144 2522 1316 2581 esset
1361 2517 1709 2603 obligatus.

1097 2692 1198 2758 De
1240 2695 1629 2759 condictione.

532 2803 661 2867 21?
707 2801 909 2880 D.46‚
936 2803 991 2883 1,
1016 2801 1114 2865 19.
1194 2799 1374 2864 Idem
1421 2797 1535 2886 (sc.
1564 2799 1885 2887 Iulianus)
1927 2800 2093 2865 libro
2141 2806 2376 2886 quarto

358 2912 435 2953 ex
497 2888 759 2954 Minicio
825 2889 925 2972 (P.
974 2887 1150 2975 866).
1220 2924 1294 2935 --
1366 2887 1600 2953 Servus
1663 2888 1866 2954 inscio
1932 2888 2190 2954 domino
2256 2912 2377 2973 pro

363 2978 637 3063 quodam
695 2977 1098 3042 fideiusserat
1152 2981 1216 3041 et
1272 2998 1347 3041 οο
1392 2977 1650 3042 nomine
1695 2977 2032 3061 pecuniam
2081 2979 2378 3043 solverat.

360 3066 805 3150 quaerebatur,
852 3064 1146 3129 dominus
1190 3071 1494 3148 possetne
1541 3066 1621 3130 ab
1669 3087 1744 3131 eo
1793 3066 1895 3131 cui
1937 3066 2152 3131 soluta
2188 3071 2380 3150 esset,

360 3156 661 3235 repetere.
759 3152 1114 3236 respondit:
1178 3153 1451 3238 interest,
1504 3175 1620 3236 quo
1673 3154 1922 3219 nomine
1973 3154 2378 3236 fideiussori&

360 3260 512 3304 nam
565 3240 624 3305 si
677 3260 750 3305 ex
803 3261 992 3307 causa
1032 3242 1345 3323 peculim-i
1397 3244 1722 3324 fidemssit,
1776 3248 1919 3309 tunc
1971 3244 2044 3307 id
2093 3244 2260 3325 quod
2306 3264 2382 3308 ex

506 3418 533 3466 1
576 3412 726 3469 Trio.
762 3430 863 3484 per
897 3416 1271 3471 traditionem.
1701 3452 1709 3457 -

507 3490 538 3537 2
590 3482 912 3540 Triboniani
967 3486 1191 3542 adiutor
1246 3486 1496 3555 scripsitz
1557 3487 1690 3541 ‘una
1743 3488 1907 3543 arbor
1962 3487 2186 3544 videtur
2241 3504 2384 3545 esse.

364 3553 463 3607 sed
500 3597 513 3610 .
544 3596 557 3609 .
588 3597 600 3609 .
639 3555 864 3613 arbores
901 3558 1073 3613 sunt’.
