2575 3900
339 187 470 252 330
540 187 607 242 V.
644 186 945 244 NERVAE
982 187 1079 242 m·
1114 185 1418 244 TRAIANI
1453 187 1670 244 TEMP.
1706 187 1900 244 IURIS
1938 188 2299 246 CONSULTI

1150 391 1369 453 Liber
1413 391 1550 452 VH.

790 511 1167 595 Leyatorum
1208 512 1652 578 servandorum
1695 531 1906 578 causa.

510 619 614 686 55.
662 617 739 684 D.
769 619 876 704 36,
902 620 963 702 3,
994 619 1094 685 13.
1168 617 1474 684 Neratius
1511 619 1678 684 libro
1719 619 1998 704 septimo
2036 620 2350 687 Membra·

332 731 583 774 narum.
635 744 711 756 —
762 707 845 773 Ei
900 729 1183 792 quoque,
1237 708 1341 774 eui
1397 707 1760 794 legatorum
1815 709 1984 774 aetio
2041 709 2232 775 datur
2281 711 2352 776 in

330 796 1587 954 flzssasszfflfflzfflfflzffi
1610 797 1693 950 22
1722 797 1892 951 1:²32?
1893 799 2353 954 ¹²:533}ssssss

330 978 400 1042 in
428 906 1300 1061 possessioiremglegatorum
1329 936 1790 1040 servandorhm
1820 997 2016 1040 eausa
2037 939 2352 1062 mittitur}

328 1086 481 1131 nam
516 1065 678 1130 haee
719 1084 973 1148 quoque
1009 1067 1270 1147 praetor
1308 1062 1575 1147 perinde
1609 1064 1788 1130 salva
1815 1085 1956 1128 esse
1984 1066 2126 1129 vult
2155 1069 2349 1152 atque

328 1176 404 1221 ea
450 1174 613 1239 quae
658 1152 795 1216 iure
842 1151 1021 1217 civili
1068 1151 1404 1218 debentur.
1483 1152 1654 1217 idem
1691 1150 1982 1218 Aristoni
2026 1154 2258 1238 placet.

901 1311 1003 1377 De
1042 1311 1361 1377 verborum
1403 1311 1781 1396 obliquatione.

503 1420 607 1486 56.
654 1417 735 1483 D.
772 1418 871 1501 15,
899 1419 961 1503 3,
992 1417 1094 1484 18.
1166 1417 1476 1485 Neratius
1514 1418 1683 1484 libro
1715 1419 1992 1504 septimo
2021 1419 2345 1487 Membra-

323 1531 571 1576 narum.
616 1545 705 1557 —
752 1506 1056 1584 Quamvis
1113 1507 1181 1571 in
1229 1528 1371 1572 eam
1417 1528 1555 1572 rem
1601 1529 1718 1591 pro
1766 1530 1950 1575 servo
1999 1531 2142 1575 meo
2189 1509 2344 1576 fide·

324 1598 612 1684 iusseris,
660 1617 823 1682 quae
867 1596 962 1660 ita
1009 1600 1346 1662 eontracta
1391 1600 1508 1678 est,
1554 1600 1629 1661 ut
1673 1595 1743 1660 in
1780 1618 1918 1662 rem
1956 1620 2165 1665 meam
2201 1620 2346 1665 ver-

324 1691 594 1772 saretur,
638 1686 841 1752 veluti
888 1687 961 1769 si,
1006 1706 1152 1750 eum
1198 1706 1420 1750 servus
1467 1685 1864 1750 frumentum
1910 1688 2171 1753 emisset
2213 1709 2344 1773 quo

322 1775 571 1843 familia
626 1776 930 1855 aleretur,
988 1773 1312 1839 venditori
1364 1772 1674 1839 frumenti
1719 1773 2138 1860 fideiusseris,
2193 1795 2341 1862 pro·

320 1866 467 1951 pius
517 1869 616 1930 est
660 1867 905 1944 tamen,
960 1865 1035 1927 ut
1082 1863 1159 1927 de
1203 1861 1456 1947 peculio
1505 1884 1580 1928 eo
1627 1865 1916 1943 nomine,
1963 1886 2099 1930 non
2143 1864 2222 1930 de
2267 1867 2340 1931 in

318 1977 456 2021 rem
502 1976 687 2019 verso
737 1973 929 2039 agere
976 1952 1205 2037 possis,
1248 1956 1324 2016 ut
1366 1951 1556 2017 unius
1601 1952 1939 2019 dumtaxat
1972 1955 2041 2018 in
2079 1976 2338 2041 quoquo

319 2048 656 2109 contractu
720 2042 797 2107 de
860 2042 930 2105 in
991 2062 1128 2105 rem
1191 2061 1378 2106 verso
1435 2041 1522 2105 sit
1576 2042 1776 2125 aetio,
1839 2044 1949 2127 qui
2002 2043 2069 2108 id
2124 2045 2340 2129 ipsum

320 2133 589 2200 eredidit
635 2130 807 2217 quod
852 2131 922 2195 in
966 2150 1103 2194 rem
1149 2129 1396 2195 domini
1440 2151 1698 2195 versum
1747 2136 1864 2196 est.

909 2289 1011 2355 De
1053 2288 1405 2355 hereditatis
1437 2291 1743 2376 petitione.

492 2400 597 2466 57.
644 2397 721 2464 D.
741 2397 806 2480 5,
827 2398 888 2481 3,
908 2396 1010 2478 13,
1029 2398 1090 2463 3.
1148 2394 1331 2461 Idem
1367 2393 1484 2483 (se.
1513 2394 1863 2484 Ulpianus)
1898 2396 2067 2464 libro
2103 2399 2332 2485 quinto

314 2489 562 2554 decimo
608 2486 686 2552 ad
734 2488 1011 2552 edietum
1060 2484 1157 2573 (P.
1187 2483 1367 2570 512).
1414 2520 1501 2531 —
1549 2484 1882 2569 (Neratius
1930 2486 2096 2553 libro
2145 2492 2332 2555 sexto

312 2575 837 2643 Membranarum
875 2576 1101 2640 scribit
1136 2575 1218 2639 ab
1248 2574 1478 2639 herede
1507 2573 1640 2657 peti
1668 2574 2091 2640 hereditatem
2119 2598 2339 2661 posse,

314 2665 571 2732 etiamsi
616 2666 873 2751 ignoret
918 2687 1035 2750 pro
1083 2662 1316 2728 herede
1364 2663 1467 2727 vel
1505 2684 1622 2747 pro
1663 2685 2035 2746 possessore
2076 2664 2336 2731 defune-

311 2760 451 2821 tum
508 2749 921 2840 possedisse.)
1011 2752 1182 2817 idem
1239 2774 1379 2817 esse
1433 2751 1602 2816 libro
1659 2752 1935 2836 septimo
1993 2750 2087 2818 ait
2133 2755 2334 2819 etiam

312 2845 368 2909 si
424 2844 678 2928 putavit
729 2844 916 2908 heres
973 2863 1081 2906 eas
1133 2862 1233 2905 res
1281 2862 1360 2905 ex
1406 2839 1527 2904 hae
1573 2840 1930 2905 hereditate
1977 2864 2117 2906 esse
2165 2864 2333 2926 quae

313 2933 436 2998 sibi
485 2933 699 2996 delata
747 2934 862 2995 est.
1451 2988 1456 2993 .

489 3020 594 3087 58.
643 3018 721 3085 D.
750 3019 811 3103 5,
839 3019 899 3101 3,
926 3016 1032 3082 57.
1114 3016 1422 3083 Neratius
1469 3017 1638 3084 libro
1687 3019 1960 3104 septimo
2007 3018 2331 3086 Membra·

309 3132 559 3175 narum.
623 3145 697 3154 —
758 3104 921 3173 Cum
987 3106 1157 3171 idem
1219 3105 1487 3171 eandem
1541 3107 1966 3173 hereditatem
2023 3108 2332 3175 adversus

309 3199 470 3264 duos
523 3196 811 3263 defendit
866 3202 932 3260 et
983 3193 1330 3260 seeundum
1377 3195 1654 3260 alterum
1702 3219 1780 3261 ex
1824 3196 1927 3261 his
1973 3197 2330 3263 iudicatum

310 3295 425 3370 est,
471 3287 693 3372 quaeri
732 3286 914 3365 solet,
951 3291 1165 3348 utrum
1205 3284 1470 3367 perinde
1508 3285 1567 3348 ei
1604 3284 2026 3351 hereditatem
2063 3288 2328 3352 restitui

310 3380 639 3462 oporteat,
694 3378 887 3458 atque
945 3376 1302 3456 oporteret,
1356 3374 1412 3437 si
1459 3372 1767 3439 adversus
1816 3374 2019 3439 alium
2065 3374 2333 3440 defensa

307 3486 439 3530 non
486 3468 682 3548 esset,
728 3470 803 3528 ut
840 3462 1086 3527 seilicet
1123 3463 1178 3527 si
1216 3484 1368 3527 mox
1405 3465 1471 3526 et
1509 3462 1854 3527 seeundum
1893 3464 2094 3528 alium
2130 3464 2331 3529 fuerit

307 3553 690 3637 iudicatum,
751 3550 1126 3617 absolvatur
1189 3552 1245 3615 is
1312 3573 1454 3615 eum
1519 3572 1643 3635 quo
1709 3555 1924 3616 aetum
1987 3558 2111 3636 est,
2177 3554 2331 3639 quia
