2575 3900
810 199 862 246 4.
905 192 970 245 L.
1008 189 1372 246 NERA'ITUS
1411 189 1705 246 PRISCUS
2130 191 2260 256 299

246 359 487 439 utatur,
535 358 775 438 quanto
822 353 1034 418 minus
1079 353 1201 418 tibi
1244 353 1666 438 praestiterit,
1710 358 1897 419 tanto
1943 354 2156 420 minus
2194 359 2259 420 te

246 444 421 510 Titio
467 447 796 528 praestare
839 463 975 507 non
1020 463 1158 506 esse
1203 443 1511 526 iniquum.

424 533 485 598 5.
539 531 618 596 D.
647 531 751 615 36,
785 532 840 611 1,
868 531 974 616 23,
1000 532 1058 596 3.
1150 529 1470 616 Ulpianus
1510 530 1692 595 -libro
1748 532 1974 615 quinto
2022 531 2260 616 Dispu-

245 621 566 686 tationum
630 619 729 706 (P.
779 617 953 702 109).
1013 655 1089 666 -
1149 670 1164 686 .
1201 667 1217 684 .
1265 621 1319 684 si
1386 619 1530 703 quis
1595 624 1861 704 rogetur
1921 621 2260 686 restituere

244 709 672 775 hereditatem
719 711 784 772 et
827 707 929 773 vel
976 708 1145 772 servi
1182 707 1571 772 decesserint
1607 709 1709 772 vel
1749 707 1915 773 aliae
1952 731 2054 774 res
2093 711 2261 791 peri-

246 799 441 880 erint,
495 797 710 882 placet
764 817 896 860 non
949 797 1094 881 cogi
1140 818 1284 861 eum
1331 796 1593 861 reddere
1621 798 1808 880 ,quod
1858 819 1989 862 non
2045 797 2260 862 habet.

246 887 504 971 [culpae
553 887 743 970 plane
807 884 1067 949 reddere
1131 885 1477 968 rationem,
1540 884 1649 949 sed
1711 885 1847 950 eius
1895 908 2058 970 quae
2110 886 2259 953 dolo

243 976 541 1060 proxima
599 976 739 1055 est.]
833 977 899 1037 et
962 973 1055 1037 ita
1117 971 1422 1038 Neratius
1477 973 1644 1037 libro
1700 975 1907 1057 primo
1971 975 2258 1061 Respon-

242 1086 466 1130 sorum
514 1063 753 1128 scribit.

422 1157 663 1217 Inclusa
706 1155 891 1215 verba
933 1154 1178 1214 Pernice
1223 1174 1344 1214 non
1386 1154 1624 1214 Neratii
1669 1174 1796 1215 csse
1843 1161 2063 1217 censet.

424 1241 483 1306 6.
548 1239 624 1304 D.
662 1240 768 1324 22,
809 1242 864 1321 1,
907 1239 1005 1316 14,
1047 1240 1103 1303 1.
1192 1237 1428 1302 Paulus
1493 1238 1661 1303 libro
1721 1244 1952 1322 quarto
2011 1240 2256 1306 decimo

243 1329 724 1413 Responsorum
772 1323 869 1412 (P.
911 1326 1131 1411 1560).
1179 1363 1262 1373 —
1311 1325 1614 1391 Neratius
1677 1328 1846 1392 libro
1899 1328 2109 1413 primo
2165 1330 2260 1394 ita

240 1417 443 1482 refert
496 1438 669 1498 eum,
732 1414 843 1501 qui
880 1464 893 1479 .
925 1465 941 1482 .
978 1419 1243 1500 rogatus
1304 1418 1500 1498 esset,
1564 1419 1637 1479 ut
1690 1417 2020 1481 mulierem
2075 1419 2258 1483 resti·

240 1508 473 1587 tueret,
517 1509 777 1588 partum
818 1504 954 1569 eius
989 1503 1329 1569 restituere
1368 1503 1722 1588 cogendum
1759 1525 1891 1569 non
1928 1527 2091 1590 esse,
2129 1505 2258 1570 nisi

242 1599 399 1659 tunc
460 1594 665 1658 editus
722 1596 920 1676 esset,
987 1614 1130 1657 cum
1185 1592 1255 1656 in
1309 1591 1802 1657 fideicommisso
1856 1594 2256 1659 restituendo

242 1705 492 1749 moram
537 1682 814 1746 fecisset.

419 1775 642 1835 Paulus
698 1775 891 1834 addit:
949 1768 1160 1851 ‘neque
1215 1774 1504 1834 interesse
1560 1774 1860 1852 existimo,
1914 1793 1990 1834 an
2040 1776 2258 1836 ancilla

238 1865 583 1941 specialiter
628 1883 705 1922 an
750 1863 1049 1922 hereditas
1095 1863 1158 1921 in
1202 1862 1654 1924 fideicommisso
1703 1856 1825 1924 sit'.

874 2017 975 2083 De
1019 2019 1217 2101 operis
1262 2019 1627 2084 lebertorum.

422 2128 479 2191 7..
532 2123 613 2191 D.
640 2125 744 2203 38,
778 2128 833 2203 1,
863 2126 948 2189 50
965 2147 1060 2209 pr.
1149 2123 1454 2189 Neratius
1501 2126 1666 2189 libro
1712 2125 1922 2208 primo
1971 2124 2252 2208 Respon-

243 2236 477 2279 sorum.
546 2248 623 2259 —
694 2211 1050 2297 Operarum
1122 2213 1469 2278 editionem
1540 2213 1814 2297 pendere
1891 2235 1968 2277 ex
2034 2214 2255 2278 existi-

241 2302 525 2367 matione
573 2300 847 2386 edentis3
891 2323 1044 2366 nam
1090 2301 1401 2385 dignitati
1447 2301 1867 2367 facultatibus
1889 2306 2255 2368 -consuetu-

239 2392 377 2454 dini
424 2390 697 2454 artificio
745 2390 881 2453 eius
930 2392 1381 2454 convenientes
1429 2390 1723 2454 edendae.

421 2480 481 2543 8.
538 2477 611 2541 D.
649 2477 802 2541 ibid.
851 2479 889 2558 ξ
930 2478 987 2541 1.
1042 2513 1130 2523 -
1185 2474 1337 2541 Non
1393 2479 1604 2541 solum
1661 2480 1876 2541 autem
1929 2477 2254 2560 libertum,

240 2567 352 2631 sed
409 2566 606 2631 etiam
662 2565 860 2629 alium
916 2564 1267 2648 quemlibet
1322 2586 1547 2648 operas
1605 2565 1898 2629 edentem
1952 2565 2254 2629 alendum

243 2659 358 2719 aut
422 2654 579 2719 satis
643 2653 953 2736 temporis
1020 2652 1100 2714 ad
1160 2660 1500 2733 quaestum
1557 2653 2008 2715 alimentorum
2065 2651 2254 2714 relin-

242 2741 560 2825 quendum
620 2746 684 2803 et
736 2740 805 2804 in
861 2738 1159 2802 omnibus
1215 2741 1508 2820 tempora
1563 2737 1643 2800 ad
1699 2758 1918 2801 curam
1966 2738 2252 2819 corporis

238 2830 673 2894 necessariam
718 2825 1153 2910 relinquenda.

418 2922 490 2980 cf.
540 2920 725 2980 Gaius
779 2919 931 2978 libro
978 2918 1121 2977 XIV
1168 2919 1242 2977 ad
1292 2918 1465 2977 edict.
1511 2937 1676 2994 prov.
1723 2917 1796 2977 D.
1829 2920 1930 2995 38,
1964 2920 2018 2989 1,
2051 2919 2152 2991 22,
2187 2920 2252 2977 2:

236 3004 334 3069 ‘In
390 3010 663 3068 omnibus
720 3008 915 3084 operis
960 3006 1281 3084 praecipue
1329 3006 1764 3066 observandum
1809 3012 1932 3082 est,
1986 3010 2059 3065 ut
2102 3012 2250 3065 tem·
2325 3066 2331 3071 .

236 3098 401 3175 poris
466 3096 686 3173 spatia,
750 3115 900 3171 quae
966 3097 1039 3155 ad
1103 3114 1307 3154 curam
1377 3095 1640 3170 corporis
1705 3095 2038 3154 necessaria
2092 3100 2250 3170 sunt,

235 3187 455 3247 liberto
500 3178 968 3261 relinquantur'.
1048 3185 1123 3244 cf.
1163 3183 1451 3259 Kuebler,
1501 3184 1559 3243 Z..
1609 3184 1665 3242 d.
1709 3183 1958 3243 Sav.-St.
1998 3184 2108 3261 XI,
2148 3186 2251 3245 45.

829 3338 929 3403 De
971 3339 1268 3420 emptione
1310 3338 1666 3403 venditione.

416 3444 505 3509 9².
565 3444 643 3510 D.
676 3446 775 3527 19,
810 3445 865 3525 1,
894 3445 953 3526 6,
985 3445 1041 3508 1.
1129 3444 1526 3527 Pomponius
1581 3444 1751 3508 libro
1798 3466 1968 3510 nono
2016 3444 2096 3508 ad
2142 3443 2250 3509 Sa-

236 3532 464 3597 binum
509 3528 611 3620 (P.
648 3533 827 3618 554).
874 3568 960 3579 —-
1006 3530 1074 3595 Si
1129 3532 1382 3596 vendidi
1427 3533 1549 3596 tibi
1596 3533 1874 3597 insulam
1921 3537 2097 3598 certa
2143 3555 2251 3616 pe·
