2575 3900
1011 210 1059 259 3.
1102 202 1536 259 OCTAVENUS
2145 200 2275 265 213

257 367 353 451 Is,
413 368 523 451 qui
582 388 813 451 operas
868 370 980 431 aut
1033 366 1103 430 in
1160 364 1449 449 singulas
1505 385 1612 428 eas
1668 367 1910 428 certam
1965 384 2282 427 summam

257 456 587 540 promisit,
654 455 734 519 ad
800 455 966 519 hanc
1027 456 1236 539 legem
1303 450 1421 540 (sc.
1463 452 1715 517 Aeliam
1771 448 2088 537 Sentiam)
2152 473 2283 515 non

259 547 577 628 pertinet,
642 543 948 628 quoniam
1009 564 1237 627 operas
1291 541 1680 626 praestando
1734 545 1951 621 potest
2003 539 2286 605 liberari.

259 633 431 698 idem
461 631 830 698 Octavenus
866 633 1104 716 probat
1130 637 1197 695 et
1224 630 1444 696 adicit:
1483 630 1776 715 obligare
1805 629 1929 695 sibi
1958 628 2286 713 libertum,

262 726 340 787 ut
382 721 740 786 mercedem
786 742 1129 804 operarum
1176 719 1410 804 capiat,
1454 720 1512 783 is
1552 717 1968 802 intellegitur,
2019 718 2125 802 qui
2162 717 2286 781 hoc

260 810 474 876 solum
530 811 696 894 agit,
750 814 826 874 ut
878 809 1102 894 utique
1156 809 1515 872 mercedem
1562 806 1805 891 capiat,
1861 806 2118 871 etiamsi
2165 806 2285 870 sub

261 899 457 963 titulo
506 920 849 983 operarum
895 919 1036 961 eam
1084 896 1432 981 stipulatus
1476 896 1689 960 fuerit.

444 1009 517 1069 cf.
556 1010 629 1069 D.
662 1012 719 1088 7,
749 1011 808 1083 8,
841 1011 943 1086 12,
974 1011 1011 1069 e
1058 1008 1218 1067 infra
1260 1008 1337 1067 fr.
1368 1010 1465 1068 10.

854 1181 953 1246 De
996 1182 1294 1263 emptione
1336 1180 1696 1244 venditione.

440 1306 499 1371 8.
547 1305 992 1389 D.18,6,8pr.
1046 1303 1223 1367 Idem
1286 1325 1371 1369 sc.
1401 1302 1666 1387 Paulus)
1704 1303 1873 1367 libro
1902 1301 2287 1385 trigensimo

260 1394 457 1458 tertio
524 1393 604 1457 ad
664 1394 940 1458 edictum
999 1392 1098 1478 (P.
1135 1390 1266 1458 513
1304 1442 1317 1457 .
1372 1428 1460 1437 —-
1513 1390 1896 1456 Necessario
1958 1389 2289 1454 sciendum

265 1485 392 1560 est,
449 1482 703 1567 quando
760 1482 1043 1567 perfecta
1098 1483 1185 1545 sit
1242 1481 1511 1565 empti03
1568 1485 1721 1544 tunc
1779 1480 1948 1543 enim
1997 1480 2290 1563 sciemus,

266 1572 445 1636 cuius
493 1571 847 1655 periculum
896 1571 1006 1652 sit3
1052 1592 1200 1633 nam
1238 1570 1529 1654 perfecta
1566 1568 1894 1651 emptione
1931 1566 2291 1651 periculum

266 1659 345 1723 ad
384 1664 744 1743 emptorem
782 1658 1103 1742 respiciet.
1178 1663 1243 1721 et
1280 1658 1336 1721 si
1372 1657 1437 1720 id
1477 1657 1648 1741 quod
1677 1656 1952 1721 venierit
1979 1658 2293 1740 appareat

265 1747 417 1831 quid
464 1750 649 1830 quale
695 1751 1009 1831 quantum
1056 1748 1162 1830 sit,
1209 1746 1296 1810 sit
1341 1751 1406 1810 et
1447 1746 1741 1829 pretium,
1786 1750 1852 1810 et
1888 1766 2046 1829 pure
2084 1744 2284 1825 venit,

262 1835 553 1921 perfecta
586 1841 684 1900 est
712 1836 971 1919 emptio,
1017 1835 1187 1919 quod
1218 1834 1275 1899 si
1303 1835 1424 1899 sub
1455 1835 1830 1900 condicione
1858 1855 1962 1897 res
1991 1832 2292 1911 venierit,

266 1926 325 1990 si
374 1926 631 2011 quidem
678 1923 981 1990 defecerit
1026 1923 1343 2008 condicio,
1397 1924 1576 1988 nulla
1622 1926 1721 1988 est
1769 1922 2039 2008 empti0‚
2095 1921 2288 1987 sicuti

264 2035 381 2078 nec
420 2014 778 2098 stipulatio.
833 2013 1002 2097 quod
1037 2013 1092 2077 si
1121 2013 1455 2096 exstiterit,
1483 2011 1794 2077 Proculus
1823 2015 1891 2076 et
1920 2008 2289 2077 Octavenus

269 2103 580 2186 emptoris
632 2124 771 2166 esse
816 2102 1177 2185 periculum
1224 2101 1426 2166 aiunt.

444 2191 503 2254 9.
555 2191 630 2255 D.
668 2191 766 2270 19,
800 2192 857 2274 1,
886 2189 989 2255 55.
1079 2189 1475 2274 Pomponius
1522 2189 1693 2254 libro
1741 2189 1988 2253 decimo
2035 2187 2296 2272 Epistu-

266 2280 474 2343 larum
533 2278 627 2363 (P.
662 2275 838 2366 197).
890 2315 965 2324 —
1019 2277 1087 2343 Si
1144 2301 1395 2363 servus,
1449 2279 1560 2363 qui
1615 2282 1936 2342 emeretur
1992 2277 2092 2342 vel
2143 2298 2294 2360 pro-

265 2369 666 2452 mitteretur,
710 2367 779 2430 in
824 2367 1111 2432 hostium
1156 2371 1480 2452 potestate
1529 2367 1634 2452 sit,
1677 2365 2034 2430 Octavenus
2082 2364 2308 2448 magis-

266 2457 545 2542 putabat
587 2456 804 2520 valere
852 2457 1245 2538 emptionem
1284 2459 1348 2520 et
1389 2455 1894 2539 stipulationem,
1939 2453 2090 2538 quia
2128 2455 2296 2517 inter

267 2548 593 2609 ementem
632 2549 698 2608 et
732 2544 1117 2610 vendentem
1157 2549 1328 2608 esset
1356 2544 1837 2627 commercium3
1875 2543 2092 2627 potius
2122 2541 2295 2606 enim

269 2633 725 2698 difficultatem
771 2634 841 2696 in
885 2632 1270 2716 praestando
1320 2654 1395 2696 60
1436 2633 1662 2714 1116886,
1709 2653 1902 2715 quam
1939 2629 2126 2712 <eum
2165 2651 2298 2693 non

252 2723 455 2805 ,6886)
502 2722 572 2786 111
619 2722 919 2805 <rer-um>
963 2727 1224 2805 natura,
1268 2721 1524 2785 etiamsi
1570 2719 1786 2784 officio
1831 2717 2060 2782 iudicis
2107 2717 2298 2780 susti-

271 2811 487 2875 nenda
535 2815 706 2874 esset
752 2810 885 2874 eius
932 2811 1318 2893 praestatio,
1364 2808 1566 2873 donec
1609 2808 1928 2892 praestari
1972 2806 2200 2891 possit.

839 2986 938 3052 De
982 2987 1280 3052 locatione
1323 2987 1726 3051 conductione.

450 3111 549 3175 10.
595 3109 674 3174 D.
699 3111 755 3193 7,
777 3110 835 3188 8,
859 3111 959 3192 12,
980 3111 1040 3175 6.
1130 3107 1454 3193 Ulpianus
1501 3109 1672 3174 libro
1721 3107 1998 3192 septimo
2047 3107 2297 3172 decimo

267 3199 351 3263 ad
398 3197 711 3263 Sabinum
760 3195 859 3285 (P.
889 3195 1111 3285 2579).
1150 3236 1235 3246 —
1407 3197 1626 3263 Labeo
1671 3201 1880 3282 putat,
1927 3197 1984 3260 si
2029 3195 2298 3261 fundum

269 3287 647 3351 conduxerit
701 3289 876 3372 quis,
932 3289 1258 3352 usuarium
1319 3309 1573 3351 servum
1630 3308 1822 3369 posse
1873 3285 1969 3349 ibi
2025 3286 2299 3369 operari.

268 3425 285 3441 .
309 3425 357 3441 ..
397 3397 599 3460 quare
636 3379 702 3440 et
739 3377 795 3440 si
831 3377 1051 3440 lanam
1090 3376 1467 3441 conduxerit
1494 3376 1790 3439 usuarius
1819 3373 2300 3458 expediendam,

272 3463 520 3548 poterit
590 3465 787 3528 etiam
860 3485 975 3548 per
1046 3465 1344 3529 usuarias
1414 3463 1682 3528 ancillas
1749 3485 1912 3546 opus
1976 3462 2302 3546 perficere,

270 3553 599 3639 idemque,
638 3554 693 3617 si
739 3553 1129 3618 vestimenta
1175 3551 1448 3617 texenda
1492 3551 1832 3616 redemerit
1878 3550 1980 3615 vel
2020 3551 2299 3615 insulam
