2575 3900
813 189 864 238 6.
910 181 1326 238 IAVOLENUS
1362 181 1656 238 PRISCUS
2106 184 2239 248 491

215 351 337 428 est,
389 346 594 411 divisa
635 367 866 428 quoque
908 348 977 410 in
1023 347 1304 428 sinyulas
1337 367 1639 428 personas
1682 347 1879 412 videri
1908 351 2132 430 potest,
2188 353 2247 412 et

216 435 359 499 ideo
393 425 629 517 sinyuli
655 456 777 517 pro
811 455 928 500 sua
955 441 1136 516 parte
1169 441 1226 499 et
1259 436 1603 500 condicioni
1626 457 1851 518 parere
1888 440 1946 500 et
1978 437 2247 518 leyatum

219 543 438 605 capere
454 529 732 606 possunt.
803 545 954 588 nam
981 525 1261 605 quamvis
1294 544 1538 589 summa
1564 526 1843 590 universe
1868 521 2247 589 condicioni¹

216 613 311 676 sit
351 613 682 694 adscripta,
727 614 1176 677 enumeratione
1203 632 1620 696 personarum
1650 618 1853 696 potest
1894 615 2087 678 videri
2123 633 2249 678 esse

217 701 441 766 divisa.
524 703 594 764 in
639 722 703 766 eo
750 722 904 783 vero,
948 702 1112 784 quod
1152 703 1270 778 uni
1311 703 1423 766 sub
1458 704 1806 767 condicione
1840 703 2105 804 leyatum
2139 706 2245 784 est,

218 790 427 854 scindi
467 810 542 854 ex
585 791 883 854 accidenti
926 789 1196 855 condicio
1239 810 1367 854 non
1402 791 1581 872 debet,
1626 796 1684 856 et
1716 792 1918 856 omnis
1952 810 2248 856 numerus

218 898 462 956 eorum,
521 879 630 960 qui
683 879 754 942 in
809 879 1004 943 locum
1058 880 1190 943 eius
1241 880 1720 962 substituuntur,
1760 899 1884 962 pro
1936 879 2248 961 sinyulari

209 987 485 1048 persona
529 972 617 1034 est
657 967 984 1032 habendus.

799 1126 898 1191 De
939 1127 1256 1192 verborum
1302 1123 1676 1211 obliyatione.

406 1244 506 1308 76.
561 1242 637 1307 D.
665 1239 772 1324 45,
800 1243 859 1322 3,
888 1242 992 1307 36.
1081 1240 1425 1306 Iavolenus
1480 1243 1650 1307 libro
1707 1247 1938 1327 quarto
1995 1241 2243 1308 decimo

220 1330 685 1414 Epistularum.
739 1367 811 1376 -—
878 1331 1055 1411 Quod
1104 1351 1313 1395 servus
1364 1332 1696 1412 stipulatus
1748 1337 1860 1414 est,
1913 1352 2091 1414 quem
2144 1333 2248 1396 do-

220 1421 433 1484 minus
477 1441 595 1502 pro
649 1420 923 1486 derelicto
976 1419 1253 1502 habebat,
1309 1420 1545 1485 nullius
1598 1426 1687 1485 est
1729 1421 2046 1502 momenti,
2098 1420 2249 1501 quia

221 1510 334 1590 qui
373 1529 494 1590 pro
547 1509 822 1574 derelicto
878 1528 1008 1572 rem
1053 1507 1250 1589 habet,
1306 1509 1654 1574 omnimodo
1698 1530 1741 1573 a
1785 1528 1849 1574 se
1892 1509 2100 1573 reiecit
2139 1529 2249 1573 nec

209 1601 413 1680 potest
444 1598 575 1662 eius
611 1597 886 1679 opmmts
920 1597 1041 1680 uti,
1085 1617 1259 1678 quem
1298 1617 1365 1660 eo
1408 1596 1610 1679 (nullo
1619 1597 1688 1680 2)
1728 1598 1863 1662 iure
1896 1598 1984 1662 ad
2014 1618 2078 1662 se
2099 1617 2249 1678 per-

223 1687 416 1750 tinere
441 1685 657 1750 noluit.
729 1685 891 1766 quod
922 1685 981 1749 si
1016 1685 1095 1749 ab
1119 1685 1246 1749 alio
1277 1685 1690 1766 adprehensus
1716 1690 1818 1766 est,
1854 1685 2249 1767 stipulatione

224 1776 282 1839 ei
315 1775 637 1856 adquirere
674 1774 926 1856 poterit,·
971 1793 1123 1837 nam
1166 1778 1224 1838 et
1266 1773 1412 1838 haec
1446 1795 1661 1856 yenere
1695 1775 1960 1856 quodam
1996 1775 2247 1839 donatio

223 1868 325 1928 est.
423 1864 584 1927 inter
635 1862 1071 1927 hereditarium
1123 1863 1288 1927 enim
1342 1881 1582 1928 servum
1634 1867 1691 1927 et
1742 1883 1907 1943 eum,
1971 1864 2081 1945 qui
2122 1883 2247 1944 pro

223 1953 500 2017 derelicto
533 1953 803 2034 habetur,
828 1952 1176 2033 plurimum
1211 1954 1471 2037 interest,
1508 1955 1802 2035 quoniam
1830 1954 1991 2018 alter
2016 1952 2250 2017 heredi-

226 2043 372 2106 tatis
442 2044 577 2106 iure
647 2042 965 2119 retinetur,
1037 2062 1144 2107 nec
1207 2046 1402 2123 potest
1469 2040 1793 2107 derelictus
1806 2039 1827 2076 ¹
1890 2042 2085 2106 videri
2136 2042 2247 2123 qui

224 2132 504 2195 universo
539 2130 887 2195 hereditatis
922 2132 1058 2195 iure
1091 2131 1448 2214 continetur,
1484 2130 1641 2195 alter
1674 2131 1981 2195 voluntate
2006 2130 2245 2195 domini

225 2219 542 2284 derelictus
599 2240 724 2283 non
767 2224 966 2301 potest
1015 2220 1211 2284 videri
1262 2219 1350 2282 ad
1400 2239 1582 2283 usum
1635 2220 1766 2284 eius
1810 2220 2141 2301 pertinere,
2202 2238 2248 2281 a

225 2328 342 2389 quo
389 2305 744 2372 derelictus²
790 2312 894 2371 est.

975 2411 1076 2476 De
1111 2413 1503 2493 possessione.

408 2528 510 2591 77.
555 2526 634 2590 D.
658 2528 764 2607 41,
792 2527 851 2607 2,
879 2527 982 2591 24.
1054 2525 1233 2590 Idem
1263 2525 1381 2611 (sc.
1408 2522 1781 2613 Iavolenus)
1811 2527 1978 2592 libro
2008 2530 2242 2611 quarto

232 2613 476 2697 decimo
525 2614 986 2698 Epistularum.
1039 2651 1123 2661 -
1173 2613 1351 2694 Quod
1390 2634 1596 2679 servus
1640 2619 1782 2680 tuus
1828 2618 2145 2699 iynorante
2188 2620 2245 2681 te

229 2705 291 2767 vi
324 2704 616 2785 possidet,
670 2704 740 2768 id
783 2708 848 2767 tu
892 2723 1018 2767 non
1049 2704 1354 2786 possides,
1408 2704 1702 2785 quoniam
1744 2704 1821 2783 is,
1870 2706 1979 2787 qui
2022 2706 2091 2768 in
2139 2711 2249 2769 tua

217 2796 511 2875 potestate
553 2797 653 2870 est,
698 2793 1015 2875 iquoranti
1058 2792 1170 2857 tan·
1211 2812 1339 2856 non
1382 2793 1755 2874 corporalem
1789 2794 2248 2874 possessionem,

230 2883 332 2946 sed
381 2882 610 2946 iustam
661 2886 860 2962 potest
910 2882 1258 2963 adquirere,
1322 2881 1480 2945 siout
1530 2881 1620 2964 id,
1674 2883 1837 2962 quod
1887 2902 1963 2947 ex
2008 2883 2247 2965 peculio

229 2972 315 3034 ad
363 2991 500 3034 eum
541 2970 910 3053 pervenerit,
954 2971 1240 3051 possidet.
1329 2990 1480 3034 nam
1534 2975 1665 3034 tum
1695 2991 1814 3051 per
1856 2990 2097 3035 servum
2142 2972 2246 3036 do·

228 3059 437 3125 minus
507 3080 738 3141 quoque
795 3060 1108 3141 possidere
1177 3059 1431 3139 dicitur,
1506 3079 1752 3124 summa
1822 3060 2049 3125 scilicet
2107 3080 2249 3124 cum

230 3149 490 3231 ratione,
542 3150 718 3232 quia,
771 3149 933 3230 quod
982 3168 1058 3213 ea:
1109 3148 1276 3212 iusta
1326 3168 1517 3213 causa
1558 3149 1951 3229 corporaliter
1993 3170 2036 3213 a
2078 3168 2247 3213 servo

232 3240 475 3315 tenetur,
529 3238 599 3302 id
640 3238 709 3301 in
748 3238 984 3319 peculio
1028 3238 1188 3303 servi
1230 3242 1320 3301 est
1362 3242 1419 3301 et
1449 3236 1789 3319 peculium,
1834 3239 1999 3319 quod
2037 3256 2248 3302 servus

233 3325 486 3390 civiliter
556 3327 800 3408 quidem
858 3326 1170 3407 possidere
1239 3346 1365 3391 non
1418 3330 1646 3409 posset,
1717 3326 1824 3391 sed
1882 3326 2253 3391 naturaliter

373 3486 400 3534 1
443 3480 540 3536 Fl.
577 3480 932 3537 condicionis.

373 3556 404 3603 2
445 3551 541 3606 Fl.
579 3550 826 3606 relictus.
