2575 3900
379 186 510 251 432
581 185 648 241 V.
687 184 988 241 NERVAE
1023 184 1118 239 ET
1157 184 1464 240 TRAIANI
1498 183 1711 240 ΤΕΜΡ.
1748 183 1940 240 IURIS
1978 182 2347 241 CONSULTI
2556 211 2558 321 1

380 350 598 427 locavi,
657 353 872 431 postea
935 349 1199 433 comperi
1260 368 1389 413 non
1436 368 1618 431 posse
1679 349 1941 415 minoris
1998 353 2415 415 trecentorum

377 460 516 505 eam
559 436 775 503 villam
819 442 1109 503 constare.
1192 438 1344 501 data
1388 442 1592 503 autem
1638 438 1747 502 tibi
1788 442 1971 503 erant
2012 442 2278 519 centum,
2328 459 2418 503 ea:

377 527 598 609 quibus
654 546 792 591 cum
840 531 1090 609 partem
1147 526 1566 612 impendisses,
1629 528 1792 591 vetui
1854 532 1908 591 te
1969 546 2119 609 opus
2176 525 2417 607 facere.

377 616 530 697 disci,
573 616 632 680 si
673 635 825 697 opus
865 616 1066 695 facere
1096 616 1595 698 perseveraveris,
1642 636 1717 679 ex
1761 615 1953 680 locato
1988 620 2179 681 tecum
2216 614 2413 703 (me)

377 724 580 788 ayere,
623 709 696 769 ut
728 704 1026 786 pecuniae
1067 703 1225 768 mihi
1266 704 1573 787 reliquum
1617 705 1916 771 restituas.

861 888 956 947 De
997 888 1343 948 vestimentis
1375 888 1667 963 poliendis
1712 888 1927 947 locatis.

560 997 704 1062 126.
777 995 855 1063 D.
908 997 1007 1080 19,
1052 998 1113 1080 2,
1158 998 1262 1079 60,
1307 999 1367 1063 2.
1465 997 1681 1063 Labeo
1736 998 2166 1081 posteriorum
2226 997 2411 1064 libro

379 1086 606 1172 quinto
671 1110 708 1149 a
769 1084 1072 1152 Iavoleno
1138 1087 1653 1171 epitomatorum.
1712 1124 1796 1135 —
1865 1087 2235 1153 Vestimenta
2292 1092 2415 1152 tua

373 1174 532 1258 fullo
564 1175 843 1259 perdidit
889 1181 944 1239 et
987 1175 1166 1241 habes
1208 1177 1372 1255 unde
1406 1181 1584 1259 petas
1626 1196 1733 1241 nec
1767 1180 2028 1259 repetere
2061 1176 2170 1241 vis.
2261 1178 2411 1259 ayis

375 1262 574 1330 nihilo
627 1265 836 1329 minus
889 1285 963 1330 ex
1017 1265 1207 1330 locato
1260 1286 1399 1329 eum
1447 1262 1709 1348 fullone,
1762 1266 1869 1331 sed
1909 1265 2171 1330 iudicem
2217 1266 2413 1330 aesti-

377 1358 694 1419 maturum
708 1404 725 1436 ,
779 1374 866 1418 an
907 1356 1113 1436 possis
1165 1356 1456 1419 adversus
1504 1354 1709 1435 furem
1753 1353 1954 1437 mayis
1998 1374 2175 1437 aycre
2218 1358 2278 1418 et
2323 1355 2411 1419 ab

377 1464 444 1509 eo
499 1447 638 1507 tuas
690 1461 787 1508 res
831 1445 1110 1525 consequi
1148 1443 1411 1525 fullonis
1454 1444 1725 1507 videlicet
1764 1441 2139 1524 sumptibus;
2194 1442 2303 1507 sed
2346 1444 2411 1508 si

377 1532 489 1597 boc
522 1531 633 1595 tibi
667 1532 1034 1613 impossibile
1069 1552 1192 1597 esse
1217 1533 1607 1615 perspexerit,
1644 1537 1787 1597 tunc
1817 1530 2119 1612 fullonem
2151 1532 2409 1614 quidem

377 1622 490 1686 tibi
552 1621 996 1703 condemnabit,
1059 1625 1199 1687 tuas
1261 1626 1466 1686 autem
1528 1622 1793 1686 actiones
1852 1624 1908 1686 te
1967 1620 2025 1685 ei
2074 1625 2409 1700 praestare

376 1709 695 1790 compellet.

1209 1866 1425 1926 Liber
1470 1866 1573 1924 VI.

1102 1986 1202 2051 De
1245 1985 1661 2051 commodato?

561 2101 708 2167 127.
754 2099 829 2166 D.
859 2100 918 2182 9,
947 2103 1006 2183 2,
1036 2102 1141 2168 57.
1210 2101 1552 2166 Iavolenus
1589 2101 1766 2166 libro‘
1796 2103 1976 2164 sexto
2016 2122 2091 2165 ex
2126 2101 2405 2184 posteri·

379 2189 600 2257 oribus
645 2188 985 2256 Labeonis,
1037 2226 1110 2238 —
1163 2191 1417 2273 Equum
1464 2191 1574 2255 tibi
1616 2190 2009 2255 commodavi.
2099 2191 2171 2254 in
2216 2210 2283 2254 eo
2330 2195 2405 2255 tu

377 2301 516 2345 cum
560 2280 860 2360 equitares
904 2285 962 2345 et
1000 2301 1132 2344 una
1175 2279 1512 2361 complures
1556 2279 1924 2361 equitarent,
1970 2299 2135 2344 unus
2180 2299 2256 2344 ex
2298 2279 2406 2345 his

378 2369 570 2434 irruit
601 2369 672 2432 in
706 2388 925 2450 equum
963 2374 1129 2450 teque
1163 2370 1377 2434 deiecit
1409 2372 1467 2432 et
1508 2388 1574 2432 co
1619 2387 1764 2432 casu
1798 2387 1986 2432 crura
2020 2369 2160 2450 equi
2190 2368 2404 2448 fracta

375 2461 536 2522 sunt.
635 2457 836 2522 Labeo
887 2463 1071 2540 neqat
1124 2463 1319 2522 tecum
1368 2457 1566 2522 ullam
1619 2457 1918 2521 actionem
1969 2475 2120 2543 esse,
2182 2457 2292 2522 sed
2339 2458 2403 2522 si

376 2547 597 2630 equitis
649 2548 830 2629 culpa
877 2547 1114 2627 factum
1167 2552 1340 2629 esset,
1404 2566 1541 2611 cum
1595 2546 1822 2628 equite;
1878 2565 2028 2610 sane
2078 2565 2204 2611 non
2257 2566 2401 2611 cum

377 2638 518 2719 equi
561 2637 806 2702 domino
849 2637 958 2718 aqi
988 2656 1186 2718 posse.
1273 2655 1487 2700 verum
1517 2638 1689 2717 puto.

1163 2811 1264 2878 De
1307 2811 1615 2894 deposito?

558 2930 701 2993 128.
758 2928 836 2994 D.
871 2927 968 3010 16,
999 2927 1056 3011 3,
1086 2927 1189 2994 33.
1271 2927 1490 2992 Labeo
1537 2925 1705 2991 libro
1746 2930 1926 2992 sexto
1966 2925 2398 3010 posteriorum

379 3039 418 3081 a
455 3014 755 3081 Iavoleno
795 3016 1307 3099 epitomatorum.
1346 3052 1430 3063 —
1468 3014 1694 3080 Servus
1730 3020 1873 3081 tuus
1897 3016 2230 3099 pecuniam
2255 3035 2399 3080 oum

376 3104 551 3169 Attio
595 3106 665 3169 in
709 3109 1006 3188 sequestre
1047 3106 1323 3207 deposuit
1358 3105 1531 3188 apud
1564 3103 1889 3170 Maevium
1924 3125 1999 3170 ea
2018 3104 2396 3208 condicione,

374 3199 448 3258 ut
481 3213 553 3258 ea
588 3194 700 3257 tibi
733 3195 1095 3276 redderetur,
1130 3195 1188 3258 si
1223 3199 1397 3258 tuam
1432 3213 1555 3258 esse
1578 3193 1935 3275 probasses‚·
1972 3195 2032 3259 si
2064 3194 2291 3277 minus,
2326 3198 2399 3258 ut

377 3282 553 3345 Attio
597 3283 960 3346 redderetur.
1028 3301 1209 3363 posse
1243 3283 1379 3347 dixi
1414 3302 1553 3346 cum
1587 3302 1670 3366 eo,
1705 3283 1879 3365 apud
1910 3303 2087 3364 quem
2122 3283 2395 3364 deposita

375 3374 542 3451 esset,
578 3370 794 3434 incerti
829 3367 1058 3472 aqerel',
1101 3371 1172 3434 id
1204 3375 1295 3434 est
1328 3370 1416 3433 ad
1446 3369 1849 3436 exhibendum
1857 3370 1932 3455 ἓ]
1969 3375 2026 3436 et
2060 3371 2395 3436 exhibitam

374 3458 714 3539 vindicavqe
767 3457 918 3540 quia
971 3477 1180 3523 servus
1229 3459 1303 3522 in
1354 3458 1699 3540 deponendo
1755 3464 1929 3523 tuum
1982 3461 2083 3526 ius
2134 3460 2397 3525 deterius

369 3545 577 3624 facere
619 3566 745 3611 non
782 3546 1090 3628 potuisset.
