2575 3900
228 198 251 242 s
457 195 525 250 Π.
566 195 1045 252 INCERTORUM
1083 195 1540 252 SENTENTIAE
1579 197 1675 251 ET
1712 197 1923 254 LIBRI.
2070 197 2201 262 523

765 375 865 442 De
908 379 1209 461 emptione
1252 378 1609 444 venditione.

887 509 981 567 De
1022 509 1205 582 fwndo
1250 510 1493 568 vendito.

357 618 459 683 21.
549 615 627 682 D.
680 619 781 703 19,
832 622 895 698 1,
943 619 1045 683 39.
1138 618 1538 684 Modestinus
1584 618 1751 684 libro
1799 617 2027 704 quinto
2073 618 2197 683 Re-

175 728 587 790 sponsorum.
615 743 701 752 —
733 758 746 772 .
777 759 790 771 .
819 756 833 770 .
861 709 1017 772 iuris
1056 711 1349 772 auctores
1377 707 1859 790 responderunt,
1898 708 1952 770 si
1981 711 2194 772 certus

172 795 477 859 venditor
531 796 914 880 quibusdam
970 798 1263 879 personis
1312 799 1518 861 certas
1575 795 1916 860 servitutes
1965 795 2194 860 debere

171 905 307 1037 303
378 884 819 986 admonuisset
892 889 1273 970 emptorem,
1346 908 1422 949 ex
1490 889 1706 968 empto
1780 905 1927 948 eum
1990 884 2194 949 teneri

222 994 255 1037 e
305 995 415 1036 eri.

356 1063 457 1127 22.
523 1061 599 1126 D.
643 1063 743 1147 18,
786 1064 839 1144 1,
879 1063 982 1128 60.
1055 1063 1400 1128 Marcellus
1447 1063 1614 1128 libro
1664 1065 1848 1127 sexto
1894 1061 2198 1147 Digesto-

173 1172 341 1215 rum.
400 1187 475 1197 —
548 1148 1099 1235 comprehensum
1165 1157 1304 1217 erat
1366 1152 1510 1236 lege
1575 1151 1966 1216 venditionis
1983 1114 2198 1215 odona

176 1239 516 1323 sexaginta
563 1240 839 1324 emptori
886 1262 1237 1307 accessura.
1329 1263 1475 1306 cum
1523 1245 1738 1305 essent
1788 1244 2072 1320 centum,
2127 1239 2200 1303 in

173 1328 526 1392 venditoris
558 1328 697 1394 fore
724 1332 1047 1413 potestate
1077 1352 1460 1414 responsum
1489 1333 1588 1394 est
1617 1350 1777 1413 quae
1809 1329 2001 1393 vellet
2029 1292 2195 1392 dare.

355 1426 459 1490 23.
550 1425 627 1490 D.
662 1428 763 1506 18,
801 1427 861 1510 6,
908 1427 968 1492 9.
1059 1425 1259 1491 Gaius
1303 1427 1470 1492 libro
1511 1426 1754 1490 decimo
1795 1426 1874 1489 ad
1914 1425 2191 1490 edictum

174 1514 585 1598 provinciale.
640 1550 713 1561 —
768 1513 835 1580 Si
871 1519 1016 1597 post
1052 1517 1411 1599 inspectum
1449 1491 1800 1600 praedium,
1847 1518 2192 1599 antequam

176 1603 421 1687 emptio
479 1603 919 1686 contrahatur,
976 1604 1238 1669 arbores
1295 1609 1487 1670 vento
1545 1603 1826 1667 deiectae
1883 1608 2054 1685 sunt,
2111 1625 2195 1667 an

174 1691 299 1755 hae
366 1713 617 1775 quoque
664 1693 939 1775 emptori
986 1693 1155 1756 tradi
1213 1694 1508 1777 debeant,
1556 1691 1902 1776 quaeritur.
1991 1698 2056 1756 et
2099 1713 2198 1755 re-

177 1801 487 1863 sponsum
545 1784 644 1845 est
700 1802 831 1845 non
888 1781 1123 1861 deberi,
1185 1782 1339 1865 quia
1386 1805 1493 1847 eas
1550 1802 1681 1845 non
1737 1779 1990 1864 emerit,
2046 1801 2191 1844 cum

176 1872 325 1933 ante
381 1891 576 1954 quam
630 1870 894 1935 fundum
951 1870 1201 1935 emerit
1234 1871 1544 1936 desierint
1599 1869 1784 1934 fundi
1830 1890 1988 1934 esse.
2081 1869 2190 1933 sed

178 1960 231 2023 si
296 1959 627 2044 ignoravit
690 1965 945 2043 emptor
1010 1961 1294 2025 deiectas
1352 1983 1490 2026 esse
1546 1960 1830 2041 arbores,
1895 1959 2192 2023 venditor

178 2050 393 2113 autem
441 2050 563 2113 scit
618 2071 736 2113 nec
785 2048 1133 2133 admonuit,
1190 2052 1421 2134 quanti
1469 2048 1779 2132 emptoris
1826 2047 2195 2111 interfuerit

177 2158 311 2200 rem
356 2137 819 2202 aestimandam
868 2159 1023 2222 esse,
1072 2140 1127 2202 si
1172 2139 1365 2203 modo
1414 2140 1608 2203 venit.

591 2312 684 2370 De
726 2314 925 2385 fructu
969 2313 1155 2371 olivae
1188 2314 1499 2385 pendentis
1542 2311 1784 2370 vendito.

352 2422 454 2485 24.
548 2420 622 2484 D.
694 2422 794 2494 18,
854 2424 911 2504 1,
968 2421 1072 2501 39,
1123 2424 1178 2486 1.
1267 2420 1556 2485 Iulianus
1603 2419 1770 2484 libro
1819 2420 2045 2503 quinto
2090 2420 2195 2483 de-

178 2511 342 2574 cimo
392 2508 828 2593 Digestorum.
866 2545 951 2555 —
990 2508 1359 2575 Verisimile
1407 2513 1506 2574 est
1552 2530 1715 2587 eum,
1763 2508 1873 2592 qui
1911 2508 2194 2572 fructum

178 2598 385 2663 olivae
441 2598 778 2682 pendentis
835 2597 1225 2663 vendidisset
1281 2604 1346 2663 et
1402 2598 1748 2681 stipulatus
1805 2600 1905 2661 est
1974 2596 2191 2660 decem

178 2685 390 2771 pondo
439 2686 562 2751 olei
610 2685 776 2770 quod
827 2690 1053 2751 natum
1102 2691 1293 2770 esset,
1339 2688 1616 2771 pretium
1658 2684 2070 2751 constituisse
2108 2705 2188 2748 ex

178 2798 252 2841 eo
301 2774 471 2861 quod
518 2780 745 2839 natum
794 2779 965 2840 esset
1009 2797 1211 2860 usque
1260 2775 1341 2840 ad
1388 2777 1604 2841 decem
1644 2774 1860 2859 pondo
1900 2772 2050 2859 olei3
2098 2773 2188 2837 id-

178 2866 343 2929 circo
391 2864 549 2929 solis
598 2865 884 2949 quinque
942 2865 1227 2930 collectis
1284 2887 1416 2929 non
1464 2864 1742 2947 amplius
1790 2883 1929 2927 eum
1972 2865 2191 2945 petere

176 2952 394 3039 posse1
444 2976 636 3038 quam
684 2956 961 3038 quinque
1008 2953 1221 3038 pondo
1270 2955 1415 3038 olei,
1453 2974 1615 3039 quae
1653 2952 1923 3017 collecta
1960 2956 2193 3033 essent,

179 3066 215 3107 a
258 3043 582 3128 plerisque
629 3064 1015 3128 responsum
1063 3047 1179 3108 est.

802 3218 897 3276 De
941 3219 1090 3278 bona
1134 3219 1250 3290 fide
1296 3221 1561 3290 emptore.

353 3327 453 3392 25.
546 3327 622 3392 D.
681 3327 787 3411 41,
841 3329 901 3406 4,
960 3329 1015 3393 8.
1106 3326 1287 3392 Idem
1347 3324 1461 3412 (sc.
1507 3322 1829 3410 Iulianus)
1876 3325 2046 3390 libro
2096 3346 2194 3388 se-

180 3415 380 3481 cundo
429 3438 507 3480 ex
551 3415 831 3482 Minicio,
893 3453 969 3463 -
1030 3414 1098 3480 Si
1146 3416 1317 3500 quis,
1369 3436 1512 3479 eum
1559 3415 1749 3479 sciret
1792 3414 2193 3478 venditorem

319 3577 347 3625 1
388 3572 478 3627 Fl.
518 3575 735 3643 emptor
770 3577 961 3643 petere
999 3574 1203 3642 potest.
