2575 3900
267 153 399 218 580
933 169 944 180 ’
995 153 1553 210 ADDITAMENTA.

270 317 652 404 perveniret,
692 316 1051 400 decesserit,
1090 315 1313 382 Sticho
1350 317 1617 383 libertas
1653 321 1975 402 competet
2012 366 2029 382 .
2050 367 2099 382 ..
2139 339 2299 382 nam

272 409 493 472 favore
539 406 861 470 libertatis
899 409 1224 490 receptum
1263 409 1380 488 est,
1424 410 1499 471 ut
1533 410 1788 472 mortuo
1824 406 1995 471 Titio
2034 412 2297 488 tempus

275 516 606 580 superesse
661 493 1008 577 videretur,
1065 515 1191 579 quo
1237 494 1509 578 impleto
1556 496 1822 560 libertas
1870 495 2300 580 contingeret.
2388 572 2394 576 ι

1002 653 1102 719 De
1144 659 1312 720 statu
1349 655 1546 720 libero.

445 771 550 837 28.
608 769 744 835 Grai.
792 771 852 852 2,
897 769 1044 833 200.
1093 805 1178 816 -
1227 821 1240 832 .
1273 822 1286 834 .
1316 821 1329 834 .
1387 771 1677 854 exemplo
1736 774 1913 835 statu
1956 770 2170 851 liberi,
2199 770 2297 834 ·id

272 864 370 925 est
425 860 560 924 eius
616 859 788 924 servi
846 859 955 940 qui
1010 862 1398 923 testamento
1454 859 1573 923 sub
1641 859 1857 942 aliqua
1917 858 2296 925 condicione

271 949 438 1014 liber
493 969 632 1013 esse
696 948 909 1012 iussus
975 952 1100 1032 est3
1165 969 1355 1031 quem
1418 952 1675 1013 constat
1734 949 1983 1013 interea
2036 947 2295 1013 heredis

272 1059 527 1102 servum
574 1057 728 1100 esse.
1316 1080 1323 1088 .

905 1122 1005 1189 De
1052 1124 1405 1190 libertorum
1449 1121 1637 1190 bonis,

448 1240 552 1306 29.
611 1238 748 1315 Gai.
777 1241 837 1312 3,
867 1239 967 1304 69.
1007 1275 1096 1288 —-
1143 1291 1157 1305 .
1188 1292 1199 1305 .
1233 1291 1246 1304 .
1283 1238 1447 1304 illud
1486 1289 1501 1304 .
1532 1293 1543 1306 .
1584 1245 1887 1309 constare
1924 1240 2189 1323 videtur,
2236 1240 2297 1304 si

273 1330 446 1395 solos
494 1328 734 1393 liberos
775 1350 850 1392 ex
888 1328 1254 1412 disparibus
1295 1330 1587 1412 partibus
1625 1333 1939 1413 patronus
1983 1328 2297 1413 <heredes

269 1418 647 1499 instituerit,
715 1439 791 1481 ex
855 1417 1059 1482 isdem
1119 1418 1418 1501 partibus
1476 1418 1648 1483 bona
1701 1416 1947 1503 Latini,
2010 1418 2066 1481 si
2118 1417 2297 1503 patri

269 1505 536 1571 heredes
583 1506 929 1588 exis>tant‚
977 1507 1058 1570 ad
1105 1528 1215 1571 eos
1261 1507 1582 1590 pertinere
1628 1557 1644 1572 .
1672 1557 1685 1571 .
1708 1541 1732 1570 ·.

939 1681 1039 1747 De
1065 1635 1287 1765 ‘patria
1322 1653 1644 1766 potestate.-

450 1798 554 1862 30.
602 1796 742 1863 Gai.
793 1798 849 1879 1,
887 1798 991 1862 89.
1039 1832 1124 1844 —
1182 1850 1194 1863 .
1234 1848 1250 1861 .
1296 1798 1571 1882 placuit,
1618 1799 1675 1863 si
1721 1798 1959 1863 ancilla
2014 1821 2091 1862 ex
2156 1800 2293 1864 cive

272 1886 566 1952 Romano
623 1885 1005 1970 conceperit,
1060 1885 1285 1953 deinde
1341 1887 1742 1953 manumissa
1797 1889 2139 1973 pepererit,
2185 1888 2297 1971 qui

272 1976 554 2041 nascitur
601 1975 870 2040 liberum
919 1977 1114 2040 nasci.

451 2065 554 2129 31.
604 2063 739 2128 Gai.
794 2066 848 2145 1,
889 2064 1033 2129 101.
1087 2099 1163 2111 --
1214 2115 1229 2129 .
1259 2114 1274 2129 .
1321 2086 1436 2149 per
1482 2065 1793 2149 populum
1839 2065 2117 2131 feminae
2162 2087 2295 2131 non

276 2154 687 2238 adoptantur,
734 2174 883 2217 nam
929 2153 995 2216 id
1043 2152 1253 2238 magis
1300 2154 1565 2239 placuit.

1104 2312 1204 2381 De
1247 2334 1460 2379 manu.

454 2420 554 2484 32.
604 2418 739 2484 Gai.
765 2416 1030 2503 1‚115*².
1057 2456 1142 2466 —
1175 2469 1188 2483 .
1210 2472 1222 2485 .
1247 2469 1260 2483 .
1297 2420 1351 2483 si
1383 2420 1646 2484 omnino
1677 2419 1967 2503 qualibet
1994 2442 2071 2484 ex
2100 2441 2293 2484 causa

276 2531 439 2573 uxor
483 2510 552 2573 in
601 2531 794 2573 manu
831 2509 953 2572 viri
993 2509 1096 2581 sit,
1141 2509 1386 2599 placuit
1424 2530 1566 2573 eam
1603 2508 1776 2575 filiae
1813 2509 1957 2573 iura
1992 2510 2293 2574 nancisci.

439 2685 540 2752 De
577 2692 870 2769 emptione
913 2686 1252 2749 venditione
1296 2691 1353 2749 et
1398 2686 1689 2750 locatione
1733 2687 2135 2752 conductione.

454 2802 555 2866 33.
622 2800 756 2866 Gai.
823 2802 882 2885 3,
953 2802 1095 2866 146.
1163 2838 1246 2847 —
1463 2800 1592 2864 iam
1652 2853 1705 2865 ..
1768 2810 1899 2866 non
1962 2799 2293 2866 dubitatur

281 2890 433 2975 quin
486 2889 603 2953 sub
651 2889 1020 2954 condicione
1066 2911 1169 2953 res
1217 2889 1419 2953 veniri
1466 2892 1579 2953 aut
1621 2886 1820 2955 locari
1865 2889 2135 2973 possint.

456 2978 558 3042 34.
607 2977 682 3041 D.
735 2979 832 3062 19,
880 2979 937 3060 2,
983 2980 1043 3062 2,
1096 2981 1146 3043 1.
1243 2976 1444 3043 Gaius
1500 2979 1671 3043 libro
1728 2978 2008 3043 secundo
2055 2978 2292 3043 Rerum

279 3064 811 3131 Cottidianarum.
883 3104 959 3113 —
1026 3066 1207 3131 Adeo
1275 3119 1286 3131 .
1330 3119 1342 3131 .
1383 3116 1395 3129 .
1450 3066 1958 3131 familiaritatem
2009 3068 2291 3152 aliquam

277 3155 513 3219 habere
543 3153 835 3218 videntur
865 3156 1104 3239 emptio
1145 3160 1209 3219 et
1237 3156 1540 3240 venditio,
1585 3156 1743 3220 item
1771 3156 2010 3221 locatio
2049 3159 2115 3220 et
2144 3178 2293 3221 con-

281 3242 524 3325 ductio,
579 3247 653 3307 ut
709 3244 773 3306 in
833 3244 1212 3329 quibusdam
1272 3245 1494 3329 quaeri
1542 3246 1747 3309 soleat
1790 3250 2007 3309 utrum
2054 3244 2291 3328 emptio

279 3336 343 3394 et
388 3331 670 3397 venditio
718 3332 803 3396 sit
850 3355 930 3395 an
959 3334 1195 3398 locatio
1233 3338 1311 3396 et
1356 3332 1719 3416 conductiO,
1764 3336 1838 3396 ut
1874 3354 2018 3417 ecce
2056 3334 2112 3398 si
2148 3355 2291 3397 cum

289 3421 539 3485 ‘urifice
586 3420 748 3485 mihi
786 3423 1170 3506 convenerit,
1207 3426 1282 3485 ut
1318 3422 1373 3485 is
1414 3444 1490 3486 ex
1528 3444 1682 3487 auro
1714 3444 1831 3487 suo
1870 3423 2093 3487 anulos
2134 3421 2293 3487 mihi

359 3514 517 3573 met
579 3510 735 3573 certi
795 3509 1093 3593 ponderis
1159 3516 1496 3593 certaeque
1560 3511 1801 3575 formae
1867 3515 1932 3574 et
1980 3506 2295 3594 acceperit
