2575 3900
304 208 434 272 516
1044 202 1587 259 ADDITAMENTA.

865 367 961 432 De
1002 387 1170 449 aqua
1204 367 1426 449 pluvia
1469 367 1752 432 arcenda.

482 486 587 550 57.
643 483 722 549 D.
768 483 875 566 40,
930 483 989 566 7,
1042 482 1147 546 21.
1235 481 1633 566 Pomponius
1689 481 1856 546 libro
1913 480 2191 564 septimo
2250 503 2341 544 ex

304 574 582 640 Plautio.
618 609 693 619 —
734 622 751 638 .
781 622 794 637 .
824 623 838 636 .
869 571 1066 636 verba
1102 571 1267 656 legis
1306 570 1641 636 duodecim
1676 571 2043 635 tabularum
2077 573 2340 634 veteres

303 661 719 746 interpretati
782 664 934 726 sunt
996 659 1079 724 ‘si
1142 682 1311 745 aqua
1371 660 1594 743 pluvia
1654 658 1887 742 nocet’,
1948 657 2017 722 id
2085 662 2187 723 est
2247 657 2339 722 ‘si

305 774 535 818 nocere
580 749 861 834 poterit'.

1044 836 1144 902 De
1176 838 1580 920 postliminio.

483 955 587 1021 58.
634 952 712 1018 D.
758 953 865 1036 50,
912 953 1014 1035 16,
1074 953 1207 1017 234
1260 975 1357 1036 pr.
1456 951 1633 1016 Idem
1691 950 1805 1039 (sc.
1863 948 2094 1039 Gaius)
2159 952 2338 1018 libro

308 1044 583 1110 secundo
645 1043 724 1107 ad
773 1042 983 1126 legem
1035 1041 1370 1106 duodecim
1415 1041 1804 1106 tabularum.
1849 1077 1938 1088 —
1985 1040 2160 1117 Quos
2206 1063 2338 1106 nos

305 1134 528 1198 hostes
579 1131 998 1215 appellamus,
1044 1151 1154 1195 eos
1201 1133 1447 1195 veteres
1492 1129 1852 1213 perduelles
1895 1130 2339 1215 appellabant,

307 1244 422 1306 per
450 1243 593 1287 eam
624 1219 1047 1284 adiectionem
1074 1219 1432 1283 indicantes
1462 1241 1607 1283 cum
1629 1218 1859 1302 quibus
1879 1219 2122 1283 bellum
2141 1225 2338 1284 esset.

860 1393 931 1482 b)
987 1396 1094 1461 De
1140 1397 1307 1461 iure
1353 1396 1789 1462 honorari0.

980 1512 1081 1577 De
1123 1519 1192 1576 in
1236 1513 1336 1578 ius
1379 1514 1663 1577 vocanda.

485 1630 587 1696 59.
651 1627 730 1692 D.
794 1629 855 1711 2,
918 1628 980 1706 4,
1043 1628 1105 1709 4,
1169 1628 1227 1691 2.
1331 1626 1652 1712 Ulpianus
1717 1627 1883 1692 libro
1952 1628 2178 1712 quinto
2246 1628 2330 1692 ad

308 1720 605 1784 edictum.
681 1754 765 1764 —
840 1716 1116 1793 Quidam
1192 1720 1523 1796 parentem
1596 1737 1796 1800 usque
1870 1716 1950 1780 ad
2015 1717 2330 1781 tritavum

309 1808 620 1892 appellari
676 1808 874 1889 aiunt,
933 1806 1294 1888 superiores
1350 1805 1626 1870 maiores
1685 1805 1839 1890 dici3
1896 1804 2020 1870 hoc
2077 1809 2330 1870 veteres

308 1897 710 1962 existimasse
758 1893 1150 1979 Pomponius
1198 1893 1412 1959 refert.

1061 2045 1161 2110 De
1196 2045 1587 2127 postulanda

487 2162 615 2227 60‘?
665 2160 742 2225 D.
772 2161 831 2243 3,
865 2163 921 2243 1,
954 2162 1008 2243 1,
1032 2162 1091 2226 6.
1154 2160 1470 2243 Ulpianus
1508 2161 1676 2225 libro
1709 2165 1889 2226 sexto
1923 2163 2003 2226 ad
2035 2161 2332 2229 edictum.

314 2290 390 2299 —
445 2301 504 2319 ..
552 2273 661 2316 eos
719 2250 829 2334 qui
885 2250 1141 2314 virtutis
1193 2249 1628 2314 ostendendae
1677 2272 1871 2315 causa
1915 2250 2038 2315 hoc
2086 2250 2334 2316 faciunt

310 2338 427 2427 (sc.
477 2361 619 2404 cum
667 2339 893 2403 bestiis
930 2334 1341 2441 depugnant)
1390 2339 1528 2403 sine
1576 2338 1893 2418 mercede,
1945 2361 2076 2405 non
2122 2342 2331 2405 teneri

311 2430 493 2494 aiunt
548 2432 825 2512 veteres,
880 2427 1003 2491 nisi
1060 2428 1125 2491 in
1183 2428 1426 2491 harena
1472 2429 1647 2511 passi
1696 2432 1847 2492 sunt
1893 2450 1960 2492 se
2007 2428 2333 2493 honorari.

487 2530 774 2591 Veterum
828 2531 979 2589 hanc
1036 2530 1395 2589 sententiam
1450 2548 1487 2587 a
1533 2530 1894 2589 Triboniano
1949 2530 2150 2590 fictam
2201 2550 2333 2592 esse

310 2621 555 2681 Pernice
600 2621 839 2680 iudicat.

854 2746 976 2827 Qui
1008 2767 1129 2828 pro
1173 2747 1321 2811 aliis
1364 2768 1440 2811 ne
1478 2748 1796 2828 postulent.

489 2865 592 2929 61.
658 2863 874 2947 Spicil.
922 2861 1187 2927 Solesm.
1234 2862 1328 2925 ed.
1375 2860 1557 2926 Pitra
1602 2862 1636 2925 I
1689 2884 1748 2945 p.
1787 2863 1936 2928 282.
2009 2862 2331 2946 Ulpianus

310 2954 476 3018 libro
534 2953 613 3016 ad
672 2953 948 3017 edictum
999 2954 1195 3015 sexto.
1261 2987 1347 2997 -
1410 2950 1784 3015 Invenimus
1850 2952 2016 3035 apud
2085 2956 2333 3017 veteres

312 3041 600 3106 mulieris
666 3039 1097 3125 appellatione
1161 3040 1351 3103 etiam
1396 3040 1680 3126 virgines
1728 3041 2058 3105 contineri.

1072 3189 1169 3254 De
1212 3191 1346 3255 dolo
1391 3192 1572 3255 male.

492 3297 596 3361 62.
642 3296 719 3361 D.
766 3298 827 3380 4,
874 3298 933 3382 3,
984 3299 1038 3376 1,
1086 3298 1144 3361 3.
1245 3296 1564 3381 Ulpianus
1618 3297 1788 3361 libro
1853 3296 2189 3363 undecimo
2256 3296 2337 3361 ad

313 3388 611 3452 edictum.
666 3422 741 3432 —
794 3436 807 3449 .
837 3438 849 3450 .
882 3434 897 3449 .
944 3389 1191 3449 veteres
1236 3386 1456 3450 dolum
1504 3388 1697 3451 etiam
1748 3387 1989 3451 bonum
2036 3385 2339 3451 dicebant

314 3485 381 3541 et
444 3499 560 3561 pro
630 3476 915 3540 sollertia
978 3474 1102 3539 hoe
1156 3497 1391 3539 nomen
1450 3475 1846 3560 accipiebant
1909 3474 2214 3555 [maxime
2280 3476 2338 3541 si

318 3566 624 3630 adversus
672 3564 924 3628 hostem
972 3564 1419 3646 latronemque
1469 3565 1608 3647 quis
1655 3564 2148 3644 machineturPJ.
