2575 3900
332 178 459 243 186
496 178 589 235 ΙΙΙ.
609 177 763 234 GAII
780 176 1074 235 CLAUDII
1086 176 1355 234 NERON.
1377 176 1668 234 GALBAE
1686 176 1904 233 ΤΕΜΡ.
1923 177 2118 233 mals
2136 178 2328 235 CONS
2344 217 2360 233 .

980 358 1081 425 De
1122 358 1451 440 usufructu
1497 360 1705 443 leyato.

548 473 792 541 V.at.
819 474 897 539 fr.
928 476 1032 539 77.
1103 472 1282 560 (Ulp.
1311 470 1574 539 LXVII
1609 474 1689 539 ad
1728 472 1875 539 Sab.
1913 472 1984 540 P.
2011 472 2236 563 2563).
2275 512 2366 522 -

326 564 741 629 Interdum..
779 564 905 628 etsi
940 585 1074 629 non
1110 564 1242 629 sint
1278 564 1623 647 coniuncti,
1659 567 1880 628 tamen
1921 585 2074 629 usus
2110 564 2367 630 fructus

327 654 584 739 legatus
641 652 833 718 alteri
887 652 1232 738 adcrescit,
1284 656 1360 717 ut
1411 656 1573 736 puta
1626 652 1683 717 si
1737 651 1902 717 mihi
1961 652 2144 717 fundi
2207 674 2366 719 usus

325 741 577 808 fructus
644 741 997 825 separatim
1050 742 1251 805 totius
1310 744 1377 805 et
1429 740 1554 805 tibi
1610 739 1907 805 similiter
1960 740 2158 806 fuerit
2209 764 2366 807 usus

325 830 578 897 fructus
643 830 934 914 relictus3
991 851 1144 894 nam
1198 833 1273 893 ut
1324 827 1551 895 Celsus
1599 877 1616 893 .
1654 878 1668 894 .
1709 879 1724 894 .
1779 835 1846 895 et
1899 828 2194 895 Iulianus
2241 881 2255 896 .
2294 879 2310 895 .
2349 878 2365 895 .

329 919 647 1003 scribunt,
702 940 1019 984 concursu
1068 920 1288 1003 partes
1334 918 1669 983 habemus.
1765 918 1937 1003 quod
1984 924 2050 984 et
2095 917 2165 984 in
2211 941 2366 1003 pro-

324 1008 603 1091 prietate
641 1008 1076 1093 contingeret3
1112 1028 1263 1071 narn
1301 1009 1505 1072 altero
1543 1006 1922 1091 repudiante
1955 1008 2121 1072 alter
2147 1012 2364 1073 totum

325 1096 597 1162 fundum
633 1096 919 1163 haberet.
984 1096 1094 1161 sed
1131 1097 1200 1161 in
1240 1118 1362 1160 usu
1387 1096 1605 1161 fructu
1641 1096 1764 1161 hoc
1801 1096 1949 1180 plus
1987 1099 2104 1180 est,
2134 1100 2367 1162 contra

328 1208 525 1270 quam
588 1182 971 1251 Atilicinum
1036 1185 1450 1269 respondisse
1514 1184 1810 1250 Aufidius
1876 1182 2077 1250 Chius
2142 1185 2364 1268 refert,

326 1274 496 1360 quod
570 1280 636 1339 et
708 1274 1101 1339 constitutus
1172 1272 1380 1339 nihilo
1454 1274 1668 1339 minus
1739 1273 2018 1339 amissus
2083 1272 2186 1339 ius
2249 1275 2362 1339 ad-

332 1364 660 1429 crescendi
706 1363 1013 1428 admittit.

510 1450 598 1516 1¹².
653 1451 730 1516 D.
763 1454 820 1530 7,
847 1452 907 1534 2,
942 1454 998 1536 1,
1026 1451 1085 1516 3.
1175 1450 1496 1535 Ulpianus
1549 1450 1719 1516 libro
1777 1451 2056 1535 septimo
2108 1451 2356 1518 decimo

329 1540 411 1604 ad
458 1540 772 1605 Sabinum
804 1501 921 1626 (P.
948 1501 1175 1627 2'563).
1220 1576 1306 1587 —-
1352 1539 1684 1605 Interdum
1742 1588 1758 1605 .
1787 1584 1806 1603 .
1862 1541 1984 1605 etsi
2041 1561 2177 1604 non
2228 1540 2362 1605 sint

329 1630 673 1712 coniuncti,
719 1632 938 1694 tamen
983 1651 1138 1694 usus
1184 1627 1432 1693 fructus
1477 1629 1734 1713 legatus
1788 1626 1978 1693 alteri
2024 1628 2362 1713 adcrescit,

326 1721 403 1781 ut
445 1722 607 1802 puta
654 1718 710 1782 si
757 1718 918 1783 mihi
962 1718 1146 1782 fundi
1184 1740 1340 1782 usus
1376 1718 1624 1782 fructus
1663 1718 2014 1802 separatim
2053 1718 2256 1782 totius
2295 1722 2363 1783 et

326 1805 453 1872 tibi
508 1806 807 1871 similiter
860 1806 1055 1871 fuerit
1109 1806 1393 1871 relictus.
1483 1828 1663 1889 nam,
1720 1809 1791 1870 ut
1847 1810 1914 1870 et
1966 1804 2196 1871 Celsus
2255 1854 2271 1871 .
2302 1856 2318 1871 .
2345 1858 2361 1873 .

329 1901 395 1960 et
427 1894 720 1961 Iulianus
759 1943 810 1962 ..
832 1943 848 1961 .
888 1894 1133 1976 scribit,
1171 1916 1483 1961 concursu
1519 1900 1741 1979 partes
1778 1894 2113 1962 habemus.
2189 1896 2361 1981 quod

329 1989 395 2049 et
449 1985 518 2048 in
573 1986 973 2069 proprietate
1029 1984 1463 2069 contingeret3
1517 2006 1671 2049 nam
1727 1985 1932 2050 altero
1978 1985 2360 2068 repudiante

329 2075 495 2138 alter
550 2077 763 2139 totum
810 2073 1081 2137 fundum
1126 2072 1413 2137 haberet.
1514 2073 1623 2137 sed
1678 2073 1746 2137 in
1801 2095 1923 2138 usu
1967 2072 2182 2139 fructu
2238 2076 2362 2139 hoc

327 2162 475 2247 plus
521 2166 640 2246 est,
686 2162 839 2246 quia
886 2164 952 2226 et
997 2161 1389 2227 constitutus
1437 2165 1503 2226 et
1547 2166 1778 2246 postea
1824 2161 2106 2228 amissus
2148 2163 2359 2229 nihilo

333 2252 547 2316 minus
594 2252 695 2316 ius
743 2251 1154 2318 adcrescendi
1201 2251 1507 2316 admittit.

718 2419 818 2485 De
860 2421 1241 2486 ornamentis
1283 2420 1682 2486 muliebr-rhus
1727 2419 1958 2502 leyatis'.

508 2537 568 2601 2.
600 2535 681 2601 D.
692 2537 795 2620 34,
806 2537 869 2620 2,
877 2536 936 2601 5.
999 2535 1348 2602 Africanus
1378 2536 1547 2600 libro
1578 2536 1857 2600 secundo
1889 2535 2362 2612 Quaestionum

329 2622 428 2713 (P.
453 2623 616 2711 11¹²).
653 2663 742 2673 —
776 2625 970 2708 Apud
1008 2625 1332 2690 Fufidium
1363 2624 1831 2701 Quaestionum
1868 2624 2040 2689 libro
2080 2625 2363 2690 secundo

327 2716 421 2779 ita
476 2716 785 2799 scriptum
841 2719 968 2779 est.
1035 2715 1090 2779 si
1148 2714 1380 2778 mulier
1433 2712 1837 2778 mandaverit
1889 2712 2042 2799 tibi,
2105 2717 2180 2778 ut
2234 2713 2364 2778 sibi

330 2804 600 2869 uniones
665 2825 818 2868 usus
884 2803 984 2867 sui
1049 2824 1245 2867 causa
1302 2824 1573 2885 emereS,
1639 2802 1696 2866 si
1751 2807 1824 2867 tu
1876 2806 2029 2885 post
2084 2805 2365 2866 mortem

331 2892 487 2975 eius,
533 2914 678 2956 cum
720 2895 983 2975 putares
1023 2913 1164 2954 eam
1204 2892 1437 2974 vivere,
1483 2891 1732 2975 emeris,
1778 2891 2126 2956 Atilicinus
2163 2893 2364 2976 negat

331 3000 471 3044 esse
525 2980 777 3064 legatos
830 2980 916 3063 ei,
972 2980 1076 3044 cui
1121 2979 1354 3046 mulier
1407 2981 1503 3044 ita
1557 2979 1876 3063 legaverit
1927 2978 2364 3063 ‘ornamenta,

331 3089 493 3151 quae
544 3089 688 3132 mea
734 3089 929 3132 causa
973 3074 1202 3150 parata
1249 3073 1401 3133 sunt
1448 3066 1766 3155 eruntve'3
1821 3090 1954 3133 non
2003 3069 2172 3133 enim
2221 3067 2362 3134 eius

330 3178 525 3222 causa
575 3157 780 3221 videri
825 3160 1057 3240 parata
1103 3179 1269 3236 esse,
1327 3179 1490 3243 quae
1535 3158 1667 3222 iam
1714 3161 1971 3222 mortua
2019 3179 2095 3222 ea
2141 3161 2364 3242 empta

328 3245 587 3310 fuerint.

1198 3334 1299 3400 De
1341 3337 1490 3401 dote.

509 3451 567 3515 3.
641 3448 719 3514 D.
766 3451 866 3530 12,
907 3450 969 3534 4,
1014 3452 1165 3535 7pr.
1274 3448 1565 3515 Iulianus
1631 3450 1798 3515 libro
1865 3454 2046 3516 sexto
2112 3451 2360 3516 decimo

330 3537 750 3625 Digestorum
824 3538 926 3626 (P.
971 3540 1151 3624 266).
1220 3574 1296 3585 -
1373 3537 1496 3614 Qui
1571 3560 1638 3603 se
1714 3539 1943 3604 debere
2015 3540 2360 3624 pecuniam
