2575 3900
977 190 1027 240 ⁷.
1063 181 1297 240 PROCU
1305 183 1440 240 LUS
2090 186 2122 248 l
2135 184 2167 248 1
2180 184 2212 249 l

652 363 751 430 De
794 365 1173 448 adquirendo
1216 385 1428 430 rerum
1472 365 1762 430 dominio.

374 490 478 556 16.
523 489 601 555 D.
634 489 734 571 19,
758 490 813 573 1,
832 488 937 573 38,
955 490 1017 555 2.
1083 486 1314 554 Celsus
1343 488 1510 554 libro
1541 492 1768 554 octavo
1799 488 2216 573 Digestorum

187 579 290 666 (P.
323 574 464 663 79).
504 615 592 626 —
636 577 896 644 Firmus
943 600 983 643 a
1019 576 1296 644 Proculo
1344 578 1637 663 quaesiit,
1682 578 1738 643 si
1786 577 1864 642 de
1909 579 2217 663 plumbeo

188 667 467 735 castello
513 666 773 732 fistulae
822 667 943 732 sub
989 670 1228 732 terram
1266 667 1500 732 missae
1537 688 1772 752 aquam
1811 666 2116 733 ducerent
2151 667 2220 732 in

188 779 427 824 aenum
465 756 774 820 lateribus
811 757 1393 839 circumstructum,
1429 778 1514 820 an
1548 755 1671 820 hae
1708 755 1962 821 aedium
2003 761 2220 822 essent

187 869 275 913 an
340 848 415 910 ut
477 848 627 910 ruta
691 865 878 910 caesa
940 845 1158 910 vincta
1220 844 1478 928 fixaque
1543 866 1707 929 quae
1772 844 2027 910 aedium
2087 866 2219 910 non

188 940 431 1001 essent.
519 933 629 998 ille
675 933 1010 1018 rescripsit
1054 933 1324 1018 referre,
1369 933 1524 1019 quid
1571 933 1700 998 acti
1745 938 1932 998 esset.

374 1045 801 1122 Fragmentum
864 1045 1125 1105 fortasse
1180 1045 1600 1121 Epistularum
1662 1043 1834 1106 libris
1889 1031 2219 1106 attribuen-

187 1136 340 1196 dum
388 1137 496 1194 est
818 1215 919 1284 De
961 1217 1313 1283 calumniae
1354 1218 1601 1282 iudicio.

378 1341 480 1407 17.
536 1340 678 1408 Gai.
711 1342 776 1427 4,
815 1342 959 1407 163.
1008 1377 1093 1388 —-
1138 1340 1298 1427 (Si)
1338 1392 1351 1406 .
1380 1392 1396 1407 .
1432 1341 1904 1407 restitutorium
1961 1342 2064 1406 vel
2119 1361 2221 1406 ex·

192 1431 585 1496 bibitorium
637 1430 1054 1495 interdictum
1109 1429 1428 1516 redditur,
1473 1481 1486 1494 .
1518 1481 1534 1498 .
1564 1483 1577 1495 .
1615 1429 1808 1495 modo
1864 1431 2004 1495 sine
2057 1431 2220 1516 peri-

192 1521 347 1586 culo
415 1541 517 1584 res
584 1518 663 1585 ad
720 1521 959 1584 exitum
1014 1520 1408 1603 perducitur,
1473 1518 1664 1584 modo
1718 1540 1863 1585 cum
1918 1519 2222 1603 periculo,

190 1631 482 1692 namque
539 1608 595 1673 si
650 1608 964 1674 arbitrum
1018 1609 1444 1692 postulaverit
1496 1608 1554 1672 is
1609 1629 1755 1673 cum
1811 1630 1936 1694 quo
1991 1608 2222 1694 agitur,

191 1697 439 1783 accipit
484 1697 834 1762 formulam
882 1718 1047 1782 quae
1093 1697 1460 1783 appellatur
1505 1697 1848 1762 arbitraria
1877 1746 1893 1760 .
1921 1748 1934 1762 .
1964 1747 1979 1763 .
2010 1697 2120 1762 sed
2158 1704 2223 1762 et

192 1790 383 1852 actor
419 1786 561 1852 sine
597 1807 809 1870 poena
837 1787 1165 1872 experitur
1194 1808 1340 1852 cum
1371 1808 1448 1851 eo
1474 1807 1662 1870 quem
1690 1807 1894 1870 neque
1923 1786 2222 1851 exhibere

188 1896 404 1961 neque
480 1875 823 1940 restituere
892 1876 1233 1961 quicquam
1298 1878 1582 1961 oportet,
1651 1880 2101 1961 praeterquam
2167 1875 2223 1940 si

191 1966 559 2031 calumniae
604 1964 907 2030 iudicium
946 1965 1006 2029 ei
1044 1964 1413 2050 oppositum
1451 1964 1644 2030 fuerit
1680 1964 1960 2031 decimae
1987 1966 2224 2050 partis3

194 2075 595 2140 quamquam
642 2052 913 2119 Proculo
964 2054 1211 2137 placuit
1257 2054 1700 2139 denegandum
1739 2054 2093 2119 calumniae
2128 2055 2223 2118 iu·

193 2143 437 2208 dicium
497 2143 555 2207 ei
612 2142 721 2226 qui
776 2143 1090 2208 arbitrum
1147 2143 1604 2227 postulaverit,
1664 2144 1848 2227 quasi
1903 2144 2024 2207 hoc
2079 2144 2221 2227 ipso

192 2230 537 2297 confessus
590 2229 887 2297 videatur
942 2232 1281 2297 restituere
1337 2252 1405 2297 se
1459 2233 1562 2297 vel
1617 2232 1916 2297 exhibere
1974 2231 2224 2298 debere.

766 2448 846 2509 H.
912 2450 1416 2525 Epistularum
1459 2449 1652 2509 libri.

374 2573 446 2631 In
499 2573 820 2633 Iustiniani
872 2573 1142 2651 Digestis
1206 2574 1540 2633 afferuntur
1596 2573 1960 2651 fragmenta,
2029 2574 2080 2632 si
2134 2574 2222 2633 in-

204 2661 629 2737 scriptionibus
675 2661 823 2722 fidos
867 2662 1143 2722 habenda
1188 2665 1299 2734 est,
1345 2681 1415 2722 ex
1458 2661 1632 2721 libris
1677 2661 1707 2719 Ι
1710 2708 1726 2739 ,
1761 2661 1841 2738 ΙΙ,
1876 2661 1984 2737 IV,
2009 2660 2080 2734 V,
2117 2662 2224 2739 VI,

194 2750 334 2826 VH,
399 2749 569 2827 VIII,
632 2749 735 2810 XL
799 2752 959 2826 quod
1013 2750 1075 2809 in
1132 2753 1442 2810 auctorum
1494 2750 1686 2809 indice
1740 2750 1890 2810 haee
1942 2750 2227 2826 leguntur

198 2833 584 2921 ’Προκούλου
602 2836 921 2900 ἐπιστολῶν
939 2838 1139 2919 βιβλία
1152 2834 1349 2917 ὀκτώ’,
1366 2839 1558 2898 errori
1570 2839 1957 2899 tribuendum
1970 2838 2226 2902 videtur.

378 2926 669 2988 Proculus
724 2928 788 2987 in
840 2930 950 2989 hos
1002 2929 1189 2989 libros
1243 2946 1530 3005 responsa
1584 2946 1692 2988 sua
1736 2929 1958 2989 selecta
2003 2928 2224 2990 additis

194 3018 290 3092 iis,
339 3035 493 3093 quae
538 3019 918 3078 consulentes
962 3018 1037 3077 de
1083 3038 1149 3077 re
1194 3018 1270 3077 ad
1309 3036 1444 3077 eum
1482 3019 1863 3096 scripserant,
1905 3021 2224 3095 congessit.

194 3125 456 3183 quorum
483 3125 557 3166 ex
582 3125 829 3189 numero
857 3109 1101 3183 recepta
1128 3110 1270 3166 sunt
1295 3106 1571 3183 inprimis
1610 3126 1698 3180 ea,
1735 3125 1886 3184 quae
1914 3106 2223 3167 Licinnius

195 3196 472 3254 Lucusta
500 3197 561 3255 et
579 3195 903 3255 Atilicinus
931 3198 995 3255 et
1019 3196 1219 3271 Nepos
1248 3196 1690 3270 consuluerant,
1719 3215 1833 3274 quo
1863 3197 2088 3256 factum
2117 3202 2226 3274 est,

192 3287 268 3343 ut
307 3287 369 3342 et
405 3284 671 3360 partium
704 3284 949 3344 nomina
984 3286 1341 3345 afferrentur
1386 3288 1450 3344 et
1484 3304 1598 3361 res,
1643 3285 1718 3344 de
1755 3285 1969 3361 quibus
2006 3285 2226 3363 agitur,

194 3377 481 3433 accurate
528 3372 988 3451 designarentur
1035 3366 1135 3453 (D.
1166 3375 1233 3450 8,
1265 3376 1332 3449 2,
1366 3376 1446 3433 13
1495 3366 1774 3443 ‘Quidam
1814 3373 2073 3433 Hiberus
2118 3392 2224 3433 no-

196 3462 379 3537 mine,
424 3460 527 3537 qui
571 3462 757 3522 habet
800 3465 939 3539 post
983 3463 1198 3521 horrea
1240 3481 1376 3523 mea
1420 3462 1698 3539 insulam,
1744 3462 2048 3522 balnearia
2082 3462 2228 3521 fecit

198 3549 528 3610 secundum
556 3551 849 3628 parietem
887 3544 1299 3612 communem'.
1365 3551 1436 3610 D.
1461 3552 1563 3629 18,
1586 3554 1641 3629 1,
1665 3553 1748 3611 60
1777 3544 2027 3609 ‘Rutilia
2055 3550 2228 3610 Polla
