2575 3900
361 180 406 241 4
476 179 572 234 III.
603 177 754 234 GAII
785 176 1076 231 CLAUDII
1103 175 1373 231 NERON.
1395 174 1681 230 GALBAE
1712 176 1925 234 TEMP.
1953 175 2144 231 IURIS
2175 175 2395 231 CONS.

1009 336 1096 390 De
1129 337 1340 390 heredis
1376 337 1730 390 institutione.

543 440 599 502 1.
648 436 726 500 D.
763 437 866 514 28,
903 435 963 520 5,
1003 437 1103 500 70.
1194 433 1503 501 Proculus
1558 436 1723 500 libro
1780 430 2059 500 secundo
2114 435 2395 520 Epistu-

365 527 588 592 larum.
608 561 698 572 —
725 523 1087 590 ‘Cornelius
1117 529 1181 588 et
1209 524 1517 608 MaeviuS,
1546 527 1688 588 uter
1716 545 1936 588 eorum
1967 525 2157 606 volet,
2195 526 2398 588 heres

367 615 550 680 esto’.
631 617 897 698 uterque
941 613 1099 678 vult.
1173 613 1515 677 Trebatius
1554 616 1851 676 neutrum
1892 613 2026 678 fore
2062 613 2395 697 heredem,

367 703 673 770 Cartilius
720 706 1078 785 utrumque.

877 858 963 912 De
997 873 1147 913 servo
1183 874 1307 913 cum
1343 859 1497 913 lance
1532 858 1876 912 commodate.

544 959 603 1023 2.
641 957 718 1024 D.
750 959 852 1042 13,
881 959 941 1040 6,
969 957 1029 1040 5,
1061 959 1160 1023 13.
1224 957 1543 1042 Ulpianus
1572 958 1739 1023 libro
1771 959 2119 1023 vicensimo
2151 962 2397 1024 octavo

368 1048 448 1113 ad
504 1047 780 1112 edictum
827 1047 922 1130 (P.
954 1043 1131 1132 805).
1178 1083 1264 1093 —
1312 1045 1382 1110 Si
1436 1069 1538 1110 me
1592 1048 1951 1132 rogaveris,
2007 1051 2080 1110 ut
2126 1068 2398 1111 servum

367 1137 490 1202 tibi
543 1158 686 1201 cum
742 1136 922 1200 lance
979 1136 1452 1200 commodarem
1500 1138 1565 1199 et
1612 1157 1833 1200 servus
1881 1137 2129 1200 lancem
2176 1137 2400 1218 perdi-

372 1225 555 1308 derit,
606 1223 911 1289 Cartilius
959 1224 1051 1288 ait
1095 1224 1455 1307 periculum
1504 1225 1583 1288 ad
1629 1227 1694 1288 te
1740 1225 2076 1308 respicere,
2122 1246 2279 1288 nam
2327 1231 2403 1289 et

371 1313 618 1378 lancem
689 1311 889 1377 videri
954 1313 1455 1395 commodatam,
1531 1334 1725 1397 quare
1791 1313 2044 1397 culpam
2111 1312 2180 1375 in
2244 1334 2400 1377 eam

375 1423 625 1488 quoque
661 1401 1135 1485 praestandam.
1221 1402 1441 1484 [plane
1480 1402 1535 1464 si
1574 1423 1793 1466 servus
1834 1423 1977 1465 cum
2018 1423 2093 1465 ea
2128 1400 2402 1486 fugerit,

373 1513 516 1554 eum
575 1490 684 1574 qui
740 1491 1213 1555 commodatum
1261 1489 1510 1574 accepit
1553 1511 1685 1554 non
1732 1491 1961 1568 teneri,
2017 1491 2146 1554 nisi
2192 1491 2403 1574 fugae

371 1579 701 1662 praestitit
747 1579 1053 1662 culpam]

430 1757 434 1760 ,
551 1689 901 1749 Triboniani
947 1689 1435 1748 addidamentum
1483 1689 1732 1766 agnovit
1776 1689 2040 1749 Pernice.

872 1994 953 2075 2.
1008 1996 1360 2071 VARIUS
1416 1997 1908 2071 LUCULLUS

553 2142 701 2200 iuris
761 2141 990 2217 peritus
1053 2142 1322 2219 ignotUS,
1382 2142 1500 2201 nisi
1554 2143 1710 2217 quod
1765 2145 1840 2201 ab
1898 2144 2177 2202 Aristone
2236 2146 2406 2219 apud

378 2236 768 2304 anp⁴2÷11iu1n
813 2231 1119 2308 laudatur,
1177 2250 1352 2306 quem
1398 2232 1729 2291 Mommsen
1775 2226 2128 2291 ‘Varronem
2175 2232 2404 2292 Lucul-

385 2316 529 2379 lum*
581 2312 641 2384 [Ἰ
677 2340 733 2392 p.
767 2310 920 2399 108)
970 2337 1098 2377 esse
1146 2319 1379 2380 conicit.
1470 2319 1542 2377 cf.
1584 2319 1859 2399 Krueger
1902 2341 1958 2395 p.
1992 2322 2133 2381 157.
2210 2321 2406 2381 Lenel

381 2412 445 2468 Ρ,
477 2408 533 2464 Π
581 2408 689 2464 cul.
723 2409 889 2466 1208
939 2428 993 2467 n.
1034 2409 1094 2465 2.-

789 2559 877 2614 De
912 2560 1079 2615 libero
1113 2561 1327 2615 homine
1362 2561 1459 2630 qui
1494 2555 1637 2614 bo'na
1670 2561 1777 2628 fide
1811 2561 1989 2615 servit.

565 2660 770 2745 [1.41‚
801 2661 859 2743 1,
893 2662 991 2727 19.
1072 2660 1465 2746 Pomponius
1512 2661 1682 2725 libro
1729 2661 1924 2724 tertio
1963 2661 2042 2724 ad
2083 2658 2407 2748 Sabinum

385 2748 485 2836 [P
517 2748 689 2832 4114).
737 2785 821 2796 —
868 2749 1063 2814 Liber
1115 2749 1340 2834 homo,
1396 2749 1505 2834 qui
1558 2749 1731 2813 bona
1786 2746 1909 2812 fide
1965 2749 2126 2813 mihi
2182 2752 2408 2835 servit,

389 2840 549 2920 qum]
573 2836 589 2868 1
645 2860 721 2899 EI
775 2838 987 2919 operis
1045 2840 1174 2900 suis
1231 2845 1344 2902 aut
1399 2858 1475 2900 ex
1520 2858 1591 2900 re
1636 2858 1780 2900 mea
1825 2840 2113 2921 pararet,
2168 2837 2248 2901 ad
2296 2861 2408 2905 me

385 2928 705 3008 pertinum
771 2924 907 2987 sine
973 2923 1167 2989 dubio
1223 2925 1448 2989 Aristo
1514 2926 1634 3007 ait3
1699 2923 1869 3006 quod
1928 2948 2079 2991 vero
2141 2928 2282 3010 quis
2345 2930 2408 2993 ei

389 3012 721 3077 donaverit
776 3015 889 3075 aut
935 3034 1010 3076 ex
1056 3010 1317 3096 negotio
1366 3016 1551 3097 gesto
1599 3012 2002 3098 adquisierit,
2059 3014 2139 3079 ad
2183 3015 2406 3099 ipsum

389 3105 725 3185 periinere.
834 3099 943 3163 sed
1017 3100 1438 3166 hereditatem
1511 3102 1877 3185 legatumve
1948 3124 2079 3168 non
2150 3102 2407 3187 adquiri

393 3189 549 3253 mihi
601 3213 709 3273 per
753 3209 916 3272 eum,
964 3190 1113 3273 quia
1157 3211 1362 3274 neque
1410 3212 1488 3255 ex
1532 3212 1601 3254 re
1646 3212 1789 3255 mea
1826 3212 2031 3275 neque
2070 3214 2150 3256 ex
2188 3194 2404 3276 operis

393 3285 513 3341 suis
555 3279 613 3341 id
657 3277 743 3341 sit
781 3299 899 3341 nec
936 3279 1072 3344 ulla
1110 3279 1243 3343 eius
1283 3301 1482 3362 opera
1520 3285 1688 3343 esset
1724 3281 1789 3343 in
1829 3282 2046 3364 legato
2088 3281 2181 3361 [in
2218 3281 2401 3345 here-

393 3369 589 3429 ditate
641 3369 1068 3452 aliquatenus,
1118 3370 1267 3453 quia
1307 3391 1421 3453 per
1474 3370 1687 3453 ipsum
1727 3368 2066 3451 adiretur],
2115 3369 2285 3453 quod
2334 3374 2403 3435 et

541 3549 563 3593 1
605 3541 697 3597 F'J
733 3542 791 3597 id
827 3544 992 3613 quod.
