2575 3900
806 189 857 238 4.
903 183 965 239 L.
1002 181 1372 239 NERATIUS
1408 182 1706 239 PRISCUS
2133 183 2263 248 321

238 345 660 430 discedamus),
699 369 891 431 quam
928 350 1001 411 ut
1036 369 1239 412 novae
1279 346 1594 432 quaedam
1633 346 2066 432 obligationes
2094 349 2266 413 inter

234 455 357 530 nos
404 435 901 500 constituantur.

961 559 1061 624 De
1105 561 1539 626 communione.

412 665 515 730 25.
574 663 650 732 D.
685 666 786 750 10,
816 667 876 748 2,
905 667 1009 732 54.
1100 664 1410 732 Neratius
1466 667 1637 731 libro
1692 667 1890 732 tertio
1941 667 2262 734 Membra-

233 775 481 818 narum.
540 789 621 802 --
678 754 780 818 Ex
843 755 1199 820 hereditate
1254 754 1440 821 Lucii
1495 754 1681 838 Titii,
1745 778 1910 841 quae
1974 757 2135 821 mihi
2194 762 2261 821 et

232 843 361 906 tibi
388 845 748 908 communis
779 848 939 930 erat,
964 843 1151 908 fundi
1178 850 1432 927 partem
1461 866 1672 910 meam
1701 845 1995 929 alienavi,
2026 846 2260 910 deinde

231 931 516 996 familiae
564 933 973 998 erciscundae
1018 933 1327 998 iudicium
1373 934 1544 998 inter
1587 955 1706 998 nos
1755 939 2089 1018 acceptum
2139 941 2260 1000 est.

230 1042 441 1104 neque
499 1043 577 1086 ea
630 1043 781 1105 pars
838 1043 1003 1106 quae
1057 1043 1202 1086 mea
1246 1022 1374 1088 fuit
1417 1022 1487 1086 in
1531 1021 1767 1088 iudicio
1817 1023 2059 1107 veniet,
2117 1046 2262 1088 cum

234 1109 513 1174 alienata
558 1110 636 1174 de
682 1111 1036 1175 hereditate
1084 1111 1328 1193 exierit,
1371 1132 1579 1194 neque
1624 1115 1754 1190 tua,
1800 1113 1952 1196 quia
1998 1113 2255 1177 etiamsi

230 1202 523 1263 remanet
585 1198 653 1262 in
718 1200 990 1282 pristino
1055 1200 1193 1264 iure
1255 1198 1772 1284 hereditariaque
1839 1206 1964 1284 est,
2037 1207 2254 1266 tamen

232 1285 621 1352 alienatione
676 1309 856 1352 meae
908 1288 1113 1372 partis
1169 1289 1304 1352 exit
1357 1288 1434 1352 de
1480 1289 1947 1355 communione.
2039 1293 2258 1354 utrum

231 1379 450 1439 autem
512 1398 677 1440 unus
742 1377 929 1442 heres
994 1382 1249 1461 partem
1315 1399 1498 1442 suam
1552 1398 1685 1442 non
1740 1378 2121 1444 alienaverit
2176 1400 2262 1443 an

228 1463 475 1549 plures,
529 1465 695 1529 nihil
749 1465 1023 1530 interest
1031 1475 1057 1549 ,'
1105 1467 1161 1530 si
1208 1465 1399 1530 modo
1447 1465 1662 1550 aliqua
1707 1466 1922 1552 portio
1968 1467 2252 1533 alienata

231 1553 313 1616 ab
361 1553 582 1639 aliquo
630 1575 707 1618 ex
753 1554 1097 1619 heredibus
1143 1554 1534 1619 hereditaria
1581 1576 1721 1619 esse
1767 1555 1984 1620 desiit.

1045 1731 1145 1798 De
1186 1733 1444 1817 nuptiis·

406 1839 511 1903 26.
547 1836 886 1922 D.50‚1,9.
960 1836 1263 1904 Neratius
1293 1839 1460 1904 libro
1489 1839 1687 1904 tertio
1716 1839 2258 1906 Membranarum.

229 1962 317 1974 --
352 1925 536 2009 Eius,
582 1928 691 2012 qui
736 1928 981 1994 iustum
1026 1932 1279 2014 patrem
1321 1951 1454 1994 non
1488 1926 1708 2015 habet,
1751 1929 1962 2013 prima
1998 1931 2180 2016 origo
2219 1954 2258 1995 a

231 2019 439 2081 matre
476 2038 679 2101 eoque
718 2017 839 2101 die,
888 2040 1013 2103 quo
1053 2040 1130 2082 ex
1170 2040 1245 2083 ea
1282 2018 1490 2083 editus
1529 2020 1648 2103 est,
1683 2019 2013 2085 numerari
2050 2020 2258 2085 debet.

405 2110 493 2170 De
558 2113 830 2171 materna
894 2112 1124 2191 origine
1188 2112 1262 2173 cf.
1301 2113 1374 2173 D.
1415 2114 1518 2190 50,
1561 2116 1614 2186 1,
1658 2114 1714 2187 1,
1753 2114 1820 2190 2,
1885 2113 1958 2174 de
2021 2132 2092 2174 eo
2151 2116 2257 2193 qui

227 2199 440 2259 matris
487 2199 892 2260 condicionem
939 2201 1237 2279 sequitur,
1284 2200 1416 2261 Gai.
1449 2206 1504 2279 1,
1537 2204 1616 2262 67
1641 2221 1768 2279 sqq.

572 2371 673 2437 De
714 2374 1039 2438 donatione
1080 2374 1245 2438 inter
1286 2374 1492 2438 virum
1535 2378 1595 2437 et
1633 2393 1906 2439 uxorem,

408 2477 511 2541 27.
566 2477 644 2542 D.
674 2478 779 2555 23,
808 2479 869 2562 3,
896 2478 1001 2544 53.
1091 2478 1398 2544 Neratius
1457 2479 1630 2543 libro
1681 2478 1874 2545 tertio
1930 2478 2254 2546 Membra-

228 2586 478 2629 narum.
520 2600 599 2612 —-
641 2564 805 2631 Cum
850 2566 950 2630 vir
994 2568 1178 2633 uxori
1228 2566 1465 2631 donare
1510 2567 1724 2652 vellet,
1771 2566 2024 2633 debitor
2068 2570 2254 2634 muli-

226 2653 353 2718 eris
410 2654 520 2737 qui
566 2655 871 2720 solvendo
918 2677 1055 2721 non
1101 2659 1239 2721 erat
1284 2655 1502 2720 dotem
1548 2655 1606 2719 ei
1651 2656 1966 2739 promisit.
2058 2657 2140 2721 ad
2187 2658 2253 2721 id

226 2742 582 2825 dumtaxat,
634 2742 713 2807 ad
760 2743 929 2827 quod
976 2744 1285 2810 solvendo
1332 2744 1476 2826 fuit,
1522 2743 1647 2808 viri
1690 2744 1976 2828 periculo
2025 2766 2100 2809 ea
2145 2767 2254 2810 res

225 2835 350 2915 est,
414 2835 483 2896 et
536 2832 591 2897 si
647 2832 799 2916 quid
853 2832 1133 2898 debitori
1188 2833 1268 2898 ad
1326 2832 1702 2897 solvendum
1757 2832 2091 2899 facultatis
2151 2856 2254 2899 ac-

227 2922 515 3000 cesserit,
570 2921 927 3005 periculum
984 2922 1068 2987 ad
1122 2944 1262 2987 eam
1320 2944 1638 2987 summam
1696 2944 1860 3007 quae
1913 2926 2255 2989 accesserit

224 3016 468 3076 crescet
501 3010 1037 3096 permanebitque
1076 3011 1289 3092 etiam,
1331 3011 1386 3077 si
1416 3032 1637 3076 rursus
1665 3012 2011 3097 pauperior
2037 3013 2251 3078 factus

228 3100 375 3183 erit,
428 3098 579 3183 quia
622 3121 833 3185 neque
876 3104 1035 3187 tum,
1080 3123 1225 3165 eum
1271 3100 1389 3166 dos
1433 3101 1942 3186 promitteretur,
1986 3102 2250 3168 donatio

224 3186 399 3253 faeta
456 3192 557 3253 est
607 3189 733 3254 nisi
789 3189 927 3254 eius
982 3190 1288 3275 pecuniae
1346 3212 1508 3275 quae
1565 3212 1604 3255 a
1658 3190 1952 3255 debitore
2007 3191 2253 3256 servari

223 3297 356 3341 non
410 3280 697 3361 poterat,
750 3300 955 3363 neque
1004 3300 1150 3344 cnm
1197 3277 1504 3345 solvendo
1552 3280 1608 3344 is
1656 3300 1796 3344 esse
1843 3280 2082 3364 coepit,
2139 3280 2250 3345 do-

222 3366 506 3431 nationis
565 3388 758 3432 causa
811 3371 1212 3453 permaneat,
1268 3389 1412 3433 cum
1468 3389 1544 3433 eo
1598 3368 1740 3433 loco
1798 3389 1904 3435 res
1953 3369 2069 3452 sit,
2116 3390 2244 3452 quo

224 3459 413 3539 esset,
461 3455 517 3520 si
560 3460 699 3520 tum
748 3478 1017 3542 quoque,
1063 3478 1209 3523 cum
1254 3457 1743 3543 promitteretur
1780 3456 1916 3542 dos,
1962 3457 2252 3540 locuples

224 3542 471 3608 fuisset.

327 3658 519 3707 Iurispr.
546 3658 782 3700 antehadr.
808 3659 909 3701 rell.
937 3658 1007 3700 ed.
1034 3660 1233 3701 Bremer.
1278 3660 1344 3711 ΙΙ,
1364 3662 1402 3701 2.
1755 3654 1821 3701 21
