2575 3900
423 215 517 270 IV.
557 214 750 280 QUAE
787 213 1118 271 RECEPTA
1155 215 1367 283 SUNT,
1402 214 1888 271 PLACUERUNT
1925 213 2082 270 ETC.
2137 214 2268 278 575

338 413 453 479 IV.
522 412 760 490 QUAE
808 413 1213 479 RECEPTA
1259 411 1513 497 SUNT,
1567 412 2183 498 PLAOUERUNT,

732 517 1194 586 CONSTANT
1252 518 1787 597 SIMILIAQUE.

427 669 519 726 Ex
579 667 730 728 Gaio
793 672 1026 728 tantum
1096 669 1295 745 recepi
1359 687 1511 746 quae
1574 662 1918 745 ‘placuisse'
1975 668 2271 744 dicuntur,

247 776 388 817 cum
435 757 558 817 alia
603 757 806 833 spuria
851 775 983 816 esse
1027 757 1276 833 possint.

727 911 736 919 ’
851 914 903 977 l.
949 912 1062 977 Ad
1107 916 1222 976 ius
1269 911 1674 996 publicum.

797 1036 899 1102 De
942 1038 1361 1102 constitutione
1394 1038 1721 1120 principis.

441 1163 493 1224 l.
584 1160 726 1226 Grai.
778 1163 833 1246 1,
881 1163 940 1226 5.
1011 1198 1086 1208 —
1157 1159 1550 1227 Constitutio
1606 1162 1905 1246 principis
1962 1169 2061 1226 est
2105 1159 2274 1242 quod

256 1251 612 1334 imperator
684 1254 937 1315 decreto
1003 1251 1108 1315 vel
1163 1251 1370 1315 edicto
1432 1251 1532 1315 vel
1588 1251 1863 1334 epistula
1922 1249 2273 1315 constituit.

250 1360 716 1492 {liggtumquam
765 1339 1119 1404 debitatum
1158 1343 1277 1421 eet,
1325 1344 1475 1422 quin
1530 1338 1595 1404 id
1651 1339 1813 1423 legis
1859 1344 2059 1404 vicem
2107 1338 2274 1421 opti-

985 1515 1086 1581 De
1129 1517 1527 1581 desuetudine.

430 1631 489 1695 2.
555 1629 633 1694 D.
694 1632 751 1714 1,
807 1632 865 1714 3,
922 1632 1026 1714 32,
1076 1631 1132 1698 1.
1192 1630 1482 1695 Iulianus
1545 1631 1713 1696 libro
1768 1628 2105 1696 LXXXIV
2160 1630 2277 1695 Di-

255 1722 601 1804 gestorum.
666 1756 750 1767 —
818 1771 832 1785 .
862 1768 878 1784 .
905 1769 920 1786 .
985 1720 1141 1783 illud
1206 1726 1531 1804 receptum
1595 1725 1717 1803 est,
1783 1724 1857 1785 ut
1910 1722 2090 1804 leges
2147 1742 2275 1786 non

256 1809 466 1873 solum
505 1807 816 1893 suffragio
854 1809 1017 1893 legis
1047 1808 1296 1893 latoriS,
1342 1809 1453 1874 sed
1492 1809 1688 1874 etiam
1724 1810 1923 1874 tacito
1962 1831 2275 1874 consensu

254 1898 542 1962 omnium
588 1919 702 1982 per
749 1897 1225 1963 desuetudinem
1275 1899 1689 1985 abrogentur.

431 1987 490 2051 3.
536 1986 615 2052 D.
651 1988 758 2072 48,
787 1989 847 2073 3,
883 1990 1068 2068 llpr.
1116 1985 1343 2053 Celeus
1380 1989 1549 2053 libro
1588 1988 1970 2091 trigensimo
2001 1986 2274 2070 septimo

255 2075 682 2160 Digestorum.
740 2113 827 2123 —
886 2076 949 2143 N
954 2099 1037 2142 on
1093 2081 1191 2142 est
1246 2077 1534 2161 dubium,
1590 2078 1759 2162 quin,
1819 2078 2276 2162 cuiuscumque

256 2173 354 2229 est
379 2166 748 2250 provinciae
787 2167 997 2249 hom0,
1035 2166 1148 2250 qui
1186 2188 1261 2231 ex
1296 2166 1589 2233 custodia
1623 2168 2011 2252 producitur,
2039 2185 2275 2249 eogno-

257 2274 433 2317 scere
481 2251 709 2317 debeat
753 2256 828 2337 is,
874 2256 983 2338 qui
1039 2255 1098 2318 ei
1134 2255 1501 2338 provinciae
1537 2259 1812 2340 praeest,
1857 2256 1924 2319 in
1963 2276 2089 2338 qua
2129 2275 2275 2336 pro·

256 2341 468 2405 vincia
514 2343 742 2426 agitur.

843 2432 899 2495 2.
948 2431 1058 2496 Ad
1105 2432 1223 2495 ius
1269 2432 1679 2516 privatum.

958 2552 1025 2642 a)
1073 2555 1174 2619 Ad
1218 2562 1318 2620 ius
1364 2555 1565 2621 civile.

997 2669 1099 2736 De
1143 2672 1529 2737 testamentis.

439 2777 498 2840 4.
548 2776 687 2841 Gai.
715 2776 777 2860 2,
809 2774 952 2841 105.
996 2814 1074 2825 —
1115 2776 1192 2841 In
1230 2778 1499 2842 testibus
1534 2828 1549 2841 .
1578 2827 1593 2844 .
1631 2799 1755 2841 non
1802 2776 1993 2843 debet
2038 2784 2092 2841 ie
2140 2799 2279 2842 esee

262 2865 374 2949 qui
422 2865 490 2929 in
536 2868 856 2949 potestate
905 2870 1004 2930 est
1060 2870 1172 2931 aut
1216 2866 1507 2931 familiae
1565 2867 1875 2949 emptoris
1924 2871 2033 2931 aut
2076 2866 2278 2950 ipsius

259 2954 602 3038 tentatorie,
650 2953 801 3038 quia
849 3005 906 3019 ..
935 3005 950 3020 .
1005 2959 1214 3020 totum
1270 2955 1396 3020 hoo
1450 2958 1781 3039 negotium
1846 2955 2017 3039 quod
2064 2957 2280 3040 agitur

261 3042 637 3108 testamenti
702 3042 1045 3108 ordinandi
1111 3044 1346 3129 gratia,
1420 3044 1700 3109 ereditur
1762 3044 1930 3109 inter
1993 3044 2278 3110 familiae

263 3142 621 3216 emptorem
685 3133 791 3216 agi
856 3135 922 3196 et
983 3136 1366 3198 testatorem
1413 3181 1426 3196 .
1457 3185 1469 3198 .
1502 3183 1515 3196 .
1578 3133 1796 3217 itaque
1860 3134 2277 3217 reprobatum

261 3224 361 3284 ent
401 3222 470 3285 in
516 3242 590 3285 ea
632 3242 702 3285 re
751 3220 1167 3287 domesticum
1211 3222 1674 3287 testimonium.

442 3310 500 3375 5.
572 3308 711 3375 Gai.
769 3310 829 3393 2,
880 3311 1022 3375 117.
1094 3348 1168 3358 -
1239 3308 1560 3375 Solemnis
1618 3361 1683 3375 ..
1740 3310 2064 3376 institutio
2117 3310 2279 3373 haee

264 3404 365 3462 est
410 3396 642 3463 ‘Titius
687 3398 870 3463 heres
908 3398 1089 3465 esto'.
1139 3398 1247 3463 sed
1296 3404 1361 3463 et
1405 3400 1517 3464 illa
1563 3401 1690 3464 iam
1731 3400 2149 3484 comprobata
2188 3399 2279 3461 vi-

264 3486 450 3551 detur
505 3486 770 3552 ‘Titium
837 3488 1134 3552 heredem
1200 3511 1341 3553 esse
1404 3487 1636 3555 iubeo'.
1699 3493 1764 3553 at
1816 3489 1932 3553 illa
1985 3509 2112 3551 non
2179 3489 2281 3550 est

267 3575 690 3660 comprobata
737 3575 1006 3642 ‘Titium
1061 3577 1356 3642 heredem
1414 3597 1554 3642 esse
1610 3577 1799 3643 volo'.
1856 3577 1966 3641 sed
2023 3580 2088 3640 et
2133 3575 2279 3638 illae
