2575 3900
360 185 453 248 ’68
511 183 605 238 ΙΙΙ.
636 183 785 238 GAII
813 181 1105 237 CLAUDII
1132 180 1401 235 NERON.
1424 179 1710 241 GALBAE
1735 179 1945 237 ΤΕΜΡ.
1967 179 2157 235 IURIS
2179 181 2326 236 OON
2331 180 2384 236 S.

372 350 863 430 usucapturam,
924 345 979 407 si
1024 345 1154 408 iam
1202 344 1475 408 maritus
1523 343 1936 426 concesserit,
1991 343 2174 427 quasi
2219 365 2392 408 nunc

373 437 644 500 donasse
690 433 1121 518 intellegatur.

549 554 922 614 Sententiam
987 570 1169 628 supra
1226 573 1285 628 p.
1329 554 1408 610 24
1463 552 1716 611 relatam
1769 554 1881 612 hoc
1934 554 2063 612 loco
2122 557 2390 629 repetere

370 643 651 704 idoneum
688 643 847 702 duxi.
918 640 1162 700 Pernice
1189 640 1270 713 II,
1303 643 1338 699 2
1379 661 1434 716 p.
1466 642 1593 700 419
1625 639 1945 717 existimat,
1983 634 2139 700 ‘dass
2169 641 2393 701 Paulus

370 733 532 794 wohl
584 732 738 791 nach
790 729 1033 790 Cassius
1091 729 1186 789 die
1242 728 1605 806 Schenkung
1659 733 1838 789 unter
1882 731 2224 804 Ehegatten
2280 730 2394 789 mit

373 822 479 881 der
524 821 884 897 Schenkung
930 839 1006 878 an
1053 817 1167 877 den
1211 818 1537 878 Haussohn
1582 813 2134 879 zusammenstellt'.

553 931 699 995 127.
763 928 912 993 Vat.
968 928 1047 992 fr.
1102 928 1234 993 266
1292 924 1512 1015 (Ulp.).
1577 963 1661 972 -—
1727 977 1742 992 .
1782 976 1796 992 .
1845 928 1901 992 31
1965 929 2106 1012 31113
2171 933 2397 993 contra

374 1021 586 1106 legem
624 1018 915 1083 Cinciam
954 1017 1281 1101 obligatus
1318 1038 1450 1081 non
1489 1021 1756 1101 excepto
1796 1016 2081 1097 solverit,
2117 1016 2396 1082 debebit¹

373 1109 499 1173 dici
579 1111 869 1192 repetere
948 1127 1094 1170 eum
1167 1127 1386 1190 posse3
1465 1126 1618 1170 nam
1695 1127 1946 1190 semper
2018 1107 2393 1190 exceptione

375 1194 636 1261 Cinciae
690 1195 789 1259 uti
842 1195 1083 1279 potuit,
1145 1215 1263 1259 nec
1321 1193 1529 1258 33111111
1582 1195 1749 1279 11133,
1806 1216 2056 1278 verum,
2111 1200 2186 1259 ut
2240 1195 2396 1260 Pro·

374 1286 652 1351 culeiani
698 1288 923 1349 contra
963 1281 1350 1347 Sabinianos
1395 1288 1646 1368 putant,
1694 1282 1888 1347 etiam
1937 1282 2166 1368 quivis,
2212 1287 2400 1368 quasi

373 1374 704 1459 popularis
752 1373 840 1436 sit
884 1371 1042 1437 haec
1090 1372 1403 1454 exceptio,

526 1479 699 1564 ⁴128.
763 1476 841 1541 D.
879 1478 985 1562 39,
1022 1479 1084 1560 6,
1122 1478 1227 1561 35,
1262 1479 1322 1542 2.
1362 1479 1420 1542 3.
1527 1476 1768 1542 Paulus
1832 1477 2000 1542 libro
2066 1485 2247 1543 sexto
2314 1480 2402 1546 ad

373 1569 584 1652 legem
632 1566 866 1631 Iuliam
915 1571 979 1630 et
1019 1566 1287 1651 Papiam
1337 1565 1434 1653 (P.
1465 1562 1641 1652 962).
1687 1601 1771 1612 —
1821 1569 1963 1631 ..13
2011 1567 2122 1651 3111
2167 1570 2401 1634 mortis

375 1678 571 1723 causa
626 1656 848 1738 donat,
912 1677 979 1719 se
1035 1655 1282 1740 cogitat
1337 1659 1531 1739 atque
1587 1677 1804 1720 amore
1860 1655 2031 1719 vitae
2075 1657 2402 1741 recepisse

375 1745 590 1830 potius
639 1766 828 1828 quam
878 1743 1129 1809 dedisse
1176 1744 1454 1826 mavult3
1509 1747 1576 1808 et
1618 1743 1742 1808 hoc
1789 1747 1905 1827 331,
1953 1766 2149 1828 quare
2195 1746 2400 1831 vulgo

377 1833 654 1898 dicatur:
712 1855 778 1897 se
834 1833 1051 1917 potius
1108 1832 1347 1897 habere
1402 1832 1545 1896 vult
1597 1854 1788 1916 quam
1837 1854 1977 1897 eum
2025 1833 2127 1896 cui
2175 1834 2399 1918 donat,

373 1921 559 1986 illum
615 1921 842 1986 deinde
897 1922 1114 2005 potius
1170 1942 1364 2006 quam
1421 1921 1718 1986 heredem
1775 1943 1979 1987 suum.
2072 1943 2225 2008 ergo
2283 1927 2398 2009 qui

377 2012 603 2075 mortis
661 2032 855 2074 causa
912 2012 1136 2094 donat,
1193 2033 1322 2094 qua
1365 2014 1548 2094 parte
1605 2033 1672 2074 se
1727 2012 2002 2094 cogitat,
2055 2013 2394 2095 negotium

376 2099 564 2183 gerit,
610 2099 854 2163 scilicet
899 2102 989 2180 ut,
1044 2121 1187 2166 cum
1235 2100 1647 2182 convaluerit,
1701 2100 2006 2164 reddatur
2052 2102 2194 2165 sibi.
2278 2125 2401 2170 nec

377 2187 831 2252 dubitaverunt
885 2186 1207 2269 Cassiani,
1262 2187 1416 2271 quin
1473 2187 1875 2253 condictione
1929 2189 2133 2272 repeti
2187 2194 2403 2275 possit

378 2276 568 2361 quasi
615 2297 683 2340 re
731 2297 862 2339 non
911 2281 1129 2340 secuta
1175 2280 1442 2360 propter
1487 2275 1656 2341 hanc
1702 2278 2046 2359 rationem,
2103 2280 2272 2361 quod
2324 2304 2402 2345 ea

378 2385 542 2448 quae
603 2365 891 2446 [dantur]
949 2369 1063 2428 aut
1118 2366 1213 2429 ita
1270 2365 1530 2450 dantur,
1585 2369 1659 2429 ut
1711 2365 1956 2451 aliquid
2006 2366 2229 2449 133133,
2285 2375 2402 2435 3111

376 2458 451 2517 111
495 2473 617 2538 ego
664 2453 909 2537 aliquid
956 2454 1237 2538 capiam,
1293 2458 1406 2517 aut
1460 2457 1535 2518 ut
1575 2452 1809 2520 Lucius
1864 2454 2101 2536 Titine,
2157 2460 2272 2520 aut
2328 2464 2404 2523 ut

378 2542 622 2627 aliquid
669 2544 997 2628 optingat,
1044 2546 1137 2624 [et
1182 2543 1252 2606 in
1297 2542 1467 2623 istis]
1517 2541 1838 2607 condictio
1887 2544 2193 2625 sequitur.

553 2662 929 2741 Quamquam
984 2662 1260 2723 Cassium
1319 2664 1478 2722 inter
1532 2661 1845 2722 Cassianos
1906 2681 2222 2723 numerare
2280 2687 2403 2727 non

373 2756 535 2833 licet,
580 2758 782 2814 tamen
828 2754 1251 2831 fragmentum,
1300 2752 1457 2829 quod
1502 2751 1687 2810 Lenel
1731 2753 1829 2812 vel
1871 2751 1936 2810 in
1983 2751 2187 2811 Sabini
2233 2754 2400 2835 frag-

376 2847 580 2903 menta
624 2834 719 2923 (P.
762 2834 920 2920 171)
964 2841 1215 2917 recepit,
1260 2841 1374 2900 hoc
1418 2841 1548 2927 1333
1599 2840 1866 2916 proferre
1911 2839 2191 2899 idoneum
2239 2844 2398 2906 duxi.

560 2950 704 3015 129.
751 2950 828 3014 D.
858 2949 965 3030 41,
996 2949 1054 3029 3,
1081 2950 1143 3033 4,
1171 2951 1275 3014 21.
1350 2948 1586 3015 Paulus
1615 2950 1780 3014 libro
1813 2949 2400 3034 quinquagensimo

380 3044 613 3125 quarto
663 3038 742 3102 ad
789 3037 1065 3101 edictum
1119 3034 1216 3125 (P.
1246 3034 1422 3123 673).
1469 3075 1556 3085 -—
1603 3035 1671 3102 Si
1713 3060 1849 3102 rem
1885 3036 2142 3124 pignori
2180 3046 2400 3108 datam

332 3165 337 3171 ·
382 3128 636 3193 debitor
690 3126 1088 3210 subripuerit
1142 3131 1206 3191 et
1258 3126 1642 3211 vendiderit,
1699 3130 1964 3212 usucapi
2017 3150 2160 3193 eam
2206 3153 2400 3215 posse

381 3216 647 3283 Cassius
714 3215 964 3300 scribit,
1039 3216 1190 3299 quia
1253 3216 1322 3280 in
1388 3221 1775 3301 potestatem
1837 3216 2080 3281 domini
2145 3220 2403 3285 videtur

380 3304 775 3391 pervenisse,
821 3306 929 3389 qui
976 3304 1238 3389 pignori
1286 3305 1550 3389 dederit,
1598 3305 1888 3388 quamvis
1936 3327 2081 3370 cum
2121 3330 2194 3372 eo
2234 3310 2399 3374 furti

383 3395 492 3481 agi
537 3399 772 3479 potest.

528 3559 556 3606 1
607 3552 661 3607 V
690 3550 883 3608 debuit
