2575 3900
363 212 496 277 370
565 213 633 269 V.
668 210 968 269 NERVAE
1005 210 1097 266 ΕΤ
1133 210 1438 266 TRAIANI
1474 210 1687 267 ΤΕΜΡ.
1724 210 1917 267 IURJS
1954 211 2319 269 CONSULTI

541 380 660 452 Qui
719 380 1065 441 Aristonem
1127 380 1455 459 consuluit,
1514 398 1653 441 cum
1708 380 1839 441 fisci
1896 381 2223 441 advocatus
2284 381 2397 441 de-

363 490 527 530 mum
587 470 662 529 ab
721 468 1026 529 Hadriano
1081 469 1401 529 institutus
1459 469 1540 529 sit
1596 462 1754 544 (vita
1811 468 2104 530 Hadriani
2164 468 2203 547 ξ
2252 463 2396 547 20),

363 559 604 619 videtur
654 560 753 619 vel
808 562 1158 636 procurator
1203 556 1477 618 Caesaris
1522 576 1669 634 esse,
1716 558 1813 618 cui
1860 552 2167 619 ‘rationes'
2214 578 2394 618 man-

364 648 540 707 datae
613 652 810 725 erant,
883 647 978 706 vel
1049 650 1294 723 praetor
1356 646 1573 707 fiscalis
1638 666 1676 707 a
1735 648 1938 707 Nerva
2001 648 2394 724 constitutae,

364 737 460 797 cui
541 730 721 796 ‘inter
801 734 1011 796 fiscum
1091 739 1153 795 et
1232 729 1529 811 privatos'
1608 734 1703 796 ius
1788 736 2103 796 dicendum
2197 735 2393 795 fuisse

362 824 726 901 Pomponius
784 824 856 885 D.
907 828 972 900 1,
1020 826 1086 901 2,
1135 826 1202 903 2,
1250 826 1332 884 32
1399 824 1602 884 refert.
1712 824 1784 885 cf.
1848 824 2192 885 Hirschfeld
2254 824 2393 884 VG.

361 933 420 990 p.
470 916 572 988 31,
617 915 720 974 49.

951 1102 1052 1168 De
1094 1104 1390 1187 emtione
1431 1104 1786 1169 venditione.

538 1228 600 1293 9.
634 1226 713 1293 D.
733 1227 835 1311 18,
850 1228 910 1309 3,
924 1227 982 1292 5.
1055 1225 1364 1293 Neratius
1392 1226 1560 1293 libro
1588 1228 1811 1312 quinto
1839 1226 2390 1293 Membranarum.

361 1354 447 1365 —
477 1317 650 1403 Lege
687 1315 884 1381 fundo
922 1314 1182 1381 vendito
1215 1315 1406 1399 dicta,
1443 1319 1535 1400 ut,
1572 1317 1628 1380 si
1654 1316 1827 1381 intra
1853 1318 2098 1381 certum
2126 1320 2388 1401 tempus

360 1407 641 1490 pretium
677 1405 960 1471 solutum
994 1426 1128 1469 non
1165 1404 1269 1489 sit,
1314 1426 1417 1470 res
1455 1403 1742 1489 inempta
1780 1404 1885 1487 sit,
1925 1405 2003 1469 de
2043 1404 2388 1488 fructibu8‚

365 1515 526 1579 quos
563 1494 824 1558 interim
860 1496 1114 1578 emptor
1143 1494 1557 1579 percepisset,
1590 1492 1714 1559 hoc
1743 1493 1851 1579 agi
1877 1493 2386 1579 intellegendum

364 1585 482 1665 est,
527 1584 602 1647 ut
647 1585 897 1665 emptor
941 1582 1201 1647 interim
1248 1603 1361 1647 eos
1407 1581 1533 1646 sibi
1580 1604 1696 1649 suo
1740 1602 2024 1667 quosque
2061 1583 2199 1647 iure
2235 1604 2385 1669 per

365 1671 632 1755 ciperet3
687 1669 800 1735 sed
854 1670 910 1734 si
962 1669 1200 1736 fundus
1255 1672 1631 1755 revenisset,
1689 1668 1911 1737 Aristo
1968 1670 2388 1736 existimabat

361 1758 682 1824 venditori
734 1759 812 1823 de
865 1758 969 1825 his
1022 1758 1323 1825 iudicium
1376 1760 1447 1824 in
1490 1763 1845 1844 emptorem
1892 1759 2175 1825 dandum
2223 1780 2386 1843 esse,

364 1848 518 1933 quia
561 1846 726 1913 nihil
771 1869 970 1931 penes
1015 1869 1160 1913 eum
1206 1846 1487 1912 residere
1534 1852 1863 1934 oporteret
1898 1870 1976 1913 ex
2012 1871 2102 1933 re,
2146 1849 2215 1913 in
2255 1871 2384 1933 qua

364 1937 554 2003 fidem
599 1934 953 2002 fefellisset.

540 2031 613 2092 cf.
650 2030 893 2090 Pernice
937 2022 1030 2090 11²
1071 2051 1128 2107 p.
1162 2033 1307 2092 187.

544 2131 646 2198 10.
687 2129 765 2196 D.
782 2131 842 2211 2,
860 2132 963 2216 14,
977 2132 1013 2196 7
1031 2153 1125 2215 pr.
1167 2134 1206 2214 ξ
1241 2134 1299 2197 1.
1326 2133 1387 2200 2.
1461 2130 1782 2217 Ulpianus
1822 2131 1991 2198 libro
2029 2136 2264 2217 quarto
2300 2133 2381 2198 ad

364 2220 644 2286 edictum
687 2215 790 2306 (Ρ.
815 2180 1112 2306 242).--
1037 2219 1323 2286 -Iuris
1369 2222 1654 2306 gentium
1701 2221 2158 2288 conventiones
2195 2243 2385 2304 quae·

364 2309 515 2374 dam
581 2310 866 2374 actiones
929 2310 1224 2411 pariunt,
1298 2309 1613 2394 quaedam
1675 2311 2100 2396 exceptiones.
2214 2332 2380 2396 quae

364 2397 623 2483 pariunt
659 2397 973 2480 actiones,
1008 2397 1078 2462 in
1117 2420 1232 2464 suo
1271 2398 1534 2464 nomine
1580 2418 1715 2462 non
1760 2402 1961 2483 stant,
2006 2398 2118 2464 sed
2163 2403 2373 2465 trans-

364 2490 524 2551 eunt
577 2487 644 2552 in
700 2485 1034 2570 proprium
1086 2508 1325 2554 nomen
1368 2490 1765 2571 contractus,
1820 2490 1895 2553 ut
1938 2487 2184 2572 emptio
2232 2509 2379 2554 ven·

365 2574 548 2659 ditio,
583 2575 821 2642 locatio
859 2574 1217 2660 conductio,
1261 2576 1558 2660 societas,
1592 2575 2092 2660 commodatum,
2130 2577 2379 2662 deposi-

365 2667 506 2730 tum
563 2667 628 2729 et
682 2663 877 2729 ceteri
931 2661 1173 2729 similes
1219 2666 1607 2730 contractus.
1698 2665 1809 2730 sed
1854 2668 1921 2730 et
1966 2664 2022 2729 si
2066 2667 2135 2730 in
2176 2666 2376 2731 alium

363 2756 770 2821 contractum
824 2773 928 2818 res
985 2773 1116 2816 non
1159 2756 1477 2838 transeat,
1533 2751 1741 2820 subsit
1784 2751 2003 2820 tamen
2049 2774 2272 2838 causa,
2316 2801 2333 2819 .
2360 2804 2375 2819 .

363 2840 591 2906 Aristo
657 2837 845 2906 Celso
909 2840 1244 2923 respondit
1312 2863 1452 2906 esse
1508 2841 1992 2927 obligationem.
2088 2847 2164 2907 ut
2216 2847 2380 2927 puta

365 2927 510 2992 dedi
563 2927 689 2992 tibi
741 2949 878 2991 rem
931 2929 1006 2991 ut
1061 2927 1221 2992 mihi
1274 2930 1466 2996 aliam
1524 2929 1734 3012 dares,
1800 2929 1945 2996 dedi
1997 2935 2071 2996 ut
2128 2931 2375 3016 aliquid

363 3014 592 3097 facias3
653 3015 778 3081 hoc
841 3014 1268 3098 συνάλλαγμα
1337 3039 1479 3082 esse
1537 3023 1604 3082 et
1670 3017 1822 3084 hinc
1877 3019 2057 3086 nasci
2121 3020 2372 3086 civilem

364 3103 846 3187 obligationem.

545 3211 886 3290 Sequuntur
945 3214 1116 3273 haec:
1184 3208 1270 3274 ‘et
1344 3214 1477 3274 ideo
1550 3220 1697 3291 puto
1759 3222 1919 3278 recte
1979 3219 2278 3279 Iulianum
2337 3239 2377 3278 a

365 3300 732 3360 Mauriciano
795 3302 1217 3376 reprehensum
1277 3303 1345 3361 in
1405 3304 1541 3363 hoc:
1605 3304 1743 3365 dedi
1802 3307 1917 3366 tibi
1977 3305 2249 3368 Stichum
2306 3311 2373 3366 ut

365 3388 744 3465 Pamphilum
788 3389 1202 3468 manumitta83
1245 3392 1673 3470 manumisisti3
1720 3395 1950 3455 evictus
1991 3399 2085 3456 est
2120 3394 2371 3456 Stichus.

365 3478 638 3538 Iulianus
695 3476 899 3537 scribit
951 3476 1014 3534 in
1065 3476 1291 3539 factum
1346 3481 1639 3541 actionem
1694 3501 1731 3542 a
1772 3487 2049 3560 praetore
2094 3483 2372 3561 dandam3

363 3567 469 3626 ille
514 3566 603 3626 ait
647 3561 884 3626 civilem
925 3565 1136 3626 incerti
1172 3569 1483 3643 actionem,
1526 3568 1591 3628 id
1627 3573 1721 3631 est
1753 3573 2139 3650 praescriptis
2174 3573 2375 3634 verbis
