2575 3900
316 200 445 266 358
519 202 584 258 V.
622 200 921 256 NERVAE
960 200 1053 255 ΕΤ
1088 199 1390 254 TRAIANI
1427 199 1644 256 TEMP.
1679 199 1874 255 IURIS
1912 198 2271 256 CONSULTI

746 381 871 463 Qui
911 380 1338 463 fraudationis
1381 401 1571 447 causa
1617 381 1899 447 latitabit.

492 489 591 552 79.
629 486 709 553 D.
726 489 833 568 42,
851 490 915 570 4,
935 490 992 570 7,
1015 488 1115 554 16.
1192 486 1512 573 Ulpianus
1548 488 1714 553 libro
1753 490 2337 574 quinquagensimo

307 597 482 643 nono
529 577 607 642 ad
657 577 935 642 edictum
980 574 1083 663 (P.
1108 575 1282 660 139).
1318 613 1408 624 —
1444 627 1459 641 .
1481 627 1496 641 .
1539 577 1889 658 videamus,
1937 577 1992 642 si
2039 580 2183 662 quis
2231 580 2338 644 ad·

309 687 535 731 versus
581 666 652 729 in
698 688 833 730 rem
873 667 1194 731 actionem
1231 666 1464 749 latitet,
1511 687 1596 732 an
1632 666 1804 731 bona
1840 666 1976 731 eius
2015 668 2337 751 possideri

308 776 669 839 venumque
717 755 857 819 dari
898 755 1169 840 possint.
1242 758 1424 820 extat
1461 753 1716 819 Neratii
1754 757 2082 821 sententia
2118 756 2336 821 existi-

307 843 545 909 mantis
593 844 763 909 bona
809 865 949 908 esse
997 843 1346 909 vendenda.

484 956 778 1067 Ulpianus
834 956 1026 1015 addit:
1088 950 1174 1015 ‘et
1227 957 1340 1015 hoe
1396 955 1686 1030 rescripto
1733 955 2028 1016 Hadriani
2073 957 2337 1019 contine-

993 1146 1171 1228 Quod
1212 1148 1274 1211 vi
1317 1152 1432 1212 aut
1472 1147 1648 1212 clam.

486 1253 589 1318 80.
636 1250 714 1317 D.
742 1252 850 1334 43,
872 1253 1056 1337 24‚7,
1081 1254 1134 1317 1.
1225 1249 1548 1336 Ulpianus
1594 1253 1759 1319 libro
1808 1254 2334 1339 septuagensimo

304 1341 518 1427 primo
577 1340 658 1405 ad
714 1340 992 1407 edictum
1051 1340 1152 1425 (P.
1195 1337 1445 1427 1594b).
1497 1378 1572 1387 —
1622 1340 1932 1407 Neratius
1990 1394 2005 1409 .
2041 1392 2054 1407 .
2111 1343 2337 1409 scribit

306 1452 479 1514 eum,
524 1430 706 1495 cuius
753 1452 973 1496 servus
1020 1429 1084 1493 vi
1130 1434 1244 1495 aut
1292 1430 1460 1495 clam
1503 1430 1675 1516 fecit,
1723 1437 1833 1497 aut
1879 1454 1997 1496 sua
2041 1432 2337 1516 impensa

306 1540 387 1583 ex
448 1518 795 1584 interdicto
862 1540 1020 1603 opus
1085 1519 1427 1583 restituere
1491 1519 1723 1584 debere
1779 1526 1894 1585 aut
1946 1522 2335 1605 patientiam

304 1607 686 1672 restituendi
739 1612 1069 1691 praestare
1124 1612 1190 1672 et
1245 1629 1499 1672 servum
1553 1630 1762 1675 noxae
1810 1607 2053 1674 dedere.
2141 1610 2335 1694 plane

307 1696 364 1760 si
421 1699 674 1762 mortuo
732 1697 1094 1761 alienatove
1142 1718 1326 1761 servo
1372 1696 1889 1780 interdiceretur,
1943 1698 2330 1783 patientiam

304 1784 645 1850 dumtaxat
697 1792 1023 1869 praestare
1080 1786 1309 1850 debere
1367 1787 1484 1866 ait,
1548 1786 1642 1850 ita
1698 1790 1771 1849 ut
1826 1794 1893 1851 ct
1948 1791 2203 1873 emptor
2257 1810 2333 1853 eo

303 1873 647 1939 interdicto
693 1873 904 1958 possit
958 1875 1283 1939 conveniri
1342 1876 1442 1956 [ut
1488 1876 1850 1958 impensam
1897 1881 2184 1960 praestet
2223 1884 2336 1942 aut

303 1984 542 2028 noxam
590 1963 724 2045 det]
737 2014 754 2047 ,
792 1964 1179 2048 dominoque
1218 1964 1432 2048 operis
1473 1987 1588 2030 sua
1625 1965 1917 2047 impensa
1953 1967 2333 2032 restituente

308 2056 423 2117 aut
468 2054 796 2128 damnatO,
844 2053 995 2137 quia
1039 2075 1167 2117 non
1214 2054 1604 2135 restitueret,
1652 2057 2010 2137 emptorem
2053 2055 2331 2121 liberari.

306 2141 529 2206 eadem
579 2147 645 2205 et
691 2141 746 2207 si
794 2146 1017 2206 contra
1054 2141 1353 2206 dominus
1391 2142 1562 2206 servi
1598 2143 1702 2206 vel
1741 2165 1902 2226 opus
1938 2144 2335 2210 restituisset

304 2231 407 2296 vel
452 2231 588 2294 litis
636 2229 1086 2295 aestimatione
1133 2230 1475 2295 damnatus
1525 2237 1718 2314 esset3
1768 2232 1939 2316 quod
1981 2233 2038 2296 si
2075 2236 2336 2298 tantum

303 2341 511 2386 noxae
533 2317 833 2402 dedisset,
855 2319 1156 2384 adversus
1178 2320 1505 2383 dominum
1522 2321 1734 2402 operis
1753 2319 2001 2385 utiliter
2013 2322 2336 2389 interdici.

483 2413 726 2473 Inclusa.
769 2413 955 2472 verba
1000 2413 1245 2471 Pernice
1292 2413 1504 2473 merito
1553 2413 1706 2473 eicit.

828 2567 927 2633 De
971 2569 1309 2650 eoeceptione
1352 2568 1445 2632 rei
1490 2568 1814 2633 iudicatae.

479 2671 626 2740 ⁸³81.
674 2674 750 2740 D.
776 2675 882 2756 44,
902 2675 961 2756 2,
986 2675 1172 2756 llpr.
1244 2673 1561 2756 Ulpianus
1598 2673 1766 2739 libro
1805 2676 2332 2760 septuagensimo

304 2764 533 2847 quinto
600 2763 679 2828 ad
748 2763 1026 2827 edictum
1084 2759 1180 2848 (P.
1223 2763 1444 2848 1669).
1502 2798 1582 2809 -
1643 2760 1711 2826 Si
1775 2769 1984 2828 mater
2035 2763 2158 2828 filii
2212 2764 2332 2829 im·

300 2852 564 2934 puberis
612 2852 898 2916 defuncti
944 2873 1023 2915 ex
1061 2856 1324 2915 senatus
1365 2850 1658 2915 consulto
1697 2852 1871 2916 bona
1907 2851 2333 2919 vindicaverit

302 2940 569 3020 idcirco,
642 2941 794 3025 quia
866 2940 1144 3023 putabat
1207 2944 1399 3023 rupto
1464 2938 1672 3023 patris
1737 2941 1873 3004 eius
1936 2945 2330 3009 testamento

299 3028 627 3092 neminem
676 3049 815 3093 esse
865 3029 1308 3108 substitutum,
1352 3029 1648 3113 victaque
1688 3029 1898 3112 fuerit,
1946 3031 2096 3114 quia
2130 3035 2330 3096 testa·

302 3121 590 3182 mentum
638 3118 847 3201 patris
894 3122 1155 3201 ruptum
1194 3138 1324 3180 non
1364 3122 1520 3193 erat,
1565 3121 1794 3200 postea
1832 3123 2047 3183 autem
2087 3122 2330 3205 apertis

300 3205 727 3291 pupillaribus
784 3206 1021 3270 tabulis
1069 3205 1369 3288 apparuit
1413 3227 1544 3270 non
1591 3229 1732 3270 esse
1780 3207 1836 3270 ei
1885 3208 2331 3293 substitutum,

302 3296 358 3360 si
402 3299 654 3380 peteret
689 3316 912 3360 rursus
950 3293 1394 3377 hereditatem,
1440 3293 1843 3360 obstaturam
1885 3297 2330 3380 exceptionem

300 3384 397 3448 rei
439 3384 757 3449 iudicatae
803 3383 1104 3448 Neratius
1154 3383 1265 3448 ait.

478 3477 568 3537 De
617 3481 858 3537 senatus
897 3478 1168 3537 consulto
1209 3476 1586 3538 Tertulliano
1623 3476 1915 3537 Hadriani
1958 3479 2329 3555 temporibus

302 3565 459 3627 facto
507 3586 698 3626 sermo
746 3571 854 3626 est.
