2575 3900
304 162 431 228 132
462 162 557 219 ΠΙ.
580 161 731 217 GAII
750 160 1043 217 CLAUDII
1064 161 1333 218 NERON.
1357 161 1648 217 GALBAE
1671 161 1888 218 ΤΕΜΡ.
1905 163 2098 218 IURIS
2125 161 2329 218 CONS.

484 327 544 392 2.
588 324 669 390 D.
699 325 806 407 29,
832 325 892 404 2,
922 325 1026 390 60.
1099 324 1441 390 Iavolenus
1488 326 1654 390 libro
1691 327 1904 410 primo
1943 347 2021 390 ex
2056 327 2329 411 posteri-

300 415 525 480 oribus
570 413 909 479 Labeonis.
952 450 1027 460 —
1072 413 1312 478 Filium
1359 415 1838 500 emancipatum
1884 419 2071 499 pater
2117 416 2329 481 solum

301 503 604 568 heredem
659 503 945 568 instituit
998 506 1090 587 et,
1154 503 1211 567 si
1270 502 1328 567 is
1382 503 1570 567 heres
1625 525 1755 568 non
1811 507 2008 587 esset,
2071 525 2330 569 servum

301 594 580 656 liberum
646 595 712 656 et
774 591 1074 658 heredem
1141 613 1279 656 esse
1344 593 1640 656 iusserat.
1732 592 1931 676 filine,
1995 595 2331 678 tamquam

304 685 492 766 pater
549 681 809 746 demens
866 681 1124 765 fuisset,
1187 681 1507 746 bonorum
1562 680 2039 765 possessionem
2095 682 2177 746 ab
2235 683 2330 746 in-

302 773 546 836 testato
595 771 785 854 petiit
830 773 895 834 et
944 769 1037 834 ita
1081 770 1512 835 hereditatem
1558 769 1862 854 possedit.
1938 768 2170 836 ‘Labeo
2219 771 2331 855 ait,

304 861 360 924 si
417 859 802 945 probaretur
856 881 1017 923 sana
1070 862 1284 924 mente
1341 861 1528 941 pater
1572 861 2037 923 testamentum
2083 858 2333 943 fecisse,

302 948 517 1012 filium
561 970 639 1012 ex
685 951 1076 1012 testamento
1125 949 1297 1031 patri
1342 946 1646 1012 heredem
1689 969 1846 1013 esse.
1931 948 2056 1013 hoc
2093 949 2332 1013 falsum

311 1041 504 1122 put03
558 1059 708 1100 nam
765 1037 937 1100 filius
985 1035 1425 1120 emancipatus
1474 1056 1619 1100 cum
1665 1035 2090 1101 hereditatem
2135 1040 2332 1101 testa·

302 1129 537 1195 mento
596 1125 814 1190 datam
872 1125 952 1189 ad
1001 1145 1068 1190 se
1113 1125 1437 1210 pertinere
1481 1125 1719 1208 noluit,
1774 1126 2080 1190 continuo
2130 1147 2206 1190 ea
2252 1125 2332 1190 ad

312 1216 738 1280 substitutum
812 1214 1111 1279 heredem
1184 1214 1423 1278 transit
1484 1235 1602 1278 nec
1666 1216 1883 1296 potest
1947 1213 2147 1279 videri
2212 1237 2329 1298 pro

309 1303 547 1368 herede
592 1303 888 1386 gessisse,
936 1303 1063 1388 qui,
1109 1305 1183 1366 ut
1226 1302 1652 1367 hereditatem
1688 1301 2038 1387 omitteret,
2085 1325 2161 1367 ex
2201 1304 2331 1368 alia

303 1397 489 1476 parte
567 1391 761 1456 edicti
830 1392 1308 1476 possessionem
1379 1392 1700 1457 bonorum
1755 1394 1952 1474 petat.
2059 1392 2330 1457 Paulus:

307 1485 372 1545 et
409 1480 717 1546 Proculus
757 1479 1077 1546 Labeonis
1126 1481 1520 1546 sententiam
1566 1480 1895 1564 improbat
1937 1486 2002 1545 et
2039 1481 2106 1545 in
2143 1480 2328 1547 Iavo-

311 1569 441 1633 leni
488 1570 811 1636 sententia
856 1573 971 1634 est.

1127 1728 1229 1794 De
1273 1729 1500 1811 leyatis.

487 1856 548 1921 3.
611 1855 689 1920 D.
729 1856 834 1936 31,
870 1851 975 1936 49,
1013 1855 1071 1918 3.
1164 1852 1404 1916 Paulus
1469 1852 1638 1917 libro
1703 1853 1929 1939 quinto
1986 1855 2066 1919 ad
2121 1855 2333 1938 legem

307 1946 540 2013 Iuliam
600 1950 664 2009 et
718 1942 987 2025 Papiam
1043 1937 1142 2028 (P.
1182 1941 1360 2026 949).
1416 1978 1504 1987 —
1560 1940 1775 2007 Labeo
1833 1943 2032 2008 refert
2086 1965 2333 2028 agrum,

308 2035 489 2102 cuius
548 2032 999 2098 commercium
1054 2052 1187 2095 non
1232 2030 1466 2113 habeS,
1522 2030 1728 2114 legari
1773 2031 1892 2095 tibi
1940 2052 2134 2132 posse
2180 2031 2332 2095 Tre-

306 2125 558 2189 batium
623 2119 1030 2206 respondisse
1077 2170 1090 2183 .
1131 2168 1146 2184 .
1186 2168 1199 2181 .
1244 2161 1247 2163 ψ
1301 2118 1414 2183 sed
1478 2117 1790 2183 Proculus
1857 2119 1980 2197 ait,
2069 2120 2124 2183 si
2190 2122 2331 2204 quis

303 2211 606 2277 heredem
676 2232 862 2273 suum
931 2230 1077 2273 eum
1142 2206 1440 2289 fundum,
1515 2208 1696 2272 cuius
1761 2208 2212 2273 commercium
2277 2209 2333 2274 is

305 2304 492 2365 heres
556 2321 689 2364 non
751 2299 1019 2379 habeat,
1083 2297 1233 2361 dare
1298 2296 1578 2360 iusserat
1642 2296 1730 2380 ei,
1795 2295 1906 2381 qui
1968 2296 2102 2360 eius
2160 2320 2334 2362 com-

308 2390 617 2453 mercium
656 2388 911 2469 habeat,
957 2384 1293 2451 heredem1
1341 2386 1706 2469 obligatum
1754 2407 1893 2449 esse
1942 2433 2000 2449 ..
2029 2414 2046 2448 .·
2093 2386 2223 2467 [vel
2265 2387 2333 2450 in

308 2483 518 2561 ipsam
573 2499 736 2560 rem,
794 2477 850 2541 si
903 2476 1061 2540 haec
1118 2476 1183 2540 in
1230 2474 1422 2539 bonis
1469 2475 1802 2539 testatoris
1849 2474 2070 2558 fuerit,
2127 2477 2228 2539 vel
2277 2477 2332 2540 si

311 2588 443 2633 non
491 2571 617 2650 est,
661 2565 731 2630 in
780 2566 917 2630 eius
964 2564 1534 2643 aestimationem].

488 2660 547 2721 4.
595 2656 671 2721 D.
702 2654 809 2732 33,
838 2656 898 2738 9,
926 2654 1076 2737 3pr.
1106 2653 1271 2734 ξὲΙ.
1293 2654 1353 2717 2.
1429 2652 1750 2735 Ulpianus
1783 2652 1951 2716 libro
1982 2652 2333 2718 vicensimo

316 2746 592 2811 secundo
641 2745 723 2808 ad
770 2705 1081 2808 S’abinum
1128 2740 1224 2827 (P.
1254 2738 1478 2827 2641).
1527 2776 1610 2787 —-
1705 2740 2037 2815 .Quintus
2081 2741 2334 2807 Mucius

317 2833 542 2898 scribit
579 2832 747 2896 libro
788 2831 1119 2896 secundo
1101 2832 1259 2894 luris
1288 2831 1516 2912 civilis,
1554 2852 1720 2911 penu
1755 2830 1974 2913 legata
2003 2831 2336 2910 contineri,

316 2943 479 3007 quae
527 2921 664 2985 esui
708 2920 1016 3004 potuique
1064 2924 1232 2983 sunt.
1321 2917 1489 3007 idem
1537 2917 1812 2983 Sabinus
1860 2918 2044 2983 libris
2094 2919 2173 2983 ad
2227 2919 2336 2983 Vi-

315 3010 571 3074 tellium
630 3008 912 3073 scribit.
986 3007 1150 3073 .sed
1206 3001 1458 3072 Aristo
1485 3010 1673 3072 notat
1729 3008 1925 3072 etiam
1981 3030 2144 3093 quae
2200 3008 2336 3073 esui

314 3086 624 3184 potuique
677 3117 812 3161 non
868 3099 1020 3160 sunt
1076 3095 1394 3161 contineri
1451 3095 1696 3180 legato,
1761 3102 1834 3160 ut
1886 3101 2045 3179 puta
2101 3119 2204 3180 ea,
2268 3097 2334 3161 in

317 3188 553 3271 quibus
602 3208 739 3250 esse
788 3186 1085 3268 solemUS,
1132 3185 1346 3249 oleum
1392 3184 1577 3266 forte,
1624 3207 1850 3271 garum
1894 3187 2170 3250 muriam
2211 3185 2336 3249 mel

318 3282 656 3359 ceteraque
692 3275 796 3338 his
836 3275 1087 3337 similia.
1170 3273 1363 3356 plane
1402 3234 1624 3357 inquit,
1671 3276 1726 3339 si
1763 3296 1966 3358 penus
2006 3275 2337 3340 esculenta

315 3366 595 3451 legetur,
661 3363 873 3428 Labeo
939 3362 1106 3427 libro
1172 3384 1342 3427 nono
1399 3364 1830 3447 posteriorum
1890 3363 2115 3428 scribit
2170 3363 2336 3428 nihil

461 3544 489 3593 1
530 3538 625 3594 Fl.
663 3540 827 3609 putat
864 3538 1140 3595 heredem.
