2575 3900
346 186 475 251 144
503 187 599 243 111.
619 187 771 243 GAII
792 186 1087 244 CLAUDII
1104 187 1374 245 NERON.
1399 188 1690 244 GALBAE
1709 188 1922 244 TEMP.
1941 189 2136 246 IURIS
2155 189 2304 247 GON
2313 191 2366 247 S.

344 352 461 436 sit,
515 355 732 416 utrum
786 373 1007 428 rerum.
1053 355 1273 436 partes
1331 373 1416 416 an
1464 353 1826 418 aestimatio
1875 353 2210 439 debeatur,
2265 405 2281 420 .
2313 407 2326 421 .
2355 406 2372 423 .

341 438 681 595 {gatti-1³3
716 443 783 504 et
835 438 1053 505 Nerva
1106 462 1325 506 rerum
1379 445 1598 526 partes
1653 463 1791 507 esse
1844 443 2096 528 legatas
2152 443 2373 509 existi·

960 623 1054 682 De
1097 624 1280 698 leqato
1323 625 1501 684 uxori
1543 625 1752 684 relicto.

529 733 629 798 19.
676 732 753 798 D.
774 734 880 816 32,
898 733 1003 816 49,
1024 733 1083 798 6.
1147 731 1466 819 Ulpianus
1505 733 1674 800 libro
1711 734 2060 801 vicensimo
2096 736 2372 801 secundo

344 822 423 886 ad
482 819 793 886 Sabinum
850 822 948 908 (P.
988 819 1214 910 2638).
1266 860 1357 869 -
1413 875 1426 888 .
1466 871 1483 888 .
1548 826 1622 887 ut
1688 822 1977 907 legatum
2037 821 2150 910 (sc.
2201 824 2372 910 quod

344 912 527 976 uxori
563 909 861 975 relictum
901 910 1027 994 est)
1064 911 1298 996 valeat,
1334 911 1564 977 mortis
1601 915 1893 996 tempore
1931 934 2198 977 uxorem
2231 934 2371 977 esse

343 999 570 1064 debere
616 999 926 1065 Proculus
984 1001 1245 1084 scripsit
1293 1051 1306 1064 .
1337 1051 1351 1065 .
1382 1051 1395 1066 .
1451 1002 1806 1085 [separatio
1853 1003 2027 1066 enim
2074 1001 2371 1067 dissolvit

340 1089 678 1172 legatum}

517 1177 621 1244 20.
685 1177 764 1242 D.
802 1177 908 1259 34,
944 1178 1006 1263 2,
1042 1178 1101 1243 3.
1202 1175 1426 1242 Celsus
1492 1178 1658 1243 libro
1727 1200 1898 1244 nono
1955 1179 2202 1244 decimo
2257 1177 2367 1244 Di-

344 1269 674 1352 gestorum
724 1266 821 1350 (P.
854 1264 1029 1352 169).
1080 1303 1157 1314 —
1207 1265 1415 1332 Uxori
1469 1267 1715 1350 legavit
1769 1289 1933 1352 quae
1985 1268 2124 1333 eius
2173 1291 2366 1334 causa

339 1360 570 1439 parata
634 1359 803 1439 sunt,
869 1361 935 1419 et
998 1359 1153 1419 ante
1217 1362 1494 1420 mortem
1560 1355 1841 1420 divortit.
1931 1378 2065 1423 non
2133 1357 2365 1441 deberi,

339 1443 492 1530 quia
535 1444 837 1528 adempta
880 1443 1242 1528 videantur,
1288 1444 1599 1510 Proculus
1645 1445 1756 1509 ait.

675 1609 768 1668 De
802 1611 878 1668 iis
923 1627 1070 1682 quae
1113 1611 1219 1669 sub
1266 1611 1593 1669 condicione
1635 1611 1836 1670 relicta
1879 1615 2030 1670 sumt.

340 1691 499 1797 '‘Cf“
520 1720 625 1784 21.
694 1717 772 1783 D.
820 1718 926 1802 35,
978 1722 1035 1802 1,
1082 1719 1187 1785 58.
1298 1719 1477 1785 Idem
1542 1717 1656 1805 (sc.
1705 1718 2131 1807 Pomponius)
2197 1721 2365 1787 libro

346 1809 593 1874 decimo
640 1831 717 1872 ex
763 1807 979 1873 Variis
1027 1808 1441 1873 Lectionibus
1490 1804 1589 1894 (P.
1622 1805 1800 1896 830).
1845 1846 1928 1857 —
1979 1807 2047 1874 Si
2095 1810 2366 1875 ancillae

342 1899 617 1981 alienae,
676 1919 823 1962 cum
883 1917 958 1961 ea
1011 1896 1356 1976 nubsisset‚
1409 1897 1699 1983 legatum
1745 1899 1859 1983 sit,
1918 1899 2223 1965 Proculus
2270 1900 2366 1964 ait

344 1986 501 2052 utile
549 1988 838 2072 legatum
886 2007 1054 2067 esse,
1103 1988 1255 2071 quia
1300 1988 1512 2069 possit
1556 1989 1954 2052 manumissa
1998 1989 2258 2053 nubere.

523 2082 594 2140 cf.
626 2079 752 2141 Gai.
779 2085 835 2159 1,
856 2083 956 2140 19.
1020 2080 1191 2139 Iusta
1230 2128 1243 2139 .
1264 2128 1277 2141 .
1318 2099 1498 2141 causa
1534 2081 2014 2141 manumissionis
2057 2084 2152 2142 est
2177 2083 2369 2142 veluti

342 2170 395 2230 si
449 2169 583 2247 quis
640 2215 652 2226 .
694 2215 707 2227 .
752 2214 766 2229 .
823 2170 1103 2229 ancillam
1167 2170 1536 2230 matrimonii
1591 2188 1773 2229 causa
1834 2172 1994 2245 apud
2049 2171 2362 2231 consilium

346 2258 751 2317 manumittat.

523 2360 628 2424 22.
685 2357 825 2424 Gai.
866 2361 926 2443 3,
966 2360 1074 2425 98.
1120 2397 1203 2405 ——
1254 2410 1267 2423 .
1306 2408 1323 2423 .
1354 2409 1367 2422 .
1423 2360 1714 2424 diversae
1770 2361 2028 2425 scholae
2075 2365 2366 2426 auctores

344 2449 552 2513 nihilo
611 2449 821 2513 minus
879 2449 1173 2534 legatum
1225 2449 1452 2513 inutile
1510 2449 1885 2513 existimant
1931 2446 2047 2535 (sc.
2096 2451 2216 2515 sub
2271 2450 2366 2514 in-

348 2538 649 2621 possibili
695 2538 1072 2602 condicione
1118 2534 1445 2625 relictum)
1494 2560 1688 2623 quam
1735 2538 2244 2621 stipulationem.

519 2631 648 2690 Gai.
678 2632 870 2691 addit:
909 2627 995 2692 ‘et
1034 2650 1176 2691 sane
1208 2632 1312 2692 vix
1346 2631 1562 2691 idonea
1601 2631 1966 2693 diversitatis
2004 2632 2160 2693 ratio
2195 2632 2369 2693 reddi

339 2713 583 2797 potest?

523 2823 626 2887 23.
674 2821 894 2906 Gai.2‚
915 2823 1065 2887 200.
1107 2858 1187 2868 ——
1225 2820 1397 2886 Illud
1445 2821 1793 2906 quaeritur,
1837 2821 2003 2906 quod
2053 2822 2173 2886 sub
2222 2842 2368 2888 con-

348 2910 600 2975 dicione
648 2932 763 2993 per
811 2910 1317 2975 vindicationem
1362 2911 1651 2995 legatum
1699 2918 1813 2989 est,
1860 2910 2179 2995 pendente
2221 2932 2370 2975 con-

342 2999 590 3063 dicione
628 2998 807 3063 cuius
847 3003 1018 3062 esset
1055 3050 1069 3064 .
1102 3052 1114 3065 .
1145 3050 1158 3063 .
1197 3000 1486 3063 diversae
1525 2997 1784 3064 scholae
1813 3003 2107 3064 auctores
2136 3004 2372 3083 putant

340 3087 585 3151 nullius
624 3086 886 3151 interim
925 3109 1066 3151 eam
1105 3110 1242 3152 rem
1277 3109 1435 3172 esse,
1474 3087 1647 3172 quod
1677 3088 1881 3154 multo
1911 3090 2119 3173 magis
2151 3088 2373 3154 dicunt

347 3178 424 3239 de
492 3197 565 3240 eo
635 3176 805 3258 quod
862 3197 1019 3259 pure
1074 3177 1363 3262 legatum
1419 3181 1546 3260 est,
1612 3182 1960 3262 antequam
2019 3178 2369 3262 legatarius

346 3265 653 3330 admittat
696 3266 1002 3350 legatum.

1023 3368 1118 3425 Ad
1153 3371 1316 3439 leyem
1358 3368 1690 3424 Falcidiam.

519 3462 623 3526 24.
695 3461 773 3526 Ι).
814 3462 919 3546 35,
955 3464 1016 3545 2,
1061 3463 1116 3545 1,
1156 3462 1255 3525 14.
1365 3460 1605 3526 Paulus
1671 3461 1840 3527 libro
1907 3462 2224 3547 singulari
2291 3462 2372 3526 ad

339 3552 552 3637 legem
599 3550 956 3616 Falcidiam
997 3548 1096 3637 (P.
1118 3549 1325 3637 9210).
1363 3587 1453 3598 —
1490 3548 1558 3616 Si
1605 3550 1936 3616 coheredis
1984 3552 2112 3615 mei
2156 3552 2370 3635 portio
