2575 3900
364 183 397 245 1
410 181 493 246 10
519 181 613 238 III.
639 182 792 238 GAII
810 181 1106 237 CLAUDII
1122 181 1397 239 NERON.
1418 180 1709 237 GALBAE
1729 181 1944 237 TEMP.
1964 180 2158 237 IURIS
2177 179 2385 237 CONS.

366 346 447 411 ad
494 344 790 410 edictum.
835 382 923 392 —
967 344 1279 411 Proculus
1329 345 1449 430 ait,
1501 367 1647 411 cum
1695 345 1902 410 coloni
1951 346 2118 410 servi
2166 345 2388 410 villam

363 435 789 519 exussissent,
850 433 1151 499 colonum
1208 435 1311 499 vel
1366 457 1444 498 ex
1499 439 1712 500 locato
1772 433 1876 498 vel
1931 434 2075 520 lege
2119 433 2386 517 Aquilia

360 524 604 606 teneri,
658 523 753 587 ita
807 527 883 587 ut
926 523 1193 589 colonus
1238 524 1450 606 possit
1495 545 1714 588 servos
1759 543 1964 588 noxae
2013 522 2267 607 dedere,
2322 527 2388 588 et

362 613 419 677 si
473 633 603 677 uno
660 611 895 677 iudicio
951 633 1053 678 res
1101 617 1272 677 esset
1315 612 1625 691 iudicata,
1672 613 1875 677 altero
1920 611 2196 695 amplius
2253 633 2387 677 non

362 706 702 785 agendum.
808 700 950 781 [sed
1010 701 1169 768 haec
1222 702 1344 784 ita,
1407 701 1465 765 si
1528 702 1719 785 culpa
1781 702 2046 765 colonus
2111 704 2386 784 careret3

362 794 645 856 ceterum
704 790 759 854 si
815 790 1048 854 noxios
1104 811 1327 855 servos
1376 790 1636 874 habuit,
1691 789 1913 854 damni
1960 810 2106 854 eum
2151 789 2388 855 iniuria

360 879 595 956 teneri,
661 899 775 943 cur
828 878 994 943 tales
1050 879 1330 960 habuit]
1430 877 1600 943 idem
1658 878 2038 943 servandum
2097 882 2163 943 et
2216 878 2387 943 circa

358 968 825 1052 inquilinorum
870 967 1121 1032 insulae
1166 989 1478 1053 personas
1527 966 1770 1033 scribit.

538 1080 615 1139 cf.
662 1078 864 1138 Eisele
913 1079 975 1138 Z.
1015 1078 1068 1139 d.
1109 1078 1364 1140 Sav.-St.
1400 1078 1552 1138 XIII
1595 1100 1652 1156 p.
1686 1081 1810 1138 122
1826 1097 1912 1156 sq.

538 1167 710 1238 Quod
765 1167 1083 1227 Proculum
1145 1169 1235 1228 ita
1298 1163 1602 1228 ‘scribere'
1666 1167 1963 1244 Ulpianus
2029 1169 2244 1238 tradit,
2309 1168 2389 1228 ad

359 1275 711 1333 responsum
764 1256 984 1316 litteris
1035 1258 1245 1317 datum
1289 1257 1532 1318 videtur
1575 1259 1860 1333 spectare.
1951 1257 2023 1316 cf.
2072 1258 2144 1316 D.
2186 1260 2284 1332 19,
2328 1260 2384 1333 1,

362 1349 465 1424 38,
496 1349 533 1405 2
582 1338 954 1421 ‘rescripsit'.

546 1448 642 1512 13.
688 1446 765 1514 D.
804 1448 865 1526 9,
902 1449 962 1529 2,
1003 1449 1105 1531 11,
1134 1447 1193 1513 5.
1274 1423 1602 1533 ‘Ulpianus
1649 1447 1814 1512 libro
1862 1451 2090 1513 octavo
2137 1447 2384 1513 decimo

364 1536 443 1602 ad
492 1537 769 1601 edictum
817 1533 918 1623 (P.
946 1533 1152 1621 6140).
1193 1573 1270 1582 —
1315 1587 1329 1600 .
1358 1586 1375 1601 .
1403 1559 1550 1602 cum
1597 1558 1692 1618 e0,
1739 1536 1849 1621 qui
1897 1558 2138 1616 canem,
2168 1536 2384 1601 irrita-

360 1629 544 1691 verat
589 1630 655 1690 et
702 1625 1021 1709 effecerat,
1066 1631 1141 1689 ut
1187 1625 1467 1710 aliquem
1515 1625 1855 1705 morderet,
1901 1625 2194 1710 quamvis
2237 1647 2384 1690 eum

359 1736 491 1780 non
537 1717 762 1799 tenuit,
807 1713 1121 1781 Proculus
1157 1714 1492 1799 respondit
1531 1714 1829 1798 Aquiliae
1868 1715 2185 1780 actionem
2225 1735 2386 1780 esse.

538 1826 828 1886 Proculus
891 1844 1012 1884 non
1075 1825 1315 1902 utilem,
1379 1825 1486 1885 sed
1550 1825 1840 1886 directam
1904 1825 2198 1886 actionem
2252 1826 2385 1885 dari

360 1915 600 1975 videtur
627 1919 892 1993 putasse,
920 1933 1073 1991 quae
1102 1915 1400 1975 sententia
1417 1915 1738 1991 reprobata
1757 1919 1865 1976 est.
1910 1915 1985 1976 cf.
2006 1913 2130 1976 Gai.
2156 1917 2214 1991 3,
2236 1916 2384 1977 219.

1109 2069 1211 2135 De
1253 2070 1640 2135 condictione.

542 2175 643 2242 14.
691 2176 768 2241 D.
801 2177 901 2257 12,
930 2174 990 2259 5,
1018 2176 1077 2241 5.
1157 2176 1449 2241 Iulianus
1497 2176 1666 2241 libro
1713 2176 1907 2241 tertio
1955 2176 2038 2241 ad
2085 2176 2384 2242 Urseium

358 2265 668 2331 Ferocem
712 2262 814 2352 (P.
851 2262 1031 2351 915).
1082 2302 1157 2311 —
1211 2264 1279 2330 Si
1337 2287 1376 2329 a
1431 2286 1616 2329 servo
1663 2287 1805 2329 meo
1852 2266 2189 2349 pecuniam
2235 2267 2383 2349 quis

362 2354 741 2440 accepisset,
804 2375 884 2418 ne
949 2354 1193 2418 furtum
1253 2355 1336 2418 ab
1403 2375 1477 2418 eo
1542 2352 1785 2418 factum
1842 2354 2184 2437 indicaret,
2251 2356 2384 2418 sive

361 2444 712 2509 indicasset
740 2443 874 2508 sive
903 2464 1050 2526 non,
1079 2443 1530 2526 repetitionem
1558 2442 1695 2507 fore
1725 2443 1862 2508 eius
1891 2444 2196 2527 pecuniae
2226 2442 2383 2508 Pro-

362 2532 542 2598 culus
570 2532 919 2616 respondit.

953 2638 1055 2703 De
1097 2638 1450 2703 hereditatis
1482 2639 1790 2721 petitione.

539 2746 639 2812 15.
706 2745 779 2809 D.
828 2745 890 2830 5,
934 2747 993 2825 3,
1042 2746 1125 2811 36
1147 2768 1238 2829 pr.
1340 2743 1580 2809 Paulus
1644 2744 1812 2810 libro
1876 2744 2228 2811 vicensimo
2297 2745 2379 2809 ad

362 2836 641 2899 edictum
700 2830 795 2919 (P.
834 2832 1043 2899 319b.
1092 2870 1174 2880 —
1223 2832 1293 2899 Si
1349 2856 1388 2898 a
1443 2834 1699 2898 domino
1755 2834 1855 2897 vel
1911 2857 1951 2899 a
2003 2839 2215 2919 patre,
2270 2835 2383 2918 qui

362 2923 573 3007 pretia
630 2921 918 3006 possidet
1005 2945 1089 2987 se.
1137 2944 1352 2988 rerum
1405 2921 1939 2987 hereditariarum
1997 2946 2036 2987 a
2087 2924 2223 2988 filio
2281 2925 2382 2988 vel

363 3032 547 3076 servo
586 3009 1038 3097 venditarum),
1082 3010 1402 3075 hereditas
1440 3015 1714 3096 petatur,
1763 3034 1844 3076 an
1879 3012 2014 3076 filio
2055 3013 2153 3077 vel
2192 3034 2379 3077 servo

362 3103 619 3164 mortuo
657 3099 757 3163 vel
796 3119 979 3163 servo
1020 3102 1418 3165 manumisso
1456 3100 1557 3165 vel
1596 3101 1996 3186 emancipato
2035 3101 2173 3166 filio
2207 3101 2384 3165 intra

364 3210 601 3254 annum
659 3188 769 3271 agi
823 3186 1094 3253 debeat?
1186 3195 1253 3253 et
1299 3211 1381 3253 an
1429 3189 1716 3254 debitum
1765 3190 1888 3254 sibi
1934 3190 2232 3255 dominus
2279 3189 2382 3254 vel

362 3282 548 3362 pater
593 3276 900 3341 deducere
938 3278 1198 3361 potest?
1282 3331 1295 3344 .
1327 3329 1341 3342 .
1369 3328 1385 3345 .
1414 3277 1727 3343 Proculus
1759 3329 1772 3343 .
1801 3330 1814 3343 .
1846 3277 2196 3364 respondit,
2241 3300 2384 3364 per-

361 3370 555 3451 petuo
614 3366 931 3431 actionem
990 3366 1265 3431 dandam
1318 3389 1433 3433 nec
1481 3367 1706 3432 deduci
1753 3371 2049 3450 oportere
2096 3368 2161 3431 id
2210 3367 2382 3452 quod

362 3456 486 3540 ipsi
528 3455 813 3540 debetur,
859 3456 1011 3541 quia
1046 3478 1178 3521 non
1216 3456 1292 3521 de
1330 3456 1580 3541 peculio
1622 3460 1873 3541 agatur,
1911 3456 2019 3520 sed
2057 3455 2382 3521 hereditas

363 3548 639 3630 petatur.
