2575 3900
334 173 425 236 40
478 173 572 228 111.
602 172 755 228 GAII
780 169 1073 227 CLAUDII
1101 171 1372 227 NERON.
1394 169 1683 226 GALBAE
1705 171 1921 227 TEMP.
1943 171 2137 227 IURIS
2160 170 2362 227 CONS.
2545 0 2562 282 i

549 341 644 400 De
688 343 853 400 bonis
898 357 1095 400 eorum
1140 343 1240 414 qui
1286 342 1683 400 dediticiorum
1725 358 1964 400 numero
2009 344 2160 400 sunt.

518 449 646 515 14?
692 448 833 516 Gai.
853 451 913 536 3,
934 448 1036 535 74,
1060 451 1161 514 75.
1185 487 1262 497 —
1285 451 1523 514 Eorum
1552 499 1568 514 .
1589 500 1603 515 .
1635 473 1795 536 quos
1815 451 1919 515 lex
1936 447 2123 514 Aelia
2143 447 2369 516 Sentia

338 537 786 604 dediticiorum
841 560 1108 603 numero
1165 539 1345 625 facit,
1413 540 1585 604 bona
1638 539 1832 605 modo
1891 541 2075 625 quasi
2130 539 2368 604 civium

337 627 778 692 Romanorum
847 627 1258 712 libertorum,
1333 628 1524 693 modo
1591 629 1775 713 quasi
1839 627 2217 694 Latinorum
2285 630 2362 692 ad

338 721 650 800 patronos
688 716 1035 802 pertinent.
1121 739 1271 780 nam
1313 739 1532 782 eorum
1568 717 1740 782 bona
1779 718 1907 802 qui,
1948 719 2003 781 si
2039 717 2106 781 in
2147 717 2360 801 aliquo

339 805 499 870 vitio
536 827 667 869 non
705 809 941 888 essent,
979 805 1362 869 manumissi
1399 807 1570 870 cives
1599 805 1878 871 Romani
1905 806 2106 870 futuri
2135 811 2364 887 essent,

339 894 524 978 quasi
594 894 829 959 civium
894 891 1339 958 Romanorum
1402 894 1698 977 patronis
1764 894 1986 958 eadem
2050 895 2192 979 lege
2256 895 2364 959 tti-

339 983 627 1047 buuntur
702 1035 716 1048 .
789 1004 919 1046 non
991 987 1211 1046 tamen
1282 983 1352 1046 hi
1427 983 1672 1047 habent
1740 983 1934 1047 etiam
1997 983 2366 1048 testamenti

339 1072 714 1156 factionem3
750 1093 901 1135 nam
937 1071 1003 1134 id
1034 1071 1360 1155 plerisque
1390 1072 1635 1154 placuit
1662 1120 1678 1137 .
1699 1123 1713 1136 .
1735 1097 1777 1156 ‚3
1813 1094 1964 1136 nam
1991 1071 2366 1136 incredibile

338 1161 679 1225 videbatur
707 1159 1024 1243 pessimae
1062 1159 1458 1225 condicionis
1487 1161 1856 1225 hominibus
1893 1161 2175 1225 voluisse
2204 1161 2367 1245 legis

341 1250 620 1313 latorem
667 1247 1049 1312 testamenti
1093 1249 1370 1332 faciendi
1415 1250 1515 1313 ius
1563 1250 1921 1314 concedere.

1153 1404 1370 1464 Liber
1417 1404 1553 1464 VII.

706 1514 805 1580 De
849 1514 1146 1581 bonorum
1173 1611 1177 1615 ῃ
1181 1516 1560 1596 possessione
1603 1517 1767 1580 unde
1813 1516 2006 1580 liberi.

517 1634 649 1694 Gai.
679 1638 737 1712 3,
771 1639 851 1696 18
900 1682 914 1695 .
938 1681 951 1694 .
1000 1635 1362 1712 emancipati
1406 1635 1580 1695 liberi
1625 1637 1860 1694 nullum
1903 1637 1999 1694 ius
2040 1634 2104 1692 in
2139 1634 2376 1693 heredi-

339 1726 534 1783 tatem
596 1725 864 1799 parentis
925 1744 997 1784 ex
1054 1743 1125 1783 ea
1178 1725 1314 1802 lege
1370 1716 1477 1805 (sc.
1524 1724 1643 1783 XII
1697 1716 2072 1802 tabularum)
2127 1723 2376 1799 habent,

339 1832 476 1872 cum
508 1812 794 1872 desierint
831 1814 924 1874 sui
960 1814 1209 1872 heredes
1248 1832 1398 1872 esse.
1469 1813 1554 1872 Id.
1589 1816 1646 1889 3,
1679 1816 1760 1874 26
1801 1860 1813 1872 .
1846 1859 1858 1872 .
1898 1813 2120 1871 liberos
2159 1831 2370 1872 omnes

341 1902 445 1978 qui
500 1902 769 1980 legitimo
824 1903 955 1962 iure
1009 1901 1396 1978 deficiantur,
1453 1907 1630 1962 vocat
1685 1903 1762 1963 ad
1817 1901 2214 1962 hereditatem
2262 1893 2376 1981 (sc.

339 1983 633 2072 praetor),
671 1992 922 2066 proinde
960 2011 1029 2051 ac
1065 1993 1115 2050 si
1142 1993 1205 2050 in
1231 1996 1535 2068 potestate
1562 1993 1830 2068 parentis
1857 1991 2069 2050 mortis
2097 1994 2374 2065 tempore

341 2079 617 2154 fuissent,
671 2080 797 2140 sive
844 2082 956 2139 soli
1002 2081 1123 2139 sint
1170 2084 1295 2140 sive
1342 2082 1524 2140 etiam
1573 2082 1665 2139 sui
1709 2080 1974 2153 heredes,
2019 2080 2080 2137 id
2129 2082 2222 2137 est
2268 2080 2379 2155 qui

341 2168 405 2226 in
459 2170 764 2243 potestate
818 2169 1009 2245 patris
1055 2170 1329 2246 fuerunt,
1385 2172 1756 2229 concurrant.
1847 2168 1986 2244 Ulp.
2028 2170 2138 2243 26,
2179 2169 2290 2243 28,
2331 2171 2376 2229 4

343 2257 735 2333 emancipatis
799 2258 1005 2317 liberis
1070 2277 1142 2316 ex
1206 2257 1401 2317 edicto
1457 2258 1636 2316 datur
1699 2258 1993 2317 bonorum
2053 2257 2378 2333 possessi0,

344 2346 396 2404 si
442 2347 643 2421 parati
686 2348 829 2405 sunt
865 2365 1074 2405 cavere
1112 2347 1402 2405 fratribus
1443 2347 1586 2423 suis,
1633 2347 1735 2423 qui
1771 2348 1833 2405 in
1869 2348 2168 2421 potestate
2206 2365 2376 2404 man-

347 2438 573 2511 serunt,
620 2435 778 2494 bona
814 2454 966 2511 quae
1003 2434 1298 2495 moriente
1335 2438 1509 2511 patre
1545 2435 1885 2495 habuerunt
1923 2454 1986 2494 se
2025 2435 2379 2494 collaturos,

526 2526 627 2591 15.
694 2527 771 2591 D.
810 2528 893 2592 37
907 2528 1121 2611 ,6,2,
1151 2527 1211 2592 5.
1312 2528 1552 2592 Paulus
1607 2527 1776 2592 libro
1832 2525 2382 2611 quadragensimo

342 2615 553 2700 primo
585 2617 666 2681 ad
697 2617 977 2682 edictum
1008 2614 1105 2703 (P.
1125 2614 1307 2703 586).
1339 2655 1412 2663 —
1449 2614 1519 2681 Si
1546 2620 1678 2681 tres
1708 2614 2117 2699 emancipati,
2147 2614 2274 2679 duo
2304 2615 2377 2679 in

343 2710 671 2789 potestate
710 2706 861 2789 sint,
899 2705 1100 2771 Gaius
1141 2705 1403 2771 Cassius
1441 2707 1610 2771 libro
1649 2705 1925 2790 septimo
1963 2703 2123 2767 iuris
2162 2703 2380 2768 civilis

342 2795 573 2858 tertias
612 2795 1033 2859 conferendas
1081 2800 1284 2878 putat,
1329 2801 1404 2859 ut
1450 2794 1859 2879 emancipati,
1907 2794 2060 2876 quia
2095 2792 2376 2857 invicem

342 2901 476 2944 non
514 2883 872 2965 conferunt,
908 2884 1101 2947 unius
1140 2884 1283 2948 loco
1325 2885 1480 2965 sint3
1518 2906 1634 2949 nec
1671 2882 1996 2967 indignari
2034 2902 2143 2945 eos
2183 2902 2376 2965 opor-

342 2974 506 3052 tere,
572 2972 626 3033 si
688 2972 836 3054 plus
899 2970 1237 3036 conferant
1294 2974 1359 3034 et
1415 2972 1626 3036 minus
1683 2972 2032 3056 accipiant,
2098 2970 2249 3052 quia
2305 2970 2380 3033 in

344 3062 670 3142 potestate
709 3080 928 3123 eorum
964 3057 1162 3123 fuerit
1195 3061 1511 3125 bonorum
1541 3061 2022 3146 possessionem
2052 3058 2375 3123 omittere.

1142 3216 1359 3277 Liber
1404 3218 1572 3277 VIII.

1167 3327 1267 3392 De
1315 3330 1548 3411 leyatis.

522 3444 649 3505 Hoc
703 3445 855 3504 libro
908 3450 969 3506 et
1016 3449 1399 3523 sequentibus
1446 3449 1532 3506 IX
1580 3452 1642 3509 et
1688 3450 1742 3507 X
1789 3441 2064 3509 Cassium
2111 3446 2183 3506 de
2231 3465 2382 3529 usu-7

343 3533 547 3593 fructu
585 3535 784 3613 legato
824 3535 1041 3595 dixisse
1080 3539 1312 3596 certum
1350 3540 1458 3596 est.
1533 3556 1714 3614 quam
1746 3539 2088 3615 legatorum
2117 3536 2379 3612 speciem

2556 321 2561 416 ἱ

2558 465 2564 782 1
