2575 3900
826 200 876 249 6.
921 191 1341 250 IAVOLENUS
1376 192 1675 251 PRISCUS
2127 194 2259 261 409

237 354 621 511 Ῑιενεᾱῖῶαέἶι,
671 362 746 421 ut
787 358 972 423 iudea:
1013 362 1189 441 coyat
1228 358 1504 423 heredem
1546 378 1623 425 ex
1668 359 1988 425 locationis
2030 360 2265 425 actione

241 465 383 511 eum
577 466 702 511 are.

421 535 529 600 22.
584 533 664 599 D.
702 534 806 618 33,
844 533 904 618 2,
940 535 1046 600 41.
1163 533 1509 601 Iavolenus
1590 537 1760 602 libro
1836 537 2111 601 secundo
2185 558 2264 601 ex

239 623 709 708 posterioribus
783 623 1120 689 Labeonis..
1189 662 1280 673 —-
1356 623 1513 691 Cum
1582 626 1675 691 ita
1747 627 2011 709 leyatam
2080 630 2277 692 esset.-

237 710 503 793 ‘fructas
538 732 780 777 annuos
810 713 1000 793 fundi
1036 712 1394 779 Corneliani
1431 713 1658 781 Publio
1698 715 1943 781 Maevio
1977 717 2054 780 do
2092 712 2266 798 leyo',

231 802 490 884 perinde
522 805 711 884 putat
749 802 1172 883 accipiendum
1207 822 1331 869 esse
1366 803 1589 888 Labeo,
1633 824 1709 869 ae
1740 804 1807 869 εἰ
1834 824 1985 869 usus
2016 804 2265 884 fructus

232 890 424 971 fundi
467 890 756 956 similiter
798 895 948 956 esset
997 891 1245 975 leyatus,
1287 893 1441 975 quia
1474 891 1620 958 haec
1654 912 1825 959 mens
1855 893 2052 974 ficisse
2086 896 2263 958 testa-

239 980 397 1045 toris
439 980 738 1045 videatur.

417 1067 522 1133 23.
554 1084 602 1132 1.
631 1066 709 1134 D.
731 1067 954 1151 3230,
976 1070 1030 1134 1.
1075 1068 1294 1135 Labeo
1321 1069 1493 1135 libro
1522 1070 1799 1136 secundo
1827 1070 2262 1154 posteriorum

240 1178 282 1222 a
324 1154 633 1222 Iavoleno
681 1158 1202 1240 epitomatorum.
1248 1195 1331 1206 -
1384 1158 1509 1239 Qui
1550 1158 1754 1225 hortos
1785 1159 2067 1242 publicos
2110 1181 2153 1225 α
2196 1179 2265 1224 re

229 1245 484 1329 publica
529 1242 847 1311 conductos
897 1246 1165 1330 habebat,
1209 1267 1421 1313 eoram
1455 1247 1768 1313 hortorum
1798 1247 2042 1330 fructus
2076 1268 2267 1331 usque

237 1335 325 1399 ad
387 1334 678 1414 lustrum,
741 1356 859 1417 quo
921 1296 1202 1401 condac'ti
1261 1340 1479 1419 essent,
1540 1337 1799 1421 Aufidio
1854 1338 2158 1440 leyaverat
2207 1340 2270 1401 et

234 1420 513 1488 heredem
583 1444 722 1489 eam
793 1426 1246 1490 conductionem
1320 1446 1530 1491 eoram
1600 1426 1914 1491 hortorum
1986 1427 2044 1491 ei
2114 1427 2267 1491 dare

239 1512 647 1577 damnaverat
686 1513 998 1595 sinereqae
1041 1514 1137 1577 nti
1171 1534 1311 1579 eum
1344 1519 1403 1579 et
1430 1515 1587 1596 frui.
1670 1516 1956 1597 respondi
1988 1514 2264 1580 heredem

239 1602 433 1667 teneri
481 1602 682 1666 sinere
729 1601 899 1681 frui;
950 1601 1061 1666 hoe
1113 1602 1386 1684 amplius
1432 1602 1705 1669 heredem
1749 1605 2076 1669 mercedem
2116 1624 2263 1686 quo-

237 1710 356 1774 que
395 1689 709 1755 hortorum
751 1691 843 1754 rei
875 1690 1160 1772 publicae
1193 1696 1675 1773 praestaturum.

420 1778 522 1845 23.
571 1794 620 1843 2.
662 1778 738 1844 D.
769 1780 872 1859 34,
901 1779 959 1856 3,
995 1780 1094 1843 17.
1140 1777 1481 1845 Iavolenus
1528 1780 1694 1846 libro
1742 1781 2017 1847 seeundo
2064 1778 2268 1846 Labe-

241 1867 387 1933 onis
444 1868 896 1953 posteriorum.
954 1904 1030 1914 -
1090 1869 1329 1952 reliqua
1391 1890 1623 1953 quoque
1684 1870 1753 1934 in
1816 1871 2044 1935 iudicio
2106 1870 2264 1936 loea-

245 1958 435 2024 tionis
476 1959 697 2022 venire.

421 2051 493 2111 of.
521 2051 602 2129 Π,
636 2053 666 2110 1
700 2072 758 2128 p.
792 2053 935 2113 199.

421 2135 527 2200 24.
573 2134 654 2200 D.
683 2134 790 2221 33,
816 2136 876 2217 2,
904 2136 1007 2201 31.
1083 2136 1300 2202 Labeo
1329 2135 1496 2201 libro
1527 2135 1804 2202 secundo
1834 2137 2264 2222 posteriorum

244 2246 283 2288 a
336 2222 641 2289 Iavoleno
707 2223 1224 2307 epitomatorum.
1289 2261 1378 2272 -
1440 2224 1513 2293 Is
1574 2227 1685 2308 qui
1741 2227 2013 2330 fundum
2071 2233 2265 2292 tecum

241 2333 620 2379 communem
655 2311 924 2397 habebat,
968 2333 1153 2378 asum
1182 2314 1458 2395 fructum
1490 2314 1679 2394 fundi
1712 2317 1897 2381 uxori
1932 2316 2267 2420 levaverat,-

233 2406 383 2484 post
431 2406 687 2467 mortem
738 2403 872 2467 eius
925 2407 1118 2467 tecum
1170 2401 1341 2468 heres
1392 2403 1696 2467 arbitrum
1748 2407 2058 2470 communi
2112 2405 2266 2470 divi-

243 2490 453 2555 dundo
501 2491 775 2572 petierat.
871 2490 1143 2556 Blaesus
1196 2492 1292 2555 ait
1348 2491 1702 2557 Trebatium
1755 2495 2157 2595 respondisse,
2209 2493 2270 2558 si

244 2577 474 2643 arbiter
525 2579 702 2644 oertis
753 2580 1103 2663 reqionibus
1149 2579 1421 2660 fundum
1474 2581 1801 2666 divisisset,
1864 2582 1997 2646 eius
2041 2582 2268 2664 partis,

243 2687 402 2750 quae
447 2666 560 2732 tibi
602 2668 899 2753 optiqerit,
933 2689 1116 2734 usum
1156 2668 1433 2748 fructum
1476 2670 1726 2734 mulieri
1768 2670 1951 2735 ncilla
1984 2691 2059 2735 ex
2086 2674 2270 2752 parte

245 2755 464 2839 deberi,
506 2757 615 2822 sed
654 2757 804 2834 eius,
849 2758 1011 2839 quod
1051 2756 1256 2822 heredi
1300 2759 1622 2842 optiyisset,
1668 2760 1851 2824 totius
1884 2778 2068 2824 usum
2100 2759 2269 2840 fruo-

245 2849 375 2910 tum
429 2865 566 2911 eam
618 2844 990 2911 habituram.
1089 2867 1191 2930 eqo
1243 2846 1355 2911 hoe
1402 2846 1641 2927 falsum
1680 2853 1869 2930 puto:
1924 2869 2075 2913 nam
2129 2865 2269 2912 cum

165 2990 172 2996 .
245 2938 390 2999 ante
425 2934 732 2999 arbitrum
767 2937 1079 3001 communi
1112 2936 1449 3001 dividundo
1484 2937 1841 3002 coniunctus
1854 2958 1977 3020 pro
2003 2937 2269 3002 indiviso

248 3043 326 3088 ecc
385 3027 574 3106 parte
645 3023 908 3089 dimidia
982 3025 1165 3089 totius
1229 3025 1421 3108 fundi
1480 3045 1629 3091 usus
1687 3026 1931 3106 fruetus
1989 3026 2271 3092 mulieris

243 3111 494 3195 fuisset,
574 3131 701 3177 reon
761 3113 1033 3196 potuisse
1103 3113 1407 3178 arbitrum
1478 3115 1639 3179 inter
1710 3117 1870 3182 alios
1938 3114 2270 3182 iudicando

255 3201 514 3266 alterius
557 3201 660 3266 ius
703 3205 966 3286 mutare3
1013 3202 1177 3285 quod
1217 3208 1275 3267 et
1315 3208 1617 3285 receptum
1661 3209 1761 3269 est.

821 3365 915 3425 De
959 3367 1239 3426 bonorum
1270 3372 1448 3441 parte
1491 3369 1697 3442 leyata.

427 3466 535 3533 25.
579 3466 658 3532 D.
689 3467 795 3546 32,
822 3467 928 3552 29,
961 3469 1017 3533 1.
1083 3466 1301 3532 Labeo
1329 3467 1497 3533 libro
1527 3469 1805 3535 seeundo
1833 3470 2267 3554 posteriorum

250 3579 292 3623 a
349 3554 658 3622 Iavoleno
716 3555 1231 3639 epitomatorum.
1285 3593 1376 3603 —
1434 3555 1591 3622 Oum
1642 3559 1736 3623 ita
1790 3559 2053 3641 leyatum
2105 3561 2270 3636 esset,
