2575 3900
367 176 500 238 554
1099 171 1648 228 ADDITAMENTA.

368 359 519 403 suae
592 336 962 401 bracchium
1037 341 1150 401 aut
1220 336 1446 419 pedem
1511 335 1791 400 alienum
1856 335 2189 420 adiecerit,
2266 340 2393 402 aut

367 426 607 511 scypho
676 447 898 489 ansam
953 425 1054 489 vel
1111 423 1410 508 fundum,
1475 424 1578 488 vel
1642 423 2026 489 candelabro
2094 425 2395 510 sigillum

365 517 480 579 aut
542 535 800 578 mensae
862 513 1118 597 pedem,
1189 512 1515 577 dominum
1581 512 1715 578 eius
1780 513 1984 578 totius
2047 513 2140 577 rei
2208 514 2395 578 effici

363 624 637 686 vereque
699 605 981 666 statuam
1047 623 1229 666 suam
1296 601 1616 667 dicturum
1684 605 1748 664 et
1812 601 2121 686 scyphum
2186 603 2393 685 pleri—

361 712 488 775 que
539 740 552 753 .
581 690 884 755 .dicunt.

540 794 711 959 (11211)
739 794 841 958 ἓδ.
849 894 917 976 6,
950 896 1015 973 1,
1042 893 1110 977 5,
1151 896 1208 959 1.
1292 891 1608 976 Ulpianus
1666 893 1830 958 libro
1888 897 2069 956 sexto
2125 892 2387 958 decimo

364 983 443 1048 ad
500 983 796 1047 edictum.
842 1017 928 1029 —
983 981 1163 1047 Idem
1221 980 1334 1066 (sc.
1391 981 1813 1065 Pomponius)
1869 980 2121 1065 scribit,
2188 981 2244 1046 si
2306 1004 2389 1046 ex

362 1072 551 1136 melle
619 1091 785 1152 meo,
852 1071 1000 1135 vino
1064 1075 1177 1134 tuo
1241 1071 1483 1135 factum
1549 1071 1634 1134 sit
1693 1071 1999 1153 mulsum,
2063 1070 2385 1154 quosdam

359 1159 765 1225 existimasse
811 1158 876 1222 id
925 1207 982 1222 ..
1029 1159 1508 1224 communicari.

545 1248 686 1311 122.
742 1247 818 1311 D.
854 1248 961 1332 41,
1001 1248 1057 1331 1,
1097 1248 1154 1327 7,
1195 1248 1250 1313 7.
1334 1245 1531 1312 Gaius
1588 1246 1756 1312 libro
1804 1245 2080 1311 secundo
2129 1246 2379 1312 Rerum

360 1335 880 1402 Cottidianarum
929 1335 1062 1399 sive
1110 1335 1492 1400 Aureorum.
1544 1371 1620 1381 —
1670 1333 1795 1399 Est
1848 1385 1864 1400 .
1904 1386 1916 1398 .
1966 1334 2177 1399 media
2236 1357 2385 1400 sen-

360 1425 565 1489 tentia
603 1474 616 1489 .
647 1473 661 1488 .
698 1423 1224 1508 existimantium,
1263 1425 1318 1488 si
1356 1424 1599 1508 species
1638 1424 1717 1488 ad
1756 1423 2094 1488 materiam
2136 1425 2383 1490 reverti

359 1514 587 1598 possit,
632 1513 842 1576 verius
883 1535 1038 1595 esse,
1076 1512 1245 1596 quod
1286 1511 1564 1577 Sabinus
1604 1515 1668 1576 et
1707 1510 1967 1576 Cassius
2006 1517 2379 1598 senserunt3

361 1602 417 1666 si
458 1624 588 1667 non
629 1603 836 1685 possit
872 1563 1122 1682 reve'rti,
1169 1601 1383 1666 verius
1422 1622 1577 1685 esse,
1616 1600 1783 1684 quod
1820 1598 2073 1666 Nervae
2112 1605 2181 1664 et
2218 1601 2377 1667 Pro-

360 1690 503 1754 culo
567 1691 931 1774 placuit..
973 1741 986 1754 .
1033 1689 1331 1754 videntur
1392 1694 1609 1754 tamen
1665 1689 1826 1754 mihi
1879 1693 2053 1754 recte
2093 1689 2379 1791 ‘quidam

359 1778 597 1842 dixisse
658 1801 787 1842 non
847 1778 1116 1843 debere
1139 1778 1421 1842 dubitari
1486 1778 1642 1863 quin
1706 1777 1932 1843 alienis
2010 1777 2205 1860 spicis
2271 1801 2381 1843 ex-

357 1888 615 1931 cussum
669 1866 1061 1931 frumentum
1118 1867 1254 1930 eius
1311 1867 1422 1951 sit,
1477 1867 1655 1930 cuius
1712 1869 1776 1929 et
1832 1866 2045 1951 spicae
2091 1866 2376 1932 fuerunt.

541 1955 684 2021 123.
731 1955 780 2018 Ι.
809 1957 868 2039 2,
896 1961 947 2038 1,
967 1957 1070 2020 34.
1096 1993 1179 2002 —
1218 1954 1286 2021 Si
1315 1917 1457 2039 quis
1489 1956 1553 2019 in
1584 1955 1792 2020 aliena
1818 1956 2041 2020 tabula
2068 1955 2379 2040 pinxerit,

359 2044 618 2129 quidam
672 2049 903 2127 putant
946 2046 1237 2108 tabulam
1282 2046 1571 2129 picturae
1618 2043 1869 2128 cedere,
1921 2044 2068 2109 aliis
2118 2045 2379 2111 videtur

358 2133 694 2217 picturam,
743 2132 1221 2217 qualiscumque
1268 2134 1373 2218 sit,
1419 2133 1680 2197 tabulae
1727 2133 1965 2198 cedere.

535 2245 606 2303 cf.
657 2242 782 2303 Grai.
842 2244 921 2319 H,
961 2247 1060 2303 78.

809 2397 910 2463 De
953 2400 1329 2481 adquirendo
1373 2420 1581 2463 rerum
1625 2399 1911 2463 dominio.

538 2523 682 2587 124.
730 2521 867 2587 Gai.
899 2523 1126 2601 3,166.
1156 2558 1240 2568 —
1270 2572 1284 2587 .
1317 2573 1330 2585 .
1369 2522 1479 2605 qui
1515 2524 1753 2586 nudum
1790 2523 1889 2586 ius
1923 2521 2273 2597 Quiritium
2311 2524 2385 2587 in

357 2632 542 2677 servo
600 2612 822 2693 habet,
870 2611 1021 2676 licet
1067 2610 1363 2675 dominus
1413 2611 1526 2693 sit,
1572 2612 1785 2675 minus
1831 2616 2049 2675 tamen
2097 2611 2263 2675 iuris
2310 2614 2385 2677 in

357 2723 435 2765 ea
471 2723 539 2764 re
578 2698 813 2765 habere
852 2700 1242 2783 intelligitur
1281 2722 1475 2783 quam
1511 2698 2020 2764 usufructuarius
2061 2704 2125 2763 et
2161 2700 2384 2765 bonae

355 2789 508 2852 fidei
557 2810 909 2873 possessor.
983 2811 1130 2852 nam
1178 2790 1395 2872 placet
1439 2809 1513 2851 ex
1557 2790 1733 2852 nulla
1780 2810 1975 2852 causa
2021 2787 2080 2851 ei
2120 2787 2385 2873 adquiri

356 2898 572 2958 posse,
643 2878 801 2941 adeo
869 2882 940 2941 ut
994 2878 1188 2941 etiam
1245 2878 1630 2941 nominatim
1694 2877 1752 2940 ei
1816 2877 1957 2941 dari
2021 2876 2381 2959 stipulatus

356 2964 552 3028 fuerit
609 2989 856 3047 servuS,
902 2965 1303 3049 mancipiove
1348 2966 1607 3029 nomine
1656 2968 1790 3029 eius
1839 2967 2188 3050 acceperit,
2237 2966 2380 3050 qui-

359 3052 506 3115 dam
557 3054 923 3117 existiment
969 3054 1130 3118 nihil
1179 3054 1236 3117 ei
1284 3054 1550 3138 adquiri.

850 3222 948 3286 De
981 3223 1358 3303 possessione
1402 3228 1461 3287 et
1500 3224 1885 3305 usucapione.

535 3344 679 3409 125.
723 3343 800 3408 D.
829 3346 934 3427 41,
963 3348 1021 3427 2,
1051 3346 1108 3427 3,
1141 3348 1242 3411 16.
1310 3346 1547 3411 Paulus
1582 3347 1747 3411 libro
1788 3347 2383 3431 quinquagensimo

355 3440 586 3519 quarto
634 3434 712 3497 ad
761 3434 1055 3499 edictum.
1109 3472 1184 3481 —
1229 3433 1503 3511 Quidam
1544 3491 1555 3503 .
1592 3487 1609 3503 .
1645 3440 1878 3519 putant
1919 3436 2252 3500 columbas
2294 3487 2311 3503 .
2348 3487 2385 3519 .,

355 3545 517 3606 quae
585 3524 664 3587 ab
729 3522 1031 3587 aedificiis
1089 3526 1327 3587 nostris
1374 3525 1613 3608 volant,
1663 3526 1821 3588 item
1869 3546 2039 3608 apes,
2084 3546 2251 3609 quae
2303 3547 2386 3590 ex
