2575 3900
293 163 429 229 444
500 163 568 218 V.
603 162 906 217 NERVAE:
940 162 1036 217 m·
1069 161 1375 217 TRAJAM
1410 161 1625 217 Tm.
1658 160 1852 217 IUBJS
1886 156 2256 217 CONSULTI

293 348 486 397 causa
535 347 980 409 supervacuum
1029 332 1144 411 est,
1193 328 1346 409 quia
1403 326 1595 391 altero
1642 331 1885 391 auctore
1934 346 2077 390 cum
2127 325 2345 390 altero

293 418 403 499 αφ.
433 421 650 569 Ρὲξει
623 504 702 569 D
731 505 837 587 34,
863 504 925 583 5,
951 504 1057 569 22.
1126 503 1475 568 Iavolenus
1511 504 1680 567 libro
1709 505 1935 589 quinto
1964 525 2044 567 ex
2069 500 2339 569 Cassia.

294 628 382 639 —
437 592 596 659 Gan·
647 594 876 676 pubere
925 594 1060 677 filio
1111 598 1309 657 mater
1358 593 1693 677 naufrayio
1726 594 1935 675 periit.
2042 612 2183 657 oum
2229 611 2343 657 ac-

281 682 980 765 plorarinonpossit,
1031 682 1931 783 uterpnoreoestmcwssit,
1984 680 2349 745 humnius

294 776 387 837 est
425 773 664 837 eredere
703 772 908 855 filium
953 772 1188 836 diutius
1228 772 1469 836 vixisse.

1128 1007 1345 1067 Liber
1388 1008 1495 1067 VI.

473 1131 606 1191 Hoc
659 1130 815 1189 libro
859 1130 936 1189 do
979 1130 1164 1190 alieni
1205 1132 1357 1191 iuris
1400 1130 1673 1208 personis
1715 1130 2041 1190 Iavolenus
2086 1129 2338 1189 videtur

295 1220 510 1299 egisse.
603 1219 755 1278 dixit
807 1223 969 1279 corto
1024 1223 1086 1279 ot
1131 1220 1204 1279 do
1248 1220 1449 1296 patria
1490 1222 1794 1296 potestate
1840 1224 1903 1278 ot
1947 1220 2023 1279 do
2068 1218 2332 1295 libertis,

295 1310 386 1369 ita
459 1312 533 1368 ut
595 1308 1128 1367 manumissionum
1190 1328 1415 1387 genera
1478 1310 1805 1384 explicaret
1867 1311 1931 1367 et
1992 1304 2067 1367 do
2131 1306 2343 1383 operis-

294 1397 656 1457 libortorum
707 1397 894 1458 verba
947 1397 1190 1457 faceret.
1282 1396 1355 1457 D.
1396 1400 1451 1471 2,
1496 1399 1553 1474 1,
1595 1400 1632 1456 2
1645 1442 1661 1472 ,
1714 1397 1877 1472 quod
1920 1396 2335 1474 fragmentum

298 1486 486 1545 Lonol
531 1485 872 1562 suspicatur
917 1486 994 1545 ad
1039 1489 1221 1562 caput
1259 1484 1335 1544 do
1372 1504 1553 1545 consu
1588 1485 1973 1544 manumissis
2006 1486 2335 1561 portinere,

296 1573 500 1650 potius
581 1574 659 1633 ad
738 1574 1005 1633 vindicta
1084 1575 1483 1639 manumissos
1562 1575 1943 1633 referendum
2024 1578 2135 1633 ost.
2257 1572 2332 1631 de

297 1663 496 1721 iustae
558 1666 621 1722 et
682 1662 990 1738 legitimae
1054 1663 1538 1723 manumissionis
1602 1662 1923 1739 gonoribus
1977 1661 2333 1723 Iavolenum

298 1751 505 1811 eodem
554 1750 777 1826 ordino,
823 1770 940 1827 quo
985 1750 1205 1811 Gaium
1247 1751 1399 1812 Inst.
1441 1756 1496 1828 1,
1539 1754 1640 1811 17.
1681 1752 1805 1811 138
1853 1742 2176 1831 (‘vindicta
2222 1752 2335 1809 aut

299 1857 478 1899 consu
525 1843 634 1900 aut
679 1833 1121 1922 testamento’),
1168 1840 1415 1916 dixisse,
1459 1841 1603 1900 licet
1647 1840 2049 1921 existimare..

779 2029 880 2095 De
923 2030 1021 2095 his
1063 2031 1174 2112 qui
1217 2031 1412 2095 alieni
1456 2032 1617 2096 iuris
1660 2029 1849 2096 sunt?

984 2159 1081 2218 De
1113 2162 1321 2233 patria
1355 2165 1650 2233 potestate.

481 2278 583 2343 23.
639 2277 719 2342 D.
751 2280 807 2362 1,
841 2279 899 2362 7,
929 2280 1029 2344 16.
1120 2277 1462 2343 Iavolenus
1511 2279 1679 2342 libro
1726 2282 1907 2342 sexto
1957 2299 2035 2342 ex
2084 2269 2341 2343 09,εείοξ

300 2404 389 2415 —
425 2367 693 2450 Adoptio
737 2368 903 2432 enim
945 2369 1017 2432 in
1063 2366 1159 2432 his
1192 2367 1477 2450 personis
1522 2367 1719 2432 locum
1763 2364 1955 2445 habet,
2000 2368 2075 2431 in
2110 2367 2333 2449 quibus

302 2457 491 2521 etiam
534 2461 769 2522 nattam
799 2460 998 2539 potest
1039 2455 1270 2520 habere.

877 2649 979 2716 De
1021 2651 1295 2715 vindicta
1340 2650 1755 2715 manumissi&

481 2770 585 2833 24.
645 2766 724 2832 D.
760 2766 821 2848 2,
863 2766 922 2847 1,
957 2766 1016 2829 2.
1105 2762 1448 2828 Iavolenus
1502 2763 1670 2828 libro
1727 2766 1911 2828 sexto
1958 2785 2039 2828 ex
2086 2762 2331 2829 Cassio.

303 2890 392 2900 —
443 2855 563 2921 Oui
614 2854 959 2919 iurisdictio
1003 2854 1153 2918 data
1197 2856 1309 2934 est,
1362 2872 1436 2916 ea
1478 2871 1710 2933 quoque
1752 2871 2034 2918 concessa
2078 2873 2206 2918 esse
2250 2855 2333 2918 vi-

305 2943 542 3027 deum,
586 2944 722 3008 sine
765 2941 986 3024 qmbus
1029 2941 1371 3006 iurisdictio
1416 2941 1715 3022 explicari
1757 2961 1885 3006 non
1918 2943 2147 3023 potuit.

924 3133 1025 3199 De
1068 3154 1248 3200 censu
1289 3135 1706 3200 manumissis.

483 3249 588 3315 25.
623 3246 704 3313 D.
726 3248 831 3329 50,
864 3249 962 3333 16,
997 3248 1140 3314 111.
1202 3246 1543 3313 Iavolenus
1570 3249 1736 3313 libro
1766 3255 1948 3315 sexto
1980 3273 2057 3315 ex
2083 3251 2331 3319 Cassio.

304 3373 393 3384 —
440 3334 745 3404 ‘'Gensere
805 3341 893 3401 est
949 3337 1305 3402 constituere
1364 3341 1424 3400 et
1460 3338 1828 3418 praecipere.
1928 3343 2093 3406 unde
2144 3343 2333 3406 etiam

304 3427 498 3492 dwere
549 3427 811 3492 solemus
866 3422 1091 3490 ‘censeo
1138 3423 1247 3488 hoc
1286 3421 1512 3504 faeias'
1556 3430 1615 3489 et
1658 3424 1867 3490 semet
1908 3428 2159 3511 ahquid
2197 3450 2332 3495 cen-

305 3514 518 3581 suisse’
524 3565 539 3580 .
629 3514 773 3579 inde
815 3513 1080 3577 censoris
1123 3531 1345 3576 nomen
1387 3513 1627 3578 videtur
1669 3534 1792 3580 esse
1836 3520 2116 3583 tractum.
