2575 3900
825 163 876 213 6.
920 156 1338 214 IAVOLENUS
1372 156 1670 213 PRISCUS
2122 159 2255 224 487

221 321 300 386 id
351 321 576 403 fecisti,
635 322 797 404 quod
845 323 917 386 in
969 322 1362 404 stipulatione
1414 326 1792 403 convenerat,
1846 321 1917 385 id
1963 325 2053 386 est
2104 341 2259 403 opus

220 410 351 476 alii
398 430 526 475 non
571 410 803 492 locasti,
849 411 1090 476 tametsi
1119 415 1335 493 postea
1382 410 1608 476 locasti.
1698 430 1771 474 ea
1813 411 1977 474 enim
2024 410 2261 490 locatio,

221 520 422 581 quam
465 503 701 564 secutus
745 519 832 581 es,
879 500 1130 580 perinde
1171 504 1277 581 est,
1322 519 1395 564 ac
1437 500 1495 564 si
1538 499 1898 581 interposita
1941 519 2066 564 non
2110 503 2263 564 esset

221 593 288 652 et
331 589 391 652 si
432 589 645 653 statim
690 593 757 652 tu
800 607 952 670 opus
993 587 1196 670 facere
1238 589 1541 670 coepisses.

955 763 1058 830 De
1098 766 1543 830 donationibus.

414 879 518 946 66.
558 878 639 944 D.
659 880 761 957 24,
796 882 852 962 1,
878 880 984 946 20.
1054 878 1398 944 Iavolenus
1429 880 1595 945 libro
1624 878 1961 946 undecimo
1992 879 2256 963 Epistu-

227 969 462 1034 larum.
515 1005 589 1014 —
644 967 719 1034 Si
761 969 820 1034 is
861 989 1087 1052 servus,
1131 969 1241 1050 qui
1283 970 1469 1034 uxori
1511 970 1725 1034 mortis
1767 989 1957 1036 causa
1991 969 2262 1034 donatus

223 1062 345 1139 est,
389 1058 575 1138 prius
619 1077 808 1140 quam
851 1058 950 1122 vir
993 1059 1292 1124 decederet
1331 1059 1661 1140 stipulatus
1703 1063 1814 1143 est,
1860 1059 1931 1122 in
1965 1057 2260 1139 pendenti

217 1151 378 1228 puto
413 1165 538 1211 esse
573 1166 828 1212 causam
863 1146 1263 1230 obliyationis,
1309 1148 1493 1212 donec
1526 1148 1625 1212 vir
1659 1152 1773 1212 aut
1804 1148 2110 1212 moriatur
2144 1150 2260 1211 aut

225 1234 571 1315 suspicione
604 1236 838 1318 mortis,
873 1240 1126 1318 propter
1159 1256 1349 1317 quam
1389 1237 1655 1316 donavit,
1701 1236 2000 1300 lcheretm.
2080 1236 2261 1318 quid-

225 1325 384 1404 quid
415 1328 620 1388 autem
655 1345 864 1388 eorum
899 1325 1195 1406 inciderit,
1231 1325 1395 1406 quod
1426 1325 1814 1389 donationem
1840 1331 1954 1388 aut
1973 1329 2259 1407 peremat

227 1416 344 1476 aut
394 1413 730 1494 confirmet,
788 1414 858 1478 id
907 1433 1139 1495 quoque
1191 1433 1446 1478 causam
1493 1413 1913 1494 stipulationis
1956 1418 2069 1478 aut
2110 1433 2255 1478 con-

227 1500 512 1582 firmabit
554 1506 666 1564 aut
709 1501 970 1566 resolvet.

1232 1589 1265 1652 ‘P

411 1704 514 1768 67.
580 1703 656 1768 D.
695 1704 802 1787 50,
838 1705 940 1788 l'l,
977 1706 1123 1770 202.
1231 1703 1413 1768 Idem
1478 1703 1593 1789 (sc.
1648 1703 2018 1789 Iavolenus)
2084 1705 2251 1770 libro

231 1791 570 1856 undecimo
609 1793 1071 1877 Epistularum.
1117 1830 1192 1840 —
1246 1792 1465 1859 Omnis
1498 1794 1771 1876 deffinitio
1806 1795 1875 1858 in
1912 1796 2049 1858 iure
2082 1794 2259 1860 civili

219 1881 570 1964 periculosa
614 1887 732 1961 est;
789 1903 1005 1947 rarum
1021 1883 1040 1918 ¹
1084 1888 1172 1948 est
1213 1884 1403 1962 enim,
1448 1888 1521 1948 ut
1560 1904 1685 1948 non
1730 1883 1995 1951 subverti
2024 1887 2251 1967 posset.

1046 2120 1260 2180 Liber
1306 2119 1439 2179 XII.

984 2238 1085 2303 De
1129 2240 1512 2304 testamentis.

411 2352 515 2416 68.
563 2351 637 2416 D.
667 2354 772 2436 28,
800 2352 859 2436 5,
888 2353 991 2418 66.
1073 2352 1254 2417 Idem
1300 2350 1415 2439 (se.
1462 2348 1838 2437 Iavolenus)
1884 2353 2053 2417 libro
2101 2352 2256 2417 duo-

233 2440 482 2504 decimo
521 2439 986 2525 Epistularum.
1036 2476 1112 2487 —
1162 2441 1494 2506 Hereditas
1528 2442 1615 2505 ad
1646 2440 1925 2507 Statium
1962 2441 2255 2506 Primum

233 2528 403 2592 nullo
462 2528 598 2592 iure
639 2530 928 2610 pertinet,
983 2550 1122 2593 cum
1177 2530 1496 2594 institutus
1547 2529 1715 2595 heres
1768 2550 1893 2593 non
1946 2531 2046 2594 sit.
2144 2551 2255 2595 nec

231 2617 558 2699 quicquam
601 2618 660 2683 ei
690 2618 959 2700 prodest,
1000 2618 1161 2699 quod
1201 2618 1278 2683 ab
1322 2638 1388 2682 eo
1433 2618 1677 2700 aliquid
1718 2618 1983 2701 leyatum
2018 2623 2106 2683 est
2140 2624 2257 2685 aut

236 2705 480 2769 libertus
523 2707 581 2770 ei
623 2706 894 2787 defuncti
940 2711 1288 2771 testamento
1334 2708 1787 2771 commendatus
1830 2712 1932 2771 est.
2014 2728 2088 2771 ea·
2131 2728 2252 2789 quo

229 2795 290 2859 si
333 2794 749 2860 manumissus
793 2815 918 2860 non
961 2800 1072 2873 est,
1117 2816 1326 2860 servus
1370 2800 1470 2860 est.

691 2971 790 3038 De
833 2974 1205 3055 adquirendo
1248 2994 1458 3037 rerum
1502 2973 1795 3039 dominio.

409 3088 511 3153 69.
551 3086 624 3151 D.
648 3089 750 3167 44,
774 3090 828 3168 7,
850 3087 953 3154 55.
1017 3088 1356 3153 Iavolenus
1384 3089 1553 3153 libro
1583 3087 1959 3153 duodecimo
1988 3086 2251 3174 Epistu-

234 3176 454 3240 larum.
512 3214 596 3224 -
652 3176 730 3241 In
785 3178 1082 3242 omnibus
1135 3178 1353 3257 rebuS,
1409 3199 1572 3262 quae
1624 3178 1979 3242 dominium
2032 3181 2247 3242 trans-

235 3264 468 3345 ferunt,
534 3272 874 3331 concurrat
936 3270 1194 3351 oportet
1257 3266 1522 3331 affectus
1591 3288 1668 3331 ex
1731 3270 2000 3351 utraque
2059 3270 2245 3351 parte

235 3353 768 3438 contrahentium3
816 3377 968 3420 nam
1015 3356 1147 3419 sive
1194 3376 1270 3420 ea
1317 3355 1599 3419 venditio
1638 3356 1771 3420 sive
1808 3355 2071 3420 donatio
2110 3354 2247 3419 sive

381 3534 406 3581 1
447 3527 543 3582 Fl.
580 3543 778 3597 parum
815 3530 1012 3585 emend.
1052 3530 1391 3585 Haloander.
