<?xml version="1.0" encoding="UTF-8"?>
<!DOCTYPE html PUBLIC "-//W3C//DTD XHTML 1.0 Transitional//EN"
    "http://www.w3.org/TR/xhtml1/DTD/xhtml1-transitional.dtd">
<html xmlns="http://www.w3.org/1999/xhtml" xml:lang="en" lang="en">
 <head>
  <title>
</title>
<meta http-equiv="Content-Type" content="text/html;charset=utf-8" />
  <meta name='ocr-system' content='tesseract 3.04.00' />
  <meta name='ocr-capabilities' content='ocr_page ocr_carea ocr_par ocr_line ocrx_word'/>
</head>
<body>
  <div class='ocr_page' id='page_1' title='image "./iurisprudentiae00unkngoog_0262.png"; bbox 0 0 2575 3900; ppageno 0'>
   <div class='ocr_carea' id='block_1_1' title="bbox 310 113 2329 206">
    <p class='ocr_par' dir='ltr' id='par_1_1' title="bbox 310 113 2329 206">
     <span class='ocr_line' id='line_1_1' title="bbox 310 113 2329 206; baseline 0 -9"><span class='ocrx_word' id='word_1_1' title='bbox 310 142 443 206; x_wconf 83' lang='grc'>216</span> <span class='ocrx_word' id='word_1_2' title='bbox 496 141 587 196; x_wconf 88' lang='lat' dir='ltr'>IV.</span> <span class='ocrx_word' id='word_1_3' title='bbox 617 140 1048 197; x_wconf 80' lang='lat' dir='ltr'><strong>VESPASIANI</strong></span> <span class='ocrx_word' id='word_1_4' title='bbox 1074 140 1219 197; x_wconf 87' lang='grc' dir='ltr'>ΤῙΤΙ</span> <span class='ocrx_word' id='word_1_5' title='bbox 1242 113 1637 198; x_wconf 62' lang='lat' dir='ltr'><strong>DOfflTIAffi</strong></span> <span class='ocrx_word' id='word_1_6' title='bbox 1664 142 1878 199; x_wconf 83' lang='grc' dir='ltr'><strong>ΤΕΜΡ.</strong></span> <span class='ocrx_word' id='word_1_7' title='bbox 1906 142 2099 198; x_wconf 84' lang='lat' dir='ltr'>IURIS</span> <span class='ocrx_word' id='word_1_8' title='bbox 2127 142 2270 197; x_wconf 87' lang='lat' dir='ltr'>CON</span> <span class='ocrx_word' id='word_1_9' title='bbox 2276 142 2329 197; x_wconf 86' lang='lat' dir='ltr'>S.</span> 
     </span>
    </p>
   </div>
   <div class='ocr_carea' id='block_1_2' title="bbox 309 303 2340 1186">
    <p class='ocr_par' dir='ltr' id='par_1_2' title="bbox 309 303 2340 1186">
     <span class='ocr_line' id='line_1_2' title="bbox 498 303 2336 388; baseline 0.001 -18"><span class='ocrx_word' id='word_1_10' title='bbox 498 305 600 370; x_wconf 90' lang='lat'>18.</span> <span class='ocrx_word' id='word_1_11' title='bbox 642 303 721 369; x_wconf 91' lang='lat' dir='ltr'>D.</span> <span class='ocrx_word' id='word_1_12' title='bbox 738 305 843 388; x_wconf 88' lang='lat'>40,</span> <span class='ocrx_word' id='word_1_13' title='bbox 864 306 923 387; x_wconf 85' lang='lat'>7,</span> <span class='ocrx_word' id='word_1_14' title='bbox 942 304 1003 388; x_wconf 85' lang='lat'>9,</span> <span class='ocrx_word' id='word_1_15' title='bbox 1023 306 1083 369; x_wconf 82' lang='lat'>2.</span> <span class='ocrx_word' id='word_1_16' title='bbox 1156 303 1475 388; x_wconf 80' lang='lat' dir='ltr'><strong>Ulpianus</strong></span> <span class='ocrx_word' id='word_1_17' title='bbox 1511 305 1679 371; x_wconf 91' lang='lat' dir='ltr'>libro</span> <span class='ocrx_word' id='word_1_18' title='bbox 1718 305 2068 371; x_wconf 80' lang='lat' dir='ltr'>vicensimo</span> <span class='ocrx_word' id='word_1_19' title='bbox 2106 309 2336 371; x_wconf 81' lang='lat' dir='ltr'>octavo</span> 
     </span>
     <span class='ocr_line' id='line_1_3' title="bbox 313 392 2332 477; baseline 0 -20"><span class='ocrx_word' id='word_1_20' title='bbox 313 393 393 458; x_wconf 88' lang='lat' dir='ltr'>ad</span> <span class='ocrx_word' id='word_1_21' title='bbox 463 392 777 457; x_wconf 88' lang='lat' dir='ltr'>Sabinum</span> <span class='ocrx_word' id='word_1_22' title='bbox 843 392 941 476; x_wconf 90' lang='lat' dir='ltr'>(P.</span> <span class='ocrx_word' id='word_1_23' title='bbox 980 394 1203 477; x_wconf 82' lang='lat'><strong>2701).</strong></span> <span class='ocrx_word' id='word_1_24' title='bbox 1264 430 1354 440; x_wconf 88' lang='lat'><strong>—</strong></span> <span class='ocrx_word' id='word_1_25' title='bbox 1410 392 1583 458; x_wconf 92' lang='lat' dir='ltr'>Illud</span> <span class='ocrx_word' id='word_1_26' title='bbox 1647 396 1999 459; x_wconf 84' lang='lat' dir='ltr'>tractatum</span> <span class='ocrx_word' id='word_1_27' title='bbox 2062 397 2186 476; x_wconf 87' lang='lat' dir='ltr'>est,</span> <span class='ocrx_word' id='word_1_28' title='bbox 2251 416 2332 458; x_wconf 88' lang='lat' dir='ltr'>an</span> 
     </span>
     <span class='ocr_line' id='line_1_4' title="bbox 315 481 2336 566; baseline 0 -21"><span class='ocrx_word' id='word_1_29' title='bbox 315 481 620 546; x_wconf 88' lang='lat' dir='ltr'>liberatio</span> <span class='ocrx_word' id='word_1_30' title='bbox 668 482 1007 565; x_wconf 85' lang='lat' dir='ltr'>contingat</span> <span class='ocrx_word' id='word_1_31' title='bbox 1056 482 1114 545; x_wconf 87' lang='lat' dir='ltr'>ci</span> <span class='ocrx_word' id='word_1_32' title='bbox 1162 481 1271 566; x_wconf 93' lang='lat' dir='ltr'>qui</span> <span class='ocrx_word' id='word_1_33' title='bbox 1315 504 1522 547; x_wconf 80' lang='lat' dir='ltr'>noxae</span> <span class='ocrx_word' id='word_1_34' title='bbox 1569 482 1813 547; x_wconf 87' lang='lat' dir='ltr'>dederit</span> <span class='ocrx_word' id='word_1_35' title='bbox 1857 483 2336 566; x_wconf 77' lang='lat' dir='ltr'>statuliberum3</span> 
     </span>
     <span class='ocr_line' id='line_1_5' title="bbox 314 568 2337 653; baseline -0 -18"><span class='ocrx_word' id='word_1_36' title='bbox 314 574 382 635; x_wconf 89' lang='lat' dir='ltr'>et</span> <span class='ocrx_word' id='word_1_37' title='bbox 427 568 792 635; x_wconf 82' lang='lat' dir='ltr'>Octavenus</span> <span class='ocrx_word' id='word_1_38' title='bbox 842 570 1119 653; x_wconf 87' lang='lat' dir='ltr'>putabat</span> <span class='ocrx_word' id='word_1_39' title='bbox 1170 571 1449 635; x_wconf 89' lang='lat' dir='ltr'>liberari.</span> <span class='ocrx_word' id='word_1_40' title='bbox 1541 575 1608 635; x_wconf 90' lang='lat' dir='ltr'>et</span> <span class='ocrx_word' id='word_1_41' title='bbox 1650 571 1819 636; x_wconf 87' lang='lat' dir='ltr'>idem</span> <span class='ocrx_word' id='word_1_42' title='bbox 1867 571 2120 635; x_wconf 87' lang='lat' dir='ltr'>dicebat</span> <span class='ocrx_word' id='word_1_43' title='bbox 2168 576 2234 634; x_wconf 90' lang='lat' dir='ltr'>et</span> <span class='ocrx_word' id='word_1_44' title='bbox 2281 572 2337 634; x_wconf 90' lang='lat' dir='ltr'>si</span> 
     </span>
     <span class='ocr_line' id='line_1_6' title="bbox 312 656 2336 743; baseline 0 -21"><span class='ocrx_word' id='word_1_45' title='bbox 312 679 391 722; x_wconf 84' lang='lat' dir='ltr'>ex</span> <span class='ocrx_word' id='word_1_46' title='bbox 466 659 785 742; x_wconf 88' lang='lat' dir='ltr'>stipulatu</span> <span class='ocrx_word' id='word_1_47' title='bbox 848 656 1143 723; x_wconf 77' lang='lat' dir='ltr'><strong>Stichum</strong></span> <span class='ocrx_word' id='word_1_48' title='bbox 1215 658 1479 724; x_wconf 77' lang='lat' dir='ltr'>deberet</span> <span class='ocrx_word' id='word_1_49' title='bbox 1544 680 1815 743; x_wconf 91' lang='lat' dir='ltr'>eumque</span> <span class='ocrx_word' id='word_1_50' title='bbox 1877 660 2336 724; x_wconf 86' lang='lat' dir='ltr'>statuliberum</span> 
     </span>
     <span class='ocr_line' id='line_1_7' title="bbox 312 746 2337 831; baseline 0 -20"><span class='ocrx_word' id='word_1_51' title='bbox 312 747 637 831; x_wconf 74' lang='lat' dir='ltr'>solvisset3</span> <span class='ocrx_word' id='word_1_52' title='bbox 702 768 857 811; x_wconf 90' lang='lat' dir='ltr'>nam</span> <span class='ocrx_word' id='word_1_53' title='bbox 922 751 988 810; x_wconf 86' lang='lat' dir='ltr'>et</span> <span class='ocrx_word' id='word_1_54' title='bbox 1050 748 1106 812; x_wconf 88' lang='lat' dir='ltr'>si</span> <span class='ocrx_word' id='word_1_55' title='bbox 1171 752 1323 811; x_wconf 87' lang='lat' dir='ltr'>ante</span> <span class='ocrx_word' id='word_1_56' title='bbox 1387 746 1774 812; x_wconf 87' lang='lat' dir='ltr'>solutionem</span> <span class='ocrx_word' id='word_1_57' title='bbox 1832 749 1913 812; x_wconf 89' lang='lat' dir='ltr'>ad</span> <span class='ocrx_word' id='word_1_58' title='bbox 1967 748 2337 812; x_wconf 87' lang='lat' dir='ltr'>libertatem</span> 
     </span>
     <span class='ocr_line' id='line_1_8' title="bbox 309 834 2338 922; baseline 0 -23"><span class='ocrx_word' id='word_1_59' title='bbox 309 836 740 919; x_wconf 85' lang='lat' dir='ltr'>pervenisset,</span> <span class='ocrx_word' id='word_1_60' title='bbox 798 835 1279 919; x_wconf 72' lang='lat' dir='ltr'>extingueretur</span> <span class='ocrx_word' id='word_1_61' title='bbox 1333 834 1648 921; x_wconf 79' lang='lat' dir='ltr'>obligatio</span> <span class='ocrx_word' id='word_1_62' title='bbox 1701 839 1873 922; x_wconf 83' lang='lat' dir='ltr'>tota3</span> <span class='ocrx_word' id='word_1_63' title='bbox 1925 858 2005 901; x_wconf 87' lang='lat' dir='ltr'>ea</span> <span class='ocrx_word' id='word_1_64' title='bbox 2048 836 2219 900; x_wconf 90' lang='lat' dir='ltr'>enim</span> <span class='ocrx_word' id='word_1_65' title='bbox 2265 836 2338 900; x_wconf 92' lang='lat' dir='ltr'>in</span> 
     </span>
     <span class='ocr_line' id='line_1_9' title="bbox 313 924 2338 1009; baseline 0 -20"><span class='ocrx_word' id='word_1_66' title='bbox 313 924 713 1009; x_wconf 77' lang='lat' dir='ltr'>obligatione</span> <span class='ocrx_word' id='word_1_67' title='bbox 768 925 1148 1005; x_wconf 82' lang='lat' dir='ltr'>consistere,</span> <span class='ocrx_word' id='word_1_68' title='bbox 1203 946 1366 1008; x_wconf 89' lang='lat' dir='ltr'>quae</span> <span class='ocrx_word' id='word_1_69' title='bbox 1421 924 1692 1008; x_wconf 87' lang='lat' dir='ltr'>pecunia</span> <span class='ocrx_word' id='word_1_70' title='bbox 1746 925 1837 989; x_wconf 93' lang='lat' dir='ltr'>lui</span> <span class='ocrx_word' id='word_1_71' title='bbox 1891 926 2338 1009; x_wconf 79' lang='lat' dir='ltr'>praestarique</span> 
     </span>
     <span class='ocr_line' id='line_1_10' title="bbox 311 1012 2340 1097; baseline -0 -19"><span class='ocrx_word' id='word_1_72' title='bbox 311 1016 611 1096; x_wconf 88' lang='lat' dir='ltr'>possunt,</span> <span class='ocrx_word' id='word_1_73' title='bbox 675 1012 945 1076; x_wconf 89' lang='lat' dir='ltr'>libertas</span> <span class='ocrx_word' id='word_1_74' title='bbox 1012 1017 1227 1077; x_wconf 91' lang='lat' dir='ltr'>autem</span> <span class='ocrx_word' id='word_1_75' title='bbox 1288 1012 1562 1096; x_wconf 87' lang='lat' dir='ltr'>pecunia</span> <span class='ocrx_word' id='word_1_76' title='bbox 1619 1013 1710 1077; x_wconf 90' lang='lat' dir='ltr'>lui</span> <span class='ocrx_word' id='word_1_77' title='bbox 1765 1035 1894 1079; x_wconf 92' lang='lat' dir='ltr'>non</span> <span class='ocrx_word' id='word_1_78' title='bbox 1949 1018 2167 1097; x_wconf 87' lang='lat' dir='ltr'>potest</span> <span class='ocrx_word' id='word_1_79' title='bbox 2219 1034 2340 1077; x_wconf 91' lang='lat' dir='ltr'>nec</span> 
     </span>
     <span class='ocr_line' id='line_1_11' title="bbox 310 1102 1610 1186; baseline -0.002 -20"><span class='ocrx_word' id='word_1_80' title='bbox 310 1102 600 1186; x_wconf 87' lang='lat' dir='ltr'>reparari</span> <span class='ocrx_word' id='word_1_81' title='bbox 644 1105 880 1184; x_wconf 88' lang='lat' dir='ltr'>potest.</span> <span class='ocrx_word' id='word_1_82' title='bbox 1605 1104 1610 1111; x_wconf 88' lang='lat'>&#39;</span> 
     </span>
    </p>
   </div>
   <div class='ocr_carea' id='block_1_3' title="bbox 1017 1188 1628 1273">
    <p class='ocr_par' dir='ltr' id='par_1_3' title="bbox 1017 1188 1628 1273">
     <span class='ocr_line' id='line_1_12' title="bbox 1017 1188 1628 1273; baseline 0 -18"><span class='ocrx_word' id='word_1_83' title='bbox 1017 1188 1116 1255; x_wconf 85' lang='lat' dir='ltr'>De</span> <span class='ocrx_word' id='word_1_84' title='bbox 1159 1190 1628 1273; x_wconf 78' lang='lat' dir='ltr'>acceptilatione.</span> 
     </span>
    </p>
   </div>
   <div class='ocr_carea' id='block_1_4' title="bbox 312 1293 2344 1646">
    <p class='ocr_par' dir='ltr' id='par_1_4' title="bbox 312 1293 2344 1646">
     <span class='ocr_line' id='line_1_13' title="bbox 498 1293 2342 1384; baseline 0.001 -24"><span class='ocrx_word' id='word_1_85' title='bbox 498 1295 599 1360; x_wconf 87' lang='grc'>19.</span> <span class='ocrx_word' id='word_1_86' title='bbox 672 1293 752 1359; x_wconf 91' lang='lat' dir='ltr'>D.</span> <span class='ocrx_word' id='word_1_87' title='bbox 796 1295 902 1378; x_wconf 88' lang='grc'>46,</span> <span class='ocrx_word' id='word_1_88' title='bbox 948 1297 1009 1375; x_wconf 86' lang='grc'>4,</span> <span class='ocrx_word' id='word_1_89' title='bbox 1057 1297 1116 1374; x_wconf 90' lang='lat'>8,</span> <span class='ocrx_word' id='word_1_90' title='bbox 1164 1295 1220 1359; x_wconf 94' lang='lat'>1.</span> <span class='ocrx_word' id='word_1_91' title='bbox 1331 1294 1508 1359; x_wconf 88' lang='lat' dir='ltr'>Idem</span> <span class='ocrx_word' id='word_1_92' title='bbox 1583 1295 1695 1381; x_wconf 90' lang='lat' dir='ltr'>(sc.</span> <span class='ocrx_word' id='word_1_93' title='bbox 1741 1294 2098 1384; x_wconf 79' lang='lat' dir='ltr'>Ulpianus)</span> <span class='ocrx_word' id='word_1_94' title='bbox 2170 1297 2342 1362; x_wconf 87' lang='lat' dir='ltr'>libro</span> 
     </span>
     <span class='ocr_line' id='line_1_14' title="bbox 314 1381 2342 1471; baseline 0.001 -23"><span class='ocrx_word' id='word_1_95' title='bbox 314 1384 861 1469; x_wconf 85' lang='lat' dir='ltr'>quadragensimo</span> <span class='ocrx_word' id='word_1_96' title='bbox 901 1390 1129 1449; x_wconf 83' lang='lat' dir='ltr'>octavo</span> <span class='ocrx_word' id='word_1_97' title='bbox 1169 1384 1249 1447; x_wconf 89' lang='lat' dir='ltr'>ad</span> <span class='ocrx_word' id='word_1_98' title='bbox 1278 1381 1586 1449; x_wconf 84' lang='lat' dir='ltr'>Sabinum</span> <span class='ocrx_word' id='word_1_99' title='bbox 1619 1385 1717 1465; x_wconf 95' lang='lat' dir='ltr'>(P.</span> <span class='ocrx_word' id='word_1_100' title='bbox 1735 1382 1957 1471; x_wconf 83' lang='lat'><strong>2954).</strong></span> <span class='ocrx_word' id='word_1_101' title='bbox 1989 1422 2069 1431; x_wconf 89' lang='lat'>—</span> <span class='ocrx_word' id='word_1_102' title='bbox 2103 1383 2342 1451; x_wconf 84' lang='lat' dir='ltr'>Servus</span> 
     </span>
     <span class='ocr_line' id='line_1_15' title="bbox 316 1472 2342 1557; baseline 0 -20"><span class='ocrx_word' id='word_1_103' title='bbox 316 1473 679 1537; x_wconf 90' lang='lat' dir='ltr'>communis</span> <span class='ocrx_word' id='word_1_104' title='bbox 735 1472 906 1537; x_wconf 91' lang='lat' dir='ltr'>sicut</span> <span class='ocrx_word' id='word_1_105' title='bbox 959 1473 1068 1536; x_wconf 91' lang='lat' dir='ltr'>uni</span> <span class='ocrx_word' id='word_1_106' title='bbox 1123 1494 1200 1536; x_wconf 84' lang='lat' dir='ltr'>ex</span> <span class='ocrx_word' id='word_1_107' title='bbox 1254 1472 1540 1537; x_wconf 78' lang='lat' dir='ltr'>dominis·</span> <span class='ocrx_word' id='word_1_108' title='bbox 1587 1474 1882 1557; x_wconf 87' lang='lat' dir='ltr'>stipulari</span> <span class='ocrx_word' id='word_1_109' title='bbox 1936 1477 2180 1557; x_wconf 88' lang='lat' dir='ltr'>potest,</span> <span class='ocrx_word' id='word_1_110' title='bbox 2239 1474 2342 1538; x_wconf 85' lang='lat' dir='ltr'>ita</span> 
     </span>
     <span class='ocr_line' id='line_1_16' title="bbox 312 1560 2344 1646; baseline 0.001 -22"><span class='ocrx_word' id='word_1_111' title='bbox 312 1560 511 1625; x_wconf 90' lang='lat' dir='ltr'>etiam</span> <span class='ocrx_word' id='word_1_112' title='bbox 560 1563 916 1644; x_wconf 87' lang='lat' dir='ltr'>acceptum·</span> <span class='ocrx_word' id='word_1_113' title='bbox 942 1582 1169 1646; x_wconf 87' lang='lat' dir='ltr'>rogare</span> <span class='ocrx_word' id='word_1_114' title='bbox 1214 1562 1326 1624; x_wconf 92' lang='lat' dir='ltr'>uni</span> <span class='ocrx_word' id='word_1_115' title='bbox 1374 1582 1452 1625; x_wconf 85' lang='lat' dir='ltr'>ex</span> <span class='ocrx_word' id='word_1_116' title='bbox 1497 1562 1770 1625; x_wconf 89' lang='lat' dir='ltr'>dominis</span> <span class='ocrx_word' id='word_1_117' title='bbox 1809 1564 2029 1644; x_wconf 89' lang='lat' dir='ltr'>potest</span> <span class='ocrx_word' id='word_1_118' title='bbox 2063 1583 2344 1645; x_wconf 88' lang='lat' dir='ltr'>eumque</span> 
     </span>
    </p>
   </div>
   <div class='ocr_carea' id='block_1_5' title="bbox 312 1647 1944 1819">
    <p class='ocr_par' dir='ltr' id='par_1_5' title="bbox 312 1647 1944 1819">
     <span class='ocr_line' id='line_1_17' title="bbox 312 1647 1944 1734; baseline 0.001 -21"><span class='ocrx_word' id='word_1_119' title='bbox 312 1650 382 1713; x_wconf 91' lang='lat' dir='ltr'>in</span> <span class='ocrx_word' id='word_1_120' title='bbox 431 1649 711 1715; x_wconf 89' lang='lat' dir='ltr'>solidum</span> <span class='ocrx_word' id='word_1_121' title='bbox 755 1650 1021 1734; x_wconf 85' lang='lat' dir='ltr'>liberat3</span> <span class='ocrx_word' id='word_1_122' title='bbox 1067 1654 1132 1713; x_wconf 86' lang='lat' dir='ltr'>et</span> <span class='ocrx_word' id='word_1_123' title='bbox 1176 1649 1271 1714; x_wconf 91' lang='lat' dir='ltr'>ita</span> <span class='ocrx_word' id='word_1_124' title='bbox 1318 1647 1688 1715; x_wconf 88' lang='lat' dir='ltr'>Octavenus</span> <span class='ocrx_word' id='word_1_125' title='bbox 1734 1654 1944 1733; x_wconf 85' lang='lat' dir='ltr'>putat.</span> 
     </span>
     <span class='ocr_line' id='line_1_18' title="bbox 491 1742 1169 1819; baseline 0.001 -18"><span class='ocrx_word' id='word_1_126' title='bbox 491 1744 564 1802; x_wconf 78' lang='lat' dir='ltr'>cf.</span> <span class='ocrx_word' id='word_1_127' title='bbox 596 1742 725 1803; x_wconf 72' lang='lat' dir='ltr'>Gai.</span> <span class='ocrx_word' id='word_1_128' title='bbox 758 1744 991 1819; x_wconf 81' lang='lat'>3,167.</span> <span class='ocrx_word' id='word_1_129' title='bbox 1027 1744 1169 1802; x_wconf 82' lang='lat'><strong>172.</strong></span> 
     </span>
    </p>
   </div>
   <div class='ocr_carea' id='block_1_6' title="bbox 983 1914 1666 1981">
    <p class='ocr_par' dir='ltr' id='par_1_6' title="bbox 983 1914 1666 1981">
     <span class='ocr_line' id='line_1_19' title="bbox 983 1914 1666 1981; baseline 0 -1"><span class='ocrx_word' id='word_1_130' title='bbox 983 1914 1082 1980; x_wconf 86' lang='lat' dir='ltr'>De</span> <span class='ocrx_word' id='word_1_131' title='bbox 1126 1916 1197 1980; x_wconf 75' lang='lat' dir='ltr'>in</span> <span class='ocrx_word' id='word_1_132' title='bbox 1240 1935 1373 1980; x_wconf 84' lang='lat' dir='ltr'>rem</span> <span class='ocrx_word' id='word_1_133' title='bbox 1417 1917 1666 1981; x_wconf 79' lang='lat' dir='ltr'>actione.</span> 
     </span>
    </p>
   </div>
   <div class='ocr_carea' id='block_1_7' title="bbox 930 2034 1721 2110">
    <p class='ocr_par' dir='ltr' id='par_1_7' title="bbox 930 2034 1721 2110">
     <span class='ocr_line' id='line_1_20' title="bbox 930 2034 1721 2110; baseline 0 -18"><span class='ocrx_word' id='word_1_134' title='bbox 930 2034 1024 2093; x_wconf 85' lang='lat' dir='ltr'>De</span> <span class='ocrx_word' id='word_1_135' title='bbox 1066 2036 1397 2095; x_wconf 78' lang='lat' dir='ltr'>hereditatis</span> <span class='ocrx_word' id='word_1_136' title='bbox 1429 2039 1721 2110; x_wconf 76' lang='lat' dir='ltr'>petitione.</span> 
     </span>
    </p>
   </div>
   <div class='ocr_carea' id='block_1_8' title="bbox 309 2134 2347 3460">
    <p class='ocr_par' dir='ltr' id='par_1_8' title="bbox 309 2134 2347 2910">
     <span class='ocr_line' id='line_1_21' title="bbox 492 2134 2344 2219; baseline 0.001 -19"><span class='ocrx_word' id='word_1_137' title='bbox 492 2137 595 2201; x_wconf 81' lang='lat'>20.</span> <span class='ocrx_word' id='word_1_138' title='bbox 650 2134 731 2201; x_wconf 88' lang='lat' dir='ltr'>D.</span> <span class='ocrx_word' id='word_1_139' title='bbox 760 2135 819 2210; x_wconf 83' lang='lat'>5,</span> <span class='ocrx_word' id='word_1_140' title='bbox 849 2135 907 2216; x_wconf 83' lang='lat'>3,</span> <span class='ocrx_word' id='word_1_141' title='bbox 941 2137 1020 2200; x_wconf 87' lang='lat'>18</span> <span class='ocrx_word' id='word_1_142' title='bbox 1040 2157 1136 2219; x_wconf 88' lang='lat' dir='ltr'>pr.</span> <span class='ocrx_word' id='word_1_143' title='bbox 1225 2134 1548 2219; x_wconf 80' lang='lat' dir='ltr'>Ulpianus</span> <span class='ocrx_word' id='word_1_144' title='bbox 1604 2136 1770 2199; x_wconf 88' lang='lat' dir='ltr'>libro</span> <span class='ocrx_word' id='word_1_145' title='bbox 1817 2137 2047 2219; x_wconf 86' lang='lat' dir='ltr'>quinto</span> <span class='ocrx_word' id='word_1_146' title='bbox 2096 2135 2344 2202; x_wconf 83' lang='lat' dir='ltr'>decimo</span> 
     </span>
     <span class='ocr_line' id='line_1_22' title="bbox 313 2221 2346 2309; baseline 0 -19"><span class='ocrx_word' id='word_1_147' title='bbox 313 2226 394 2290; x_wconf 90' lang='lat' dir='ltr'>ad</span> <span class='ocrx_word' id='word_1_148' title='bbox 452 2225 730 2290; x_wconf 88' lang='lat' dir='ltr'>edictum</span> <span class='ocrx_word' id='word_1_149' title='bbox 790 2221 888 2309; x_wconf 82' lang='lat' dir='ltr'>(P.</span> <span class='ocrx_word' id='word_1_150' title='bbox 926 2222 1132 2309; x_wconf 80' lang='lat'><strong>5130).</strong></span> <span class='ocrx_word' id='word_1_151' title='bbox 1198 2261 1268 2270; x_wconf 90' lang='lat'><em>-</em></span> <span class='ocrx_word' id='word_1_152' title='bbox 1334 2276 1347 2291; x_wconf 91' lang='lat'><strong>.</strong></span> <span class='ocrx_word' id='word_1_153' title='bbox 1384 2274 1398 2288; x_wconf 91' lang='lat'><strong>.</strong></span> <span class='ocrx_word' id='word_1_154' title='bbox 1455 2225 1827 2302; x_wconf 82' lang='lat' dir='ltr'>videndum,</span> <span class='ocrx_word' id='word_1_155' title='bbox 1889 2224 1945 2287; x_wconf 84' lang='lat' dir='ltr'>si</span> <span class='ocrx_word' id='word_1_156' title='bbox 2002 2246 2346 2309; x_wconf 86' lang='lat' dir='ltr'>possessor</span> 
     </span>
     <span class='ocr_line' id='line_1_23' title="bbox 310 2311 2346 2397; baseline -0 -18"><span class='ocrx_word' id='word_1_157' title='bbox 310 2313 697 2380; x_wconf 89' lang='lat' dir='ltr'>hereditatis</span> <span class='ocrx_word' id='word_1_158' title='bbox 745 2311 1115 2376; x_wconf 81' lang='lat' dir='ltr'>venditione</span> <span class='ocrx_word' id='word_1_159' title='bbox 1159 2335 1275 2396; x_wconf 90' lang='lat' dir='ltr'>per</span> <span class='ocrx_word' id='word_1_160' title='bbox 1314 2312 1752 2397; x_wconf 86' lang='lat' dir='ltr'>argentarium</span> <span class='ocrx_word' id='word_1_161' title='bbox 1790 2313 1967 2378; x_wconf 89' lang='lat' dir='ltr'>facta</span> <span class='ocrx_word' id='word_1_162' title='bbox 2001 2314 2346 2397; x_wconf 87' lang='lat' dir='ltr'>pecuniam</span> 
     </span>
     <span class='ocr_line' id='line_1_24' title="bbox 314 2400 2346 2488; baseline -0 -21"><span class='ocrx_word' id='word_1_163' title='bbox 314 2401 486 2488; x_wconf 88' lang='lat' dir='ltr'>apud</span> <span class='ocrx_word' id='word_1_164' title='bbox 531 2423 677 2466; x_wconf 90' lang='lat' dir='ltr'>eum</span> <span class='ocrx_word' id='word_1_165' title='bbox 714 2401 1084 2485; x_wconf 86' lang='lat' dir='ltr'>perdiderit,</span> <span class='ocrx_word' id='word_1_166' title='bbox 1131 2424 1214 2465; x_wconf 90' lang='lat' dir='ltr'>an</span> <span class='ocrx_word' id='word_1_167' title='bbox 1253 2402 1567 2485; x_wconf 90' lang='lat' dir='ltr'>petitione</span> <span class='ocrx_word' id='word_1_168' title='bbox 1604 2400 1986 2467; x_wconf 86' lang='lat' dir='ltr'>hereditatis</span> <span class='ocrx_word' id='word_1_169' title='bbox 2023 2406 2346 2485; x_wconf 87' lang='lat' dir='ltr'>teneatur,</span> 
     </span>
     <span class='ocr_line' id='line_1_25' title="bbox 312 2490 2347 2575; baseline -0 -20"><span class='ocrx_word' id='word_1_170' title='bbox 312 2491 468 2575; x_wconf 88' lang='lat' dir='ltr'>quia</span> <span class='ocrx_word' id='word_1_171' title='bbox 511 2491 678 2555; x_wconf 89' lang='lat' dir='ltr'>nihil</span> <span class='ocrx_word' id='word_1_172' title='bbox 716 2490 918 2555; x_wconf 90' lang='lat' dir='ltr'>habet</span> <span class='ocrx_word' id='word_1_173' title='bbox 954 2511 1070 2554; x_wconf 89' lang='lat' dir='ltr'>nec</span> <span class='ocrx_word' id='word_1_174' title='bbox 1107 2493 1413 2574; x_wconf 84' lang='lat' dir='ltr'>consequi</span> <span class='ocrx_word' id='word_1_175' title='bbox 1451 2492 1685 2572; x_wconf 90' lang='lat' dir='ltr'>potest.</span> <span class='ocrx_word' id='word_1_176' title='bbox 1761 2491 1862 2555; x_wconf 89' lang='lat' dir='ltr'>et¹</span> <span class='ocrx_word' id='word_1_177' title='bbox 1896 2491 2113 2554; x_wconf 84' lang='lat' dir='ltr'>Labeo</span> <span class='ocrx_word' id='word_1_178' title='bbox 2151 2494 2347 2572; x_wconf 89' lang='lat' dir='ltr'>putat</span> 
     </span>
     <span class='ocr_line' id='line_1_26' title="bbox 312 2577 2346 2664; baseline -0.001 -20"><span class='ocrx_word' id='word_1_179' title='bbox 312 2603 458 2645; x_wconf 92' lang='lat' dir='ltr'>eum</span> <span class='ocrx_word' id='word_1_180' title='bbox 496 2580 719 2661; x_wconf 83' lang='lat' dir='ltr'>teneri,</span> <span class='ocrx_word' id='word_1_181' title='bbox 757 2579 912 2664; x_wconf 90' lang='lat' dir='ltr'>quia</span> <span class='ocrx_word' id='word_1_182' title='bbox 950 2601 1067 2643; x_wconf 88' lang='lat' dir='ltr'>suo</span> <span class='ocrx_word' id='word_1_183' title='bbox 1107 2579 1391 2660; x_wconf 90' lang='lat' dir='ltr'>periculo</span> <span class='ocrx_word' id='word_1_184' title='bbox 1430 2579 1597 2642; x_wconf 89' lang='lat' dir='ltr'>male</span> <span class='ocrx_word' id='word_1_185' title='bbox 1635 2579 2001 2664; x_wconf 85' lang='lat' dir='ltr'>argentario</span> <span class='ocrx_word' id='word_1_186' title='bbox 2043 2577 2346 2663; x_wconf 81' lang='lat' dir='ltr'>credidit3</span> 
     </span>
     <span class='ocr_line' id='line_1_27' title="bbox 313 2667 2343 2750; baseline -0.002 -15"><span class='ocrx_word' id='word_1_187' title='bbox 313 2671 424 2735; x_wconf 89' lang='lat' dir='ltr'>sed</span> <span class='ocrx_word' id='word_1_188' title='bbox 484 2670 849 2734; x_wconf 84' lang='lat' dir='ltr'>Octavenus</span> <span class='ocrx_word' id='word_1_189' title='bbox 917 2667 1011 2731; x_wconf 90' lang='lat' dir='ltr'>ait</span> <span class='ocrx_word' id='word_1_190' title='bbox 1075 2668 1237 2731; x_wconf 87' lang='lat' dir='ltr'>nihil</span> <span class='ocrx_word' id='word_1_191' title='bbox 1298 2688 1442 2730; x_wconf 89' lang='lat' dir='ltr'>eum</span> <span class='ocrx_word' id='word_1_192' title='bbox 1499 2672 1757 2749; x_wconf 90' lang='lat' dir='ltr'>praeter</span> <span class='ocrx_word' id='word_1_193' title='bbox 1810 2669 2098 2731; x_wconf 83' lang='lat' dir='ltr'>actiones</span> <span class='ocrx_word' id='word_1_194' title='bbox 2158 2687 2343 2750; x_wconf 89' lang='lat' dir='ltr'>prae·</span> 
     </span>
     <span class='ocr_line' id='line_1_28' title="bbox 312 2753 2345 2841; baseline -0.003 -18"><span class='ocrx_word' id='word_1_195' title='bbox 312 2762 665 2841; x_wconf 88' lang='lat' dir='ltr'>staturum,</span> <span class='ocrx_word' id='word_1_196' title='bbox 739 2757 821 2820; x_wconf 92' lang='lat' dir='ltr'>ob</span> <span class='ocrx_word' id='word_1_197' title='bbox 896 2757 1015 2820; x_wconf 89' lang='lat' dir='ltr'>has</span> <span class='ocrx_word' id='word_1_198' title='bbox 1089 2756 1291 2838; x_wconf 87' lang='lat' dir='ltr'>igitur</span> <span class='ocrx_word' id='word_1_199' title='bbox 1361 2754 1650 2819; x_wconf 88' lang='lat' dir='ltr'>actiones</span> <span class='ocrx_word' id='word_1_200' title='bbox 1711 2754 2028 2837; x_wconf 88' lang='lat' dir='ltr'>petitione</span> <span class='ocrx_word' id='word_1_201' title='bbox 2092 2753 2345 2818; x_wconf 89' lang='lat' dir='ltr'>heredi-</span> 
     </span>
     <span class='ocr_line' id='line_1_29' title="bbox 309 2847 743 2910; baseline -0.005 0"><span class='ocrx_word' id='word_1_202' title='bbox 309 2847 472 2910; x_wconf 91' lang='lat' dir='ltr'>tatis</span> <span class='ocrx_word' id='word_1_203' title='bbox 517 2847 743 2909; x_wconf 87' lang='lat' dir='ltr'>teneri.</span> 
     </span>
    </p>

    <p class='ocr_par' dir='ltr' id='par_1_9' title="bbox 310 2931 2345 3460">
     <span class='ocr_line' id='line_1_30' title="bbox 492 2931 2342 3015; baseline -0.001 -18"><span class='ocrx_word' id='word_1_204' title='bbox 492 2933 595 2998; x_wconf 79' lang='lat'>21.</span> <span class='ocrx_word' id='word_1_205' title='bbox 654 2933 732 2996; x_wconf 88' lang='lat' dir='ltr'>D.</span> <span class='ocrx_word' id='word_1_206' title='bbox 760 2934 821 3011; x_wconf 85' lang='lat'>5,</span> <span class='ocrx_word' id='word_1_207' title='bbox 850 2933 909 3014; x_wconf 84' lang='lat'>3,</span> <span class='ocrx_word' id='word_1_208' title='bbox 941 2932 1024 2996; x_wconf 87' lang='grc'>16</span> <span class='ocrx_word' id='word_1_209' title='bbox 1044 2954 1138 3014; x_wconf 89' lang='lat' dir='ltr'>pr.</span> <span class='ocrx_word' id='word_1_210' title='bbox 1228 2931 1546 3015; x_wconf 89' lang='lat' dir='ltr'>Ulpianus</span> <span class='ocrx_word' id='word_1_211' title='bbox 1599 2931 1766 2996; x_wconf 92' lang='lat' dir='ltr'>libro</span> <span class='ocrx_word' id='word_1_212' title='bbox 1817 2931 2044 3014; x_wconf 90' lang='lat' dir='ltr'>quinto</span> <span class='ocrx_word' id='word_1_213' title='bbox 2092 2931 2342 2996; x_wconf 88' lang='lat' dir='ltr'>decimo</span> 
     </span>
     <span class='ocr_line' id='line_1_31' title="bbox 316 3017 2345 3107; baseline -0.001 -21"><span class='ocrx_word' id='word_1_214' title='bbox 316 3022 397 3087; x_wconf 89' lang='lat' dir='ltr'>ad</span> <span class='ocrx_word' id='word_1_215' title='bbox 446 3021 726 3085; x_wconf 89' lang='lat' dir='ltr'>edictum</span> <span class='ocrx_word' id='word_1_216' title='bbox 773 3017 872 3106; x_wconf 88' lang='lat' dir='ltr'>(P.</span> <span class='ocrx_word' id='word_1_217' title='bbox 902 3017 1111 3107; x_wconf 74' lang='lat' dir='ltr'><strong>513b).</strong></span> <span class='ocrx_word' id='word_1_218' title='bbox 1159 3056 1243 3066; x_wconf 88' lang='lat'><strong>—</strong></span> <span class='ocrx_word' id='word_1_219' title='bbox 1293 3021 1478 3096; x_wconf 83' lang='lat' dir='ltr'>Quod</span> <span class='ocrx_word' id='word_1_220' title='bbox 1524 3020 1580 3084; x_wconf 87' lang='lat' dir='ltr'>si</span> <span class='ocrx_word' id='word_1_221' title='bbox 1626 3019 1696 3083; x_wconf 88' lang='lat' dir='ltr'>in</span> <span class='ocrx_word' id='word_1_222' title='bbox 1741 3020 1912 3084; x_wconf 91' lang='lat' dir='ltr'>diem</span> <span class='ocrx_word' id='word_1_223' title='bbox 1959 3019 2045 3083; x_wconf 89' lang='lat' dir='ltr'>sit</span> <span class='ocrx_word' id='word_1_224' title='bbox 2087 3020 2345 3086; x_wconf 84' lang='lat' dir='ltr'>debitor</span> 
     </span>
     <span class='ocr_line' id='line_1_32' title="bbox 313 3108 2343 3192; baseline -0.001 -17"><span class='ocrx_word' id='word_1_225' title='bbox 313 3111 417 3176; x_wconf 82' lang='lat' dir='ltr'>vel</span> <span class='ocrx_word' id='word_1_226' title='bbox 479 3110 595 3174; x_wconf 87' lang='lat' dir='ltr'>sub</span> <span class='ocrx_word' id='word_1_227' title='bbox 652 3109 1051 3190; x_wconf 91' lang='lat' dir='ltr'>condicione,</span> <span class='ocrx_word' id='word_1_228' title='bbox 1112 3132 1150 3172; x_wconf 93' lang='lat' dir='ltr'>a</span> <span class='ocrx_word' id='word_1_229' title='bbox 1206 3131 1332 3192; x_wconf 94' lang='lat' dir='ltr'>quo</span> <span class='ocrx_word' id='word_1_230' title='bbox 1388 3108 1595 3192; x_wconf 90' lang='lat' dir='ltr'>petita</span> <span class='ocrx_word' id='word_1_231' title='bbox 1650 3113 1750 3172; x_wconf 89' lang='lat' dir='ltr'>est</span> <span class='ocrx_word' id='word_1_232' title='bbox 1803 3108 2157 3192; x_wconf 77' lang='lat' dir='ltr'>hereditaS,</span> <span class='ocrx_word' id='word_1_233' title='bbox 2210 3131 2343 3173; x_wconf 93' lang='lat' dir='ltr'>non</span> 
     </span>
     <span class='ocr_line' id='line_1_33' title="bbox 312 3197 2343 3281; baseline -0.001 -18"><span class='ocrx_word' id='word_1_234' title='bbox 312 3199 546 3263; x_wconf 88' lang='lat' dir='ltr'>debere</span> <span class='ocrx_word' id='word_1_235' title='bbox 589 3220 734 3261; x_wconf 90' lang='lat' dir='ltr'>eum</span> <span class='ocrx_word' id='word_1_236' title='bbox 771 3197 1077 3262; x_wconf 83' lang='lat' dir='ltr'>damnari.</span> <span class='ocrx_word' id='word_1_237' title='bbox 1160 3199 1253 3262; x_wconf 91' lang='lat' dir='ltr'>rei</span> <span class='ocrx_word' id='word_1_238' title='bbox 1291 3197 1479 3280; x_wconf 86' lang='lat' dir='ltr'>plane</span> <span class='ocrx_word' id='word_1_239' title='bbox 1515 3197 1834 3262; x_wconf 87' lang='lat' dir='ltr'>iudicatae</span> <span class='ocrx_word' id='word_1_240' title='bbox 1870 3201 2128 3281; x_wconf 88' lang='lat' dir='ltr'>tempus</span> <span class='ocrx_word' id='word_1_241' title='bbox 2166 3219 2343 3281; x_wconf 87' lang='lat' dir='ltr'>spec-</span> 
     </span>
     <span class='ocr_line' id='line_1_34' title="bbox 313 3285 2341 3370; baseline -0.002 -18"><span class='ocrx_word' id='word_1_242' title='bbox 313 3287 581 3352; x_wconf 83' lang='lat' dir='ltr'>tandum</span> <span class='ocrx_word' id='word_1_243' title='bbox 639 3307 778 3350; x_wconf 86' lang='lat' dir='ltr'>esse</span> <span class='ocrx_word' id='word_1_244' title='bbox 825 3287 1174 3351; x_wconf 87' lang='lat' dir='ltr'>secundum</span> <span class='ocrx_word' id='word_1_245' title='bbox 1221 3285 1534 3351; x_wconf 87' lang='lat' dir='ltr'>Octaveni</span> <span class='ocrx_word' id='word_1_246' title='bbox 1581 3285 1996 3369; x_wconf 88' lang='lat' dir='ltr'>sententiam,</span> <span class='ocrx_word' id='word_1_247' title='bbox 2051 3288 2126 3350; x_wconf 88' lang='lat' dir='ltr'>ut</span> <span class='ocrx_word' id='word_1_248' title='bbox 2172 3285 2341 3370; x_wconf 88' lang='lat' dir='ltr'>apud</span> 
     </span>
     <span class='ocr_line' id='line_1_35' title="bbox 310 3375 1909 3460; baseline -0.001 -21"><span class='ocrx_word' id='word_1_249' title='bbox 310 3375 741 3460; x_wconf 91' lang='lat' dir='ltr'>Pomponium</span> <span class='ocrx_word' id='word_1_250' title='bbox 791 3375 1102 3460; x_wconf 90' lang='lat' dir='ltr'>scriptum</span> <span class='ocrx_word' id='word_1_251' title='bbox 1154 3379 1279 3459; x_wconf 87' lang='lat' dir='ltr'>est,</span> <span class='ocrx_word' id='word_1_252' title='bbox 1328 3397 1412 3440; x_wconf 88' lang='lat' dir='ltr'>an</span> <span class='ocrx_word' id='word_1_253' title='bbox 1460 3375 1594 3438; x_wconf 90' lang='lat' dir='ltr'>dies</span> <span class='ocrx_word' id='word_1_254' title='bbox 1643 3375 1909 3438; x_wconf 85' lang='lat' dir='ltr'>venerit.</span> 
     </span>
    </p>
   </div>
   <div class='ocr_carea' id='block_1_9' title="bbox 455 3505 774 3561">
    <p class='ocr_par' dir='ltr' id='par_1_10' title="bbox 455 3505 774 3561">
     <span class='ocr_line' id='line_1_36' title="bbox 455 3505 774 3561; baseline -0.003 0"><span class='ocrx_word' id='word_1_255' title='bbox 455 3512 483 3560; x_wconf 94' lang='lat'><strong>1</strong></span> <span class='ocrx_word' id='word_1_256' title='bbox 526 3505 622 3561; x_wconf 86' lang='lat' dir='ltr'>Fl.</span> <span class='ocrx_word' id='word_1_257' title='bbox 660 3507 774 3561; x_wconf 86' lang='lat' dir='ltr'>sed.</span> 
     </span>
    </p>
   </div>
  </div>
 </body>
</html>
