2575 3900
787 186 836 234 6.
885 179 1300 235 IAVOLENUS
1336 180 1635 235 PRISCUS
2086 182 2211 247 451

157 344 370 409 nium
386 338 410 377 ¹
455 342 764 407 alluvione
803 342 975 423 facta
1019 344 1334 407 restitutus
1377 347 1488 421 est,
1550 344 1810 408 servitus
1861 364 2093 426 quoque.
2146 347 2217 409 in

145 432 529 518 pristimum
571 436 798 496 statum
843 433 1218 509 restituitur;
1264 433 1428 513 quod
1466 433 1526 498 si
1568 434 1639 496 id
1681 437 1917 514 tempus
1942 438 2217 514 praeter·

156 522 356 605 ierit,
415 524 487 584 ut
535 522 792 585 servitu-s
845 521 1196 599 amittatur,
1248 541 1541 585 renovare
1595 542 1731 585 eam
1774 523 2070 603 coyendus
2112 528 2215 588 est.

368 607 480 674 54.
544 608 623 673 D.
650 609 801 674 ibid.
832 611 872 689 ἓ
906 610 964 674 1.
1008 646 1097 656 -
1143 608 1301 674 Cum
1352 611 1458 674 via
1504 610 1756 691 publica
1798 611 1891 675 vel
1932 611 2218 692 fluminis

156 702 424 781 impetu
485 698 576 763 vel
644 699 838 763 ruina
900 700 1136 763 amissa
1197 705 1309 782 est,
1370 700 1611 764 vicinus
1659 700 1987 781 proximus
2046 702 2217 766 viam

149 792 509 872 praestare
551 788 731 852 debet.

363 875 474 941 55.
523 875 596 939 D.
617 876 723 954 43,
754 876 855 959 11,
880 876 938 940 2.
1010 874 1356 940 Iavolenus
1383 877 1551 941 libro
1580 876 1826 941 decimo
1858 898 1935 941 ex
1950 875 2212 944 Cassio.

160 1003 263 1013 —-
333 964 528 1030 Viam
580 965 898 1046 publicam
945 965 1219 1047 populus
1280 985 1407 1029 non
1468 967 1691 1030 utendo
1752 967 2027 1031 amittere
2088 988 2216 1032 non

145 1059 478 1208 POtescssss.
538 1142 615 1206 D.
652 1143 757 1224 39,
794 1143 854 1223 3,
894 1144 975 1208 18
1006 1163 1104 1225 pr.
1199 1140 1545 1206 Iavolenus
1608 1142 1775 1208 libro
1833 1142 2078 1208 decimo
2136 1167 2215 1209 ex

168 1231 442 1299 Cassia
478 1267 554 1278 —
587 1230 662 1296 Si
697 1233 768 1295 in
793 1230 1038 1313 publico
1073 1250 1224 1313 opus
1255 1230 1493 1311 factum
1526 1236 1629 1314 est,
1665 1252 1783 1313 quo
1808 1252 1975 1313 aqua
1988 1234 2215 1314 pluvia

158 1325 449 1404 noceret,
513 1322 619 1402 aqi
678 1340 806 1385 non
854 1325 1084 1402 potest,·
1148 1321 1577 1385 interveniente
1640 1321 1763 1385 loco
1806 1321 2054 1402 publico
2108 1323 2214 1404 aqi

147 1411 422 1494 poterit.
523 1429 714 1474 causa
771 1409 902 1473 eius
951 1409 1048 1474 rei
1097 1406 1244 1473 haec
1296 1414 1408 1491 est,
1462 1409 1625 1490 quod
1674 1429 1747 1472 ea
1799 1412 2033 1475 actione
2085 1431 2212 1475 non

160 1504 426 1565 tenetur
469 1499 596 1562 nisi-
640 1498 926 1563 dominus
968 1499 1150 1563 solus.

361 1588 500 1652 56⁸.
555 1586 634 1649 D.
661 1586 816 1651 ibid.
845 1589 885 1666 ξ
918 1589 976 1652 1.
1026 1623 1102 1632 -
1155 1584 1306 1651 Sine
1338 1586 1652 1669 permissu
1687 1588 1995 1669 principis
2042 1609 2211 1671 aqua

146 1699 278 1761 per
324 1677 505 1741 viam
543 1674 858 1755 publicam
899 1676 1042 1740 duci
1085 1695 1212 1739 non
1245 1679 1460 1756 potest.

365 1764 477 1830 57.
525 1761 602 1828 D.
623 1765 683 1841 8,
711 1764 770 1845 2,
802 1764 903 1828 12.
976 1763 1320 1828 Iavolenus
1363 1763 1531 1827 libro
1570 1762 1817 1828 decimo
1856 1784 1933 1827 ex
1963 1763 2209 1830 Οειεεὶο.

174 1890 257 1903 ⁴—-
315 1853 660 1935 Aedifc'cia‚
714 1874 870 1934 quae
920 1854 1268 1918 servitutem
1315 1853 1645 1935 patiantur
1696 1872 1773 1917 ne
1824 1854 1976 1935 quid
2020 1855 2211 1920 altius

161 1946 467 2023 tollatur,
521 1943 751 2007 viridia
802 1962 998 2025 supra
1051 1963 1186 2006 eam
1229 1942 1623 2007 altitudinem
1664 1940 1882 2007 habere
1916 1950 2207 2025 possunt:

163 2040 238 2100 at
281 2035 344 2099 si
391 2034 470 2098 de
501 2037 826 2114 prospectu
868 2036 956 2097 est
997 2052 1182 2113 eaque
1218 2032 1536 2096 obstatura
1570 2036 1729 2115 sunt,
1775 2053 1901 2096 non
1929 2038 2207 2114 possunt.

359 2121 470 2186 58.
529 2120 602 2184 D.
635 2121 695 2203 8,
721 2122 783 2202 4,
808 2122 869 2185 4.
952 2121 1294 2185 Iavolenus
1342 2119 1512 2184 libro
1560 2120 1804 2185 decimo
1842 2143 1919 2185 ex
1958 2117 2204 2186 Cassio.

169 2247 258 2257 —
312 2209 540 2277 Caveri
591 2214 664 2274 ut
704 2211 790 2274 ad
830 2214 1055 2274 certam
1100 2209 1490 2274 altit-udinem
1534 2214 1993 2274 monumentum
2038 2212 2206 2275 aeoli-

165 2302 412 2384 ficetur‚
457 2320 584 2363 non
607 2303 824 2381 potest,
863 2299 1013 2379 quia
1061 2299 1131 2361 id
1162 2299 1327 2380 quod
1358 2298 1621 2362 humani
1654 2299 1817 2362 iuris
1850 2318 1974 2364 esse
2008 2300 2206 2380 desiit,

166 2390 533 2453 servitutem
599 2408 728 2451 non
785 2388 1032 2468 recipit;
1104 2388 1264 2452 sicut
1324 2407 1402 2451 ne
1465 2387 1582 2451 illa
1642 2387 1887 2469 quidem
1944 2389 2207 2452 servitus

167 2478 503 2542 consistere
533 2481 748 2557 potest,
793 2481 864 2540 ut
897 2479 1094 2540 certus
1129 2495 1425 2541 numerus
1459 2475 1777 2540 hominum
1812 2477 1884 2538 in
1918 2497 2043 2541 uno
2080 2478 2204 2542 loco

171 2565 485 2629 humetur.

1017 2729 1236 2789 Liber
1271 2729 1373 2788 XI.

357 2853 488 2912 Hoc
531 2853 685 2913 libro
731 2873 866 2914 cum
910 2853 1260 2913 Iavolenum
1306 2854 1380 2912 de
1415 2852 1742 2929 piscatione
1789 2873 1942 2930 quae
1994 2853 2091 2914 vel
2137 2855 2201 2913 in

171 2942 332 3001 mari
377 2942 477 3001 vel
521 2942 584 3000 in
631 2943 766 3002 lacu
801 2941 870 3001 fit
915 2943 1131 3000 dixisse
1169 2943 1241 3001 D.
1275 2945 1374 3014 50,
1410 2944 1508 3019 16,
1542 2944 1666 3000 112
1716 2943 1863 3002 satis
1900 2943 2199 3004 indicetur

173 3035 234 3089 et
274 3049 485 3090 earum
521 3049 754 3108 quoque
788 3049 988 3090 rerum
1026 3031 1247 3090 mentio
1285 3032 1410 3107 fiat,
1448 3049 1599 3108 quae
1639 3051 1671 3092 e
1707 3031 1959 3092 navibus
1990 3033 2200 3109 deper-

176 3117 342 3178 ditae
407 3120 472 3177 in
533 3119 814 3195 piscando
880 3138 952 3178 ex
1012 3119 1165 3178 mari
1229 3121 1627 3178 extrahuntur
1689 3120 1761 3180 D.
1818 3123 1922 3198 41,
1986 3125 2037 3194 1,
2098 3123 2199 3200 58,

175 3206 249 3264 de
296 3208 503 3285 rebus»,
558 3227 710 3286 quae
757 3208 1096 3284 occupando
1144 3208 1573 3287 adquiruntur,
1621 3209 1694 3269 de
1739 3209 1957 3285 quibus
2009 3209 2195 3270 Gaius

183 3295 242 3372 2,
272 3297 538 3356 66—69
588 3297 763 3375 dixit,
810 3301 1012 3357 actum
1057 3296 1244 3357 fuisse
1291 3298 1624 3372 putandum
1670 3301 1779 3358 est.

185 3485 410 3608 suffitlzit
407 3482 555 3540 Trib
610 3483 760 3539 mtra
820 3489 1040 3556 tempus
1108 3483 1258 3552 quod
1312 3485 1383 3538 ad
1444 3483 1815 3540 amittendam
1869 3484 2199 3540 servitutem

1668 3643 1780 3698 29*
