2575 3900
380 153 466 216 32
522 153 615 208 111.
644 153 796 208 GAII
824 153 1117 210 CLAUDII
1142 153 1411 209 NERON.
1439 153 1726 210 GALBAE
1746 154 2174 212 TEMP.1UR.IS
2194 155 2398 212 CONS.

379 342 435 397 p.
466 315 654 401 401),
711 341 843 382 cum
892 321 1157 382 Iavoleni
1214 323 1402 382 libros
1447 342 1520 382 ex
1566 322 1771 383 Cassio
1817 323 2009 384 factos
2054 323 2400 384 adhibuisse

383 411 529 470 satis
574 409 837 488 duceret,
885 409 1077 470 Cassii
1115 411 1241 470 illis
1286 411 1459 471 libris
1503 431 1623 472 non
1667 413 1861 489 magis
1904 431 2052 472 usus
2090 415 2182 472 est
2217 432 2400 490 quam

378 499 653 577 Masurii3
698 499 967 559 Iavoleni
1002 501 1160 560 solos
1195 501 1259 558 in
1295 503 1609 560 auctorum
1641 501 1833 560 indice
1868 501 2139 560 nominat
2176 495 2402 583 (Ἰανο-

379 589 522 648 lenu
567 608 639 648 ex
684 587 890 648 Cassio
934 588 1135 666 βιβλία
1178 581 1570 671 δεκαπέντε’).

556 677 987 754 Praeterquam
1050 679 1211 755 quod
1269 676 1543 737 Cassium
1606 679 1810 754 plures
1875 696 2056 754 quam
2111 679 2400 738 Sabinum

376 766 562 827 libros
608 766 916 843 scripsisse
963 766 1102 825 inde
1148 770 1427 845 apparet,
1475 768 1635 845 quod
1677 768 1965 827 laudatur
2009 767 2164 826 liber
2206 767 2279 846 X,
2325 768 2398 827 de

378 875 623 916 numero
668 855 821 914 nihil
866 859 1125 931 constat3
1173 856 1456 915 Karlowa
1489 855 1522 914 I
1557 875 1615 932 p.
1647 857 1772 916 692
1813 855 2002 916 Cassii
2045 855 2232 917 libros
2277 875 2400 916 non

378 944 689 1021 pauciores
735 963 915 1021 quam
950 944 1237 1021 Iavoleni,
1284 949 1350 1004 at
1385 945 1663 1022 Krueger
1705 965 1762 1020 p.
1797 946 1922 1005 154
1961 944 2153 1004 multo
2191 945 2400 1021 plures

376 1033 561 1093 fuisse
608 1033 927 1093 existimat.

553 1121 641 1181 De
706 1140 905 1181 rerum
970 1123 1175 1181 ordine
1240 1142 1277 1182 a
1332 1121 1540 1182 Cassio
1605 1124 1836 1182 statuto
1900 1122 2048 1182 haec
2103 1123 2403 1183 monenda

376 1214 532 1270 sunt.
633 1229 769 1270 cum
826 1209 1082 1271 secundo
1136 1211 1293 1271 libro
1348 1211 1422 1270 de
1474 1209 1807 1270 hereditate
1859 1205 2032 1270 iussu
2083 1211 2307 1271 tutoris
2364 1232 2404 1272 a

372 1299 605 1377 pupillo
670 1300 963 1359 cernenda
1027 1299 1306 1359 videatur
1369 1299 1587 1358 dixisse
1653 1294 1751 1378 (D.
1792 1300 1904 1372 29,
1953 1301 2021 1377 2,
2060 1302 2170 1376 25,
2209 1303 2269 1359 4.
2309 1295 2402 1380 5),

374 1389 531 1448 libro
578 1385 690 1464 VI,
736 1389 788 1448 si
833 1388 1077 1466 quidem
1119 1407 1407 1447 numerus
1451 1388 1686 1466 integer
1730 1390 1849 1460 est,
1895 1387 1967 1447 de
2011 1391 2216 1448 tutore
2260 1389 2401 1449 ideo

376 1497 413 1536 a
456 1477 687 1555 pupillo
731 1479 947 1555 petito,
1005 1477 1164 1554 quod
1210 1497 1348 1536 cum
1394 1481 1595 1536 tutore
1643 1494 1749 1535 suo
1795 1477 1929 1552 lege
1975 1480 2082 1536 aut
2125 1477 2402 1555 legitimo

372 1567 592 1626 iudicio
639 1586 815 1645 agere
860 1566 996 1628 vult
1042 1559 1144 1648 (D.
1175 1568 1277 1643 26,
1312 1569 1367 1642 1,
1399 1568 1456 1642 3,
1487 1557 1574 1646 2),
1625 1565 1781 1623 libro
1819 1564 1937 1624 VII
1981 1565 2052 1624 de
2096 1566 2404 1626 bonorum

373 1655 747 1730 possessione
776 1653 851 1713 ab
882 1655 1270 1730 emancipatis
1299 1654 1490 1731 petita
1518 1645 1621 1735 (D.
1645 1655 1746 1730 37,
1771 1656 1827 1730 6,
1849 1656 1906 1730 2,
1933 1646 2022 1733 5),
2057 1653 2225 1713 libris
2245 1655 2405 1716 VIII

375 1747 437 1802 et
488 1744 543 1801 X
607 1744 678 1803 de
741 1744 1065 1803 usufructu
1130 1745 1359 1821 legat0,
1424 1743 1568 1821 quin
1627 1742 1820 1819 primo
1875 1743 2030 1802 libro
2083 1742 2157 1802 de
2211 1747 2403 1804 testa-

372 1833 607 1908 mentis,
651 1850 807 1892 nono
856 1837 1057 1891 autem
1101 1832 1249 1891 item
1296 1832 1368 1891 de
1415 1832 1734 1891 usufructu
1777 1832 1980 1908 legato
2027 1831 2402 1911 disseruerit,

373 1920 640 1982 dubitari
683 1921 909 1999 nequit.

549 2010 792 2070 Decimo
831 2010 983 2069 libro
1014 2029 1163 2086 opus
1199 2028 1322 2069 non
1353 2010 1700 2069 absolutum
1727 2009 1911 2068 fuisse
1939 2009 2087 2069 satis
2115 2015 2404 2091 apparet3

370 2099 787 2176 imperfectum
834 2102 1035 2159 autem
1082 2116 1233 2174 opus
1282 2117 1320 2157 a
1355 2097 1561 2157 Cassio
1607 2098 1887 2156 relictum
1932 2115 2080 2174 esse,
2123 2098 2187 2155 id
2233 2101 2407 2175 quod

375 2189 508 2265 quis
553 2188 895 2262 coniecerit,
943 2188 1324 2263 improbatur
1368 2187 1538 2245 libris
1587 2205 1658 2244 ex
1706 2184 1908 2245 Cassio
1955 2186 2242 2265 Iavoleni,
2289 2190 2406 2265 qui

373 2280 534 2335 certe
594 2277 658 2336 in
719 2278 815 2337 his
879 2277 1052 2335 libris
1115 2295 1234 2335 non
1299 2275 1474 2334 modo
1540 2274 1612 2332 de
1675 2274 2080 2351 testamentiS,
2153 2276 2406 2355 legatis,

369 2366 663 2425 bonorum
707 2366 1097 2443 possessione,
1143 2364 1247 2422 sed
1295 2363 1479 2422 etiam
1525 2363 1595 2421 de
1636 2362 1892 2440 dotibus,
1937 2363 2164 2440 tutelis,
2211 2365 2407 2441 adop-

369 2454 658 2533 tionibuS,
706 2455 1002 2531 emptione
1047 2451 1388 2513 venditione
1437 2453 1497 2510 et
1542 2452 1921 2527 usucapione,
1967 2451 2039 2511 de
2086 2453 2405 2513 servituti-

370 2541 500 2620 buS,
525 2543 879 2620 interdictis,
908 2541 1160 2617 delictis,
1190 2541 1485 2601 bonorum
1510 2540 1852 2600 venditione
1882 2539 2049 2599 dixit.
2099 2542 2406 2604 accedunt

370 2650 489 2691 non
532 2634 703 2693 nulla
749 2633 1091 2709 fragmenta
1132 2631 1230 2691 vel
1276 2630 1500 2708 integri
1543 2628 1708 2705 libri,
1766 2628 1982 2705 quibus
2041 2629 2188 2706 quid
2232 2635 2399 2691 trae·

368 2724 570 2780 tatum
615 2723 711 2795 sit,
759 2721 953 2779 adhuc
997 2739 1116 2779 non
1162 2720 1310 2779 satis
1357 2719 1662 2795 cognitum
1709 2722 1816 2776 est.

545 2809 756 2880 Lenel,
812 2809 914 2884 qui
971 2810 1165 2865 multa
1216 2808 1281 2865 in
1325 2807 1591 2867 Iavoleni
1643 2805 1737 2864 his
1792 2805 1963 2864 libris
2019 2806 2082 2864 in
2138 2806 2403 2871 obscuro

368 2913 674 2954 remanere
731 2895 844 2971 ait,
900 2895 1165 2953 dubitari
1209 2914 1383 2970 posse
1429 2896 1757 2970 existimat,
1821 2887 1923 2952 ‘an
1969 2914 2159 2953 unum
2204 2897 2408 2959 fuerit

370 2980 563 3041 Cassii
626 3000 775 3058 opus
840 2984 999 3060 quod
1058 2983 1376 3043 Iavolenus
1443 2977 1852 3060 excerpserit'3
1917 2976 2003 3042 ‘et
2068 2982 2406 3067 equidem',

367 3070 566 3147 inquit
617 3072 712 3131 vir
758 3071 1164 3150 doctissimus,
1213 3067 1475 3133 ‘facilius
1520 3072 1793 3149 inducor,
1851 3074 1921 3131 ut
1969 3073 2210 3132 credam
2254 3081 2408 3149 post

368 3158 556 3218 libros
628 3159 701 3219 de
773 3160 902 3219 iure
967 3161 1129 3221 civili
1193 3162 1377 3221 etiam
1441 3160 1774 3239 singulares
1840 3160 2132 3238 quosdam
2198 3161 2406 3224 Cassii

369 3247 556 3308 libros
609 3247 673 3306 in
725 3248 878 3308 hanc
934 3250 1233 3325 epitomen
1288 3270 1416 3311 esse
1467 3243 1780 3309 redactos’.
1873 3252 1938 3307 at
1983 3268 2178 3327 neque
2224 3252 2403 3327 quic-

371 3355 549 3412 quam
619 3337 823 3396 indicii
885 3343 1001 3419 est,
1074 3339 1364 3400 eiusmodi
1431 3340 1617 3399 libros
1681 3338 2014 3415 singulares
2079 3358 2116 3397 a.
2181 3338 2404 3403 Cassio

370 3425 613 3486 emissos
678 3444 806 3486 esse
867 3447 1055 3506 neque
1120 3430 1251 3506 ipsa
1313 3428 1568 3488 materia
1618 3426 1885 3486 Iavoleni
1947 3427 2240 3488 librorum
2295 3450 2404 3490 ex-

368 3516 698 3576 tremorum
743 3517 935 3594 qualis
982 3518 1220 3595 quidem
1267 3517 1660 3595 cognoscitur,
1707 3516 1814 3574 illa
1860 3516 2204 3576 coniectura
2241 3521 2404 3581 satis
