2575 3900
47 315 49 340 ,
799 287 849 335 4.
886 278 945 335 c,
975 279 1263 336 cAssms
1302 278 1668 335 sonemus
2155 279 2242 344 55

47 431 50 537 ξ
242 442 429 506 libras
488 463 649 526 quas
706 442 1117 527 adpenderis,
1174 445 1286 506 aut
1339 443 1406 506 in
1455 442 1716 527 singula
1760 463 2032 526 corpora
2077 463 2242 526 quae

241 531 763 596 adnumeraveris.

412 621 518 684 72.
566 619 717 685 Vat.
746 620 823 684 fr.
858 621 914 684 1.
948 656 1021 668 —
1055 618 1224 702 <Qui
1254 641 1294 684 a
1321 619 1631 704 muliere>
1660 619 1798 684 sine
1826 619 2061 684 tutoris
2101 640 2242 684 aue·

242 709 497 773 toi-itate
572 707 783 773 sciens
855 729 990 773 rem
1063 708 1347 793 mancipi
1413 708 1568 772 emit
1631 708 1732 772 vel
1793 707 1960 772 falso
2025 711 2242 772 tutore

243 801 489 862 auctore
546 818 737 881 quem
794 797 941 861 sciit
996 817 1126 861 non
1184 817 1352 879 esse,
1405 819 1536 862 non
1590 795 1841 862 videtur
1893 797 2068 860 bona
2116 795 2240 860 fide

240 887 474 950 emisse.
540 885 758 970 itaque
803 888 869 950 et
904 889 1154 950 veteres
1192 889 1431 970 putant
1467 890 1531 950 et
1558 882 1836 950 Sabinus
1875 888 1940 949 et
1978 883 2240 950 Cassius

238 974 534 1038 scribunt.

844 1069 932 1124 De
964 1069 1141 1137 fundo
1176 1074 1351 1140 empto
1385 1069 1620 1124 vendito.

403 1178 509 1242 73.
583 1175 665 1241 D.
711 1179 817 1262 43,
861 1179 967 1260 24,
1015 1179 1117 1263 11,
1165 1179 1267 1244 12.
1374 1178 1702 1262 ΠΙΡίεωιιει
1756 1176 1924 1241 libro
1989 1179 2240 1260 septua-

232 1267 523 1348 gensimo
578 1266 788 1349 primo
846 1268 925 1330 ad
983 1266 1259 1332 edictum
1321 1263 1418 1352 (P.
1459 1264 1675 1349 1597).
1723 1301 1807 1310 -—
1864 1263 2115 1350 (Fundo
2171 1265 2240 1330 in

233 1353 393 1418 diem
452 1354 737 1433 addicto,
793 1356 849 1419 si
906 1354 1059 1440 quid
1105 1355 1317 1440 operis
1365 1357 1428 1420 vi
1476 1359 1588 1420 aut
1632 1355 1796 1418 clam
1841 1352 2087 1418 factum
2135 1354 2240 1437 sit,

232 1444 519 1526 quaestio
578 1448 677 1508 est
720 1445 889 1508 inter
933 1441 1230 1508 Cassium
1278 1447 1345 1508 et
1387 1442 1733 1521 Iulianum,
1789 1442 2107 1507 venditori
2154 1464 2239 1508 an

232 1532 504 1616 emptori
560 1531 686 1598 hoc
736 1531 1147 1597 interdictum
1195 1528 1567 1616 competat).
1656 1532 1846 1615 plane
1894 1531 1949 1595 si
1993 1534 2238 1614 postea,

231 1641 419 1702 quam
466 1621 694 1685 melior
740 1620 1029 1686 condicio
1076 1621 1278 1686 allata
1325 1624 1440 1704 est,
1486 1619 1725 1704 aliquid
1773 1620 1982 1703 operis
2025 1619 2092 1684 vi
2127 1623 2240 1684 aut

228 1708 393 1772 elam
448 1707 697 1773 factum
753 1709 865 1791 sit,
928 1730 1046 1774 nec
1096 1708 1388 1774 Iulianus
1444 1708 1769 1774 dubitaret
1822 1707 2236 1772 interdictum

228 1796 552 1862 venditori
607 1802 995 1883 competere3
1048 1818 1201 1862 nam
1249 1797 1419 1862 inter
1465 1795 1759 1863 Cassium
1805 1800 1870 1861 et
1913 1795 2237 1861 Iulianum

228 1884 300 1948 de
335 1885 475 1969 illo,
519 1885 690 1972 quod
727 1886 938 1951 medio
985 1891 1275 1969 tempore
1322 1886 1568 1968 accidit,
1616 1885 1907 1971 quaestio
1947 1888 2066 1970 est,
2109 1907 2237 1951 non

228 1973 298 2039 de
345 1997 423 2039 eo
471 1975 642 2059 quod
686 1980 915 2060 postea
960 1976 1256 2060 contigit.

400 2088 863 2171 ‘compilatores
916 2096 1069 2155 hanc
1122 2097 1243 2171 ξω
1297 2095 1660 2155 contraxisse
1705 2095 2013 2173 videntur3
2077 2113 2234 2155 com·

222 2184 398 2257 plura
443 2183 604 2243 enim
647 2185 1045 2260 suspicionem
1088 2177 1353 2245 movent'
1399 2184 1584 2243 Lenel
1627 2184 1690 2243 P.

848 2353 936 2409 De
969 2355 1124 2409 domo
1159 2359 1338 2425 empta
1371 2354 1607 2409 vendita.

400 2462 502 2525 74.
547 2459 628 2525 D.
663 2462 850 2547 18,1,
880 2462 962 2527 57
980 2484 1076 2546 pr.
1150 2461 1390 2528 Paulus
1434 2463 1601 2528 libro
1650 2462 1876 2547 quinto
1926 2461 2006 2526 ad
2046 2461 2233 2525 Plau-

220 2550 381 2613 tium
433 2546 533 2635 (P.
576 2546 794 2639 1116).
846 2586 921 2597 —
969 2549 1251 2616 Domum
1301 2552 1456 2638 emi,
1510 2573 1654 2617 cum
1703 2572 1845 2615 eam
1890 2555 1955 2615 et
2001 2571 2120 2635 ego
2167 2554 2234 2615 et

216 2637 520 2703 venditor
602 2640 1007 2705 combustam
1082 2640 1545 2724 ignoraremus.
1662 2637 1880 2702 Nerva
1953 2636 2230 2703 Sabinus

216 2724 484 2791 Cassius
521 2726 683 2791 nihil
720 2729 990 2811 venisse,
1037 2728 1330 2813 quamvis
1369 2748 1520 2791 area
1555 2731 1829 2806 maneat,
1865 2727 2229 2811 pecuniam·

215 2836 345 2899 que
390 2816 673 2881 solutam
719 2817 965 2883 condici
1010 2838 1198 2902 posse
1244 2815 1442 2881 aiunt.

798 2991 885 3046 De
917 2992 1192 3061 mancipio
1228 2996 1400 3061 empto
1435 2990 1665 3045 vendite.

49 3091 54 3137 ³
396 3096 501 3164 75.
544 3098 625 3164 D.
652 3099 759 3182 21,
791 3102 850 3181 1,
879 3098 983 3183 65,
1016 3102 1071 3166 1.
1151 3098 1500 3165 Venuleius
1547 3100 1713 3164 libro
1751 3100 1974 3185 quinto
2013 3098 2229 3163 Actio·

49 3140 54 3285 ἶ
206 3208 369 3252 num
416 3185 517 3274 (P.
556 3184 649 3275 2).
698 3222 774 3235 -·
827 3188 1136 3265 Quotiens
1192 3191 1455 3254 morbus
1508 3190 1790 3255 sonticus
1836 3187 2226 3265 nominatur,

208 3297 365 3341 eum
412 3276 768 3361 significari
815 3275 1077 3342 Cassius
1124 3278 1232 3362 ait,
1278 3278 1389 3363 qui
1434 3280 1688 3363 noceat3
1731 3297 1961 3342 nocere
2009 3278 2226 3340 autem

49 3346 52 3402 Δ
204 3365 527 3449 intellegi,
574 3366 685 3449 qui
727 3371 1072 3451 perpetuus
1120 3371 1237 3449 est,
1260 3368 1262 3373 ’
1283 3388 1415 3432 non
1462 3366 1573 3451 qui
1607 3369 1896 3449 tempore
1932 3363 2226 3445 finiatur3

205 3455 315 3519 sed
389 3453 688 3519 morbum
756 3454 1074 3522 sonticum
1138 3477 1283 3519 eum
1347 3454 1575 3533 videri,
1639 3454 1748 3538 qui
1803 3452 2102 3517 inciderit
2153 3451 2225 3515 in

202 3540 547 3607 hominem
620 3548 959 3627 postquam
1023 3543 1080 3609 is
1144 3550 1336 3609 natus
1403 3544 1511 3625 sit3
1595 3548 1812 3607 sontes
1876 3540 2048 3605 enim
2112 3561 2226 3605 no-

205 3635 430 3697 centes
478 3630 624 3695 dici.
1735 3658 1748 3669 ·
