2575 3900
1001 181 1050 235 7.
1085 178 1464 236 PROCULUS
2111 178 2238 244 123

213 343 690 429 quinquaginta
756 343 1169 409 sestertiorum
1238 340 1459 408 milia¹
1527 343 1746 428 legata
1818 344 1970 407 sunt
2041 340 2238 407 Titio.

214 453 511 518 quaero,
470 429 495 468 ²
560 436 780 497 utrum
828 434 894 496 et
938 431 1410 534 quinquaginta
1452 433 1862 498 sestertiorum
1898 425 2114 496 milia⁸
2151 449 2238 494 an

213 525 479 587 eentum
526 521 861 585 dumtaxat
904 520 1241 585 habiturus
1288 520 1396 585 sit.
1403 517 1432 558 ⁴·

395 608 709 675 Proculus
754 607 1112 693 respondit.
1155 609 1225 674 in
1268 609 1378 674 hoc
1421 629 1570 675 casu
1612 610 1814 692 mayis
1851 608 2056 674 heredi
2081 627 2237 689 par-

211 699 474 764 cendam
508 703 612 781 est,
648 699 895 780 ideoque
930 702 1253 780 utrumque
1288 698 1551 781 leyatam
1576 699 1749 764 nullo
1775 699 1950 763 modo
1977 695 2238 779 debetur,

210 788 323 854 sed
364 788 786 852 tantummodo
830 787 1243 852 sestertiorum
1287 787 1486 853 milia.

510 963 609 1029 De
650 963 1103 1046 mancipatione
1145 967 1204 1028 et
1245 964 1543 1046 emptione
1584 964 1944 1029 venditione.

399 1089 503 1154 24.
549 1087 627 1152 D.
647 1085 754 1172 50,
777 1088 877 1170 16,
899 1088 1045 1153 126.
1118 1086 1299 1152 Idem
1335 1087 1451 1172 (se.
1477 1085 1815 1173 Proculus)
1849 1088 2015 1153 libro
2054 1089 2236 1152 sexto

216 1176 685 1261 Epistularum.
723 1213 808 1223 —
847 1175 934 1260 Si,
981 1198 1127 1241 cum
1174 1175 1441 1241 fundum
1489 1176 1610 1242 tibi
1649 1177 1959 1258 mancipio
1997 1175 2236 1258 darem,

218 1265 437 1352 legem
508 1265 605 1330 ita
674 1263 808 1330 dixi
876 1262 995 1328 ‘uti
1059 1265 1343 1348 optimus
1407 1265 1849 1349 maximusque
1913 1261 2107 1331 esset'
2171 1269 2237 1328 et

220 1349 484 1418 adieci‘
487 1352 587 1417 ius
624 1351 807 1417 fundi
846 1352 1127 1418 deterius
1167 1353 1410 1418 factum
1437 1375 1565 1418 non
1597 1374 1737 1418 esse
1762 1375 1880 1438 per
1908 1353 2237 1418 dominum

217 1440 700 1527 praestabitur',
735 1441 1006 1523 amptius
1041 1461 1107 1506 eo
1130 1442 1553 1525 praestabitur
1586 1441 1760 1527 nihil,
1795 1443 2039 1512 etiamsi
2056 1442 2239 1524 prior

208 1548 396 1614 pars,
466 1551 591 1612 qna
660 1531 956 1613 seriptum
1016 1534 1107 1596 est
1166 1528 1261 1595 ‘ut
1319 1532 1585 1613 optimus
1644 1532 2070 1614 maximusque
2129 1527 2236 1595 sit’

218 1620 478 1685 liberum
538 1638 661 1685 esse
716 1619 1026 1702 siqnificat
1074 1639 1281 1704 eoque,
1345 1620 1404 1685 si
1447 1620 1748 1702 posterior
1786 1640 1948 1702 pars
2001 1619 2237 1685 adiecta

214 1728 343 1773 non
394 1712 574 1792 esset,
636 1707 891 1773 liberum
931 1712 1253 1786 praestare
1305 1708 1588 1773 deberem.
1688 1712 1890 1774 tamen
1945 1708 2240 1790 inferiore

204 1800 392 1880 parte
432 1797 589 1861 satis
630 1815 727 1860 me
771 1795 1091 1861 liberatum
1124 1801 1305 1881 puto,
1358 1797 1521 1878 quod
1559 1797 1646 1862 ad
1685 1797 1832 1861 iura
1875 1798 2115 1880 attinet,
2160 1815 2238 1860 ne

214 1886 369 1969 quid
390 1885 572 1950 aliud
589 1889 905 1967 praestare
930 1885 1191 1969 debeam,
1227 1885 1544 1969 quamius
1565 1884 1756 1967 fundi
1768 1906 1888 1969 per
1913 1886 2235 1952 dominum

213 1975 477 2040 deterius
514 1973 754 2055 factum
796 1994 922 2039 non
967 1994 1105 2040 esse.

393 2061 497 2127 25.
558 2061 635 2127 D.
668 2062 769 2147 18,
800 2062 859 2147 l,
887 2062 970 2127 68
990 2085 1086 2147 pr.
1132 2064 1212 2144 ἐξ
1242 2062 1300 2127 1.
1327 2064 1388 2128 2.
1475 2061 1784 2129 Proculus
1830 2063 1998 2129 libro
2047 2066 2229 2128 sexto

213 2149 679 2235 Epistularum.

397 2260 444 2309 1.
484 2246 571 2332 Si,
610 2268 753 2324 cum
790 2248 1056 2314 fundum
1092 2248 1416 2335 venderes,
1451 2249 1517 2314 in
1555 2249 1699 2334 lege
1737 2248 2026 2333 dixissset,
2063 2247 2233 2333 quod

217 2336 527 2401 mercedis
580 2337 843 2403 nomine
900 2358 938 2401 a
992 2336 1374 2403 conductore
1429 2339 1781 2422 exegisses,
1835 2337 1900 2402 id
1957 2336 2235 2422 emptori

217 2446 623 2490 accessurum
688 2446 828 2490 esse
839 2475 858 2508 ‚
919 2426 1197 2491 existimo
1264 2431 1319 2491 te
1380 2427 1451 2490 in
1512 2428 1799 2509 exiyendo
1857 2446 1983 2491 non
2035 2425 2236 2491 solum

214 2513 438 2579 bonam
481 2514 682 2597 fidem,
730 2515 837 2579 sed
876 2514 1063 2579 etiam
1108 2514 1490 2597 diliyentiam
1525 2520 1846 2597 praestare
1889 2514 2094 2580 debere
2141 2514 2235 2595 [id

217 2604 318 2666 est
371 2623 505 2666 non
560 2602 769 2667 solum
823 2605 899 2667 ut
944 2624 981 2667 a
1028 2606 1093 2667 te
1140 2602 1320 2666 dolus
1367 2608 1574 2668 malus
1622 2604 1819 2689 absit,
1873 2602 1982 2667 sed
2040 2602 2234 2666 etiam

213 2693 289 2755 ut
333 2690 567 2774 culpa}

394 2799 444 2849 2.
481 2786 639 2853 Fere
673 2784 1079 2871 nequiquam⁵
1110 2788 1310 2855 solent
1339 2786 1486 2854 haee
1518 2790 1697 2855 verba
1730 2790 1998 2854 adicere:
2036 2785 2237 2855 ‘dolus

213 2876 421 2941 malas
482 2896 525 2939 a
584 2877 891 2942 venditore
944 2875 1180 2961 aberiff,
1244 2878 1354 2959 qui
1404 2879 1591 2944 etiam
1641 2880 1700 2945 si
1753 2879 2055 2944 adiectam
2107 2898 2236 2945 non

212 2970 327 3049 est,
371 2963 573 3030 abesse
614 2964 795 3030 debet.

359 3125 389 3174 1
434 3120 471 3173 1
476 3120 587 3175 'rib.
625 3119 1032 3204 quinquaginta
1066 3120 1236 3179 aurei.

356 3196 389 3245 2
432 3190 525 3246 Fl.
564 3192 802 3273 quaeris.

359 3265 393 3314 3
432 3209 602 3317 Tribq
622 3260 871 3331 quinqua
914 3263 1033 3319 nta
1067 3280 1279 3322 aureos.

356 3337 393 3385 4
429 3332 728 3388 Mommsen
769 3336 849 3389 sie
904 3350 966 3404 ey
969 3337 1165 3391 endam
1192 3341 1387 3420 putat.-
1421 3336 1740 3418 quaeritur,
1785 3339 1972 3391 utrum
2009 3339 2234 3393 centum

210 3406 273 3459 et
318 3401 724 3529 quinq?aginta
768 3420 966 3460 aureos
1013 3423 1086 3461 an
1131 3405 1537 3478 quinquaginta
1574 3408 1912 3463 dumtaxat.
1949 3408 2237 3462 Lenelium

211 3490 369 3545 seque
402 3490 491 3528 ma
514 3492 577 3530 ui

358 3550 391 3599 5
433 3544 505 3601 F.
543 3544 735 3614 aliqui.
