2575 3900
322 178 456 243 314
526 177 592 232 V.
630 176 928 232 NERVAE
965 177 1059 232 ET
1095 177 1401 232 TRAIANI
1436 177 1650 233 TEMP.
1687 177 1878 233 IURIS
1915 168 2274 237 CONSULTI

320 341 687 424 ostionem>
716 341 969 426 legatus
999 346 1148 405 ante
1178 342 1422 407 aditam
1444 342 1871 407 hereditatem
1890 341 2066 408 Titio
2086 342 2335 410 furtum

314 430 491 495 fecit.
563 429 621 493 si
658 429 837 494 adita
871 429 1227 496 hereditate
1257 428 1443 496 Seius
1482 430 1771 516 legatum
1807 431 1889 496 ad
1916 453 1984 496 se
2012 432 2335 516 pertinere

312 519 618 600 voluerit,
674 517 834 584 furti
880 520 1017 583 eius
1064 520 1233 585 servi
1280 519 1541 585 nomine
1589 523 1742 604 aget
1787 542 1933 585 cum
1981 543 2056 586 eo
2104 520 2334 601 Titius,

312 608 467 692 quia
510 627 717 690 neque
762 609 933 691 tunc,
978 629 1125 673 cum
1172 607 1413 673 faceret
1457 608 1722 687 furtum,
1767 608 1904 674 eius
1942 608 2086 693 fuit,
2132 612 2215 692 et,
2261 615 2335 675 ut

310 696 587 762 maxime
644 696 788 780 quis
844 697 1197 780 existimet,
1253 697 1310 761 si
1367 718 1586 762 servus
1641 719 1782 762 esse
1837 698 2125 781 coeperit
2179 699 2333 782 eius,

310 786 415 850 cui
458 785 701 850 furtum
746 783 1007 870 fecerat,
1052 785 1198 850 tolli
1240 785 1402 850 furti
1437 786 1776 870 actionem,
1821 790 1896 850 ut
1932 807 2050 852 nec
2088 787 2144 852 si
2183 787 2330 852 alie·

309 877 502 939 natus
541 874 646 957 sit,
684 873 792 959 agi
828 875 1035 957 possit
1072 896 1147 939 eo
1184 875 1463 960 nomine,
1500 895 1580 939 ne
1617 879 1768 958 post
1800 875 2044 940 aditam
2072 875 2331 960 quidem

305 961 734 1028 hereditatem
780 960 940 1027 Titii
994 962 1206 1028 factus
1261 966 1388 1042 est,
1444 962 1595 1047 quia
1640 985 1743 1048 ea,
1797 984 1962 1048 quae
2006 962 2332 1050 legantur,

306 1055 483 1116 recta
539 1051 644 1116 via
700 1051 782 1116 ab
840 1073 913 1116 eo
970 1052 1076 1134 qui
1135 1052 1383 1135 legavit
1437 1052 1518 1116 ad
1572 1074 1715 1117 eum
1764 1052 1866 1117 cui
1912 1052 2132 1137 legata
2178 1058 2330 1118 sunt

306 1144 666 1206 transeunt.
2309 1229 2314 1233 ι

482 1233 715 1294 Neratii
759 1233 947 1293 verba
992 1252 1030 1292 a
1075 1232 1438 1294 Triboniano
1486 1233 1851 1310 interpolata
1894 1234 2196 1295 videntur.

521 1405 621 1470 De
662 1405 849 1471 solidi
891 1407 1225 1488 capacitate
1265 1407 1428 1470 inter
1469 1406 1678 1471 virum
1720 1411 1779 1471 et
1818 1405 2115 1472 uxorem?

483 1512 543 1577 3.
583 1510 660 1576 D.
676 1512 781 1596 50,
796 1512 857 1595 5,
872 1513 933 1577 4.
1005 1511 1316 1578 Neratius
1350 1512 1514 1577 libro
1543 1513 1754 1596 primo
1784 1511 2328 1580 Membranarum.

311 1636 385 1645 —
428 1597 709 1684 Tempus
756 1601 1130 1683 vacationis,
1178 1601 1349 1686 quod
1396 1601 1584 1664 datur
1622 1601 1712 1665 eis
1751 1602 1862 1685 qui
1899 1601 1992 1665 rei
2029 1601 2326 1686 publicae

303 1710 499 1753 causa
549 1688 871 1767 afuerunt,
928 1711 1059 1755 non
1105 1711 1183 1754 ex
1228 1710 1305 1754 eo
1353 1689 1454 1754 die
1500 1690 1965 1754 numerandum
2012 1695 2139 1774 est,
2196 1712 2324 1776 quo

303 1776 446 1860 quis
487 1776 710 1842 abesse
748 1777 955 1862 desiit,
995 1777 1105 1842 sed
1144 1800 1291 1843 cum
1330 1778 1607 1862 quodam
1645 1777 2015 1843 laxamento
2042 1779 2325 1864 itineris3

299 1886 507 1950 neque
564 1865 734 1930 enim
788 1867 1001 1931 minus
1058 1867 1286 1931 abesse
1342 1867 1433 1930 rei
1488 1865 1784 1951 publicae
1832 1888 2028 1931 causa
2071 1868 2322 1933 intelle-

302 1955 547 2040 gendus
596 1959 713 2039 est,
758 1957 868 2040 qui
913 1957 964 2019 it
1006 1953 1124 2019 ad1
1169 1957 1504 2040 negotium
1550 1956 1656 2019 vel
1703 1955 1786 2020 ab
1833 1977 1909 2021 eo
1957 1957 2323 2022 revertitur.

302 2044 357 2107 si
414 2044 557 2127 quis
612 2048 832 2109 tamen
882 2045 1029 2127 plus
1076 2045 1250 2108 iusto
1295 2047 1611 2129 temporis
1659 2049 1770 2109 aut
1814 2044 2045 2111 itinere
2094 2050 2208 2112 aut
2252 2046 2320 2112 in

301 2132 511 2213 aliquo
541 2134 683 2197 loco
716 2136 1148 2197 commoratus
1178 2133 1668 2218 consumpserit,
1695 2134 1790 2199 ita
1817 2154 1893 2197 ea
1915 2134 2242 2218 (absentia
2255 2132 2320 2223 P)

300 2219 783 2304 interpretanda
839 2221 979 2304 erit,
1035 2226 1107 2286 ut
1162 2243 1239 2286 ex
1296 2244 1371 2287 eo
1427 2227 1722 2307 tempore
1777 2223 2138 2289 vacationis
2185 2225 2320 2288 dies

296 2310 565 2393 incipiat
628 2310 686 2374 ei
750 2311 992 2393 cedere,
1055 2332 1181 2395 quo
1247 2309 1375 2375 iter
1449 2332 1526 2375 ex
1599 2311 1935 2376 commodo
2009 2332 2320 2398 peragere

296 2398 634 2481 potuisset.

475 2492 547 2553 cf.
575 2491 716 2570 Ulp.
749 2495 848 2571 15,
883 2494 936 2552 1.

887 2646 987 2711 De
1018 2646 1432 2730 piyneraticia
1475 2648 1728 2712 actione.

469 2756 529 2820 4.
584 2754 666 2820 D.
696 2755 801 2837 20,
827 2755 889 2832 2,
917 2755 1075 2838 4pr.
1164 2751 1469 2817 Neratius
1526 2753 1694 2818 libro
1740 2753 1952 2837 primo
2000 2751 2319 2818 Membra*

292 2863 538 2907 narum.
575 2879 661 2889 —
699 2843 798 2907 Eo
846 2844 983 2907 iure
1030 2842 1287 2925 utimur,
1334 2845 1407 2906 ut
1453 2863 1618 2926 quae
1659 2842 1727 2906 in
1763 2841 2031 2926 praedia
2066 2843 2318 2908 urbana

293 2930 557 2995 inducta
610 2931 797 2995 illata
854 2936 1007 2995 sunt
1061 2930 1323 3015 pignori
1378 2951 1517 2994 esse
1573 2931 1946 3014 credantur,
2009 2931 2195 3015 quasi
2251 2932 2317 2996 id

292 3019 486 3083 tacite
525 3021 914 3083 convenerit.
969 3020 1037 3083 in
1065 3020 1324 3083 rusticis
1353 3018 1635 3103 praediis
1665 3022 1890 3085 contra
1917 3020 2316 3085 observatur.
2337 3048 2375 3073 x

471 3106 529 3171 5.
577 3106 655 3172 D.
684 3108 837 3171 ibid.
867 3110 908 3189 ξ
941 3110 991 3172 1.
1037 3143 1114 3155 —
1158 3105 1430 3171 Stabula
1466 3129 1629 3191 quae
1675 3129 1808 3172 non
1859 3112 2011 3172 sunt
2054 3107 2124 3173 in
2163 3131 2315 3174 con-

291 3195 651 3260 tinentibus
714 3196 1038 3279 aedificiis,
1094 3218 1365 3279 quorum
1428 3196 1840 3280 praediorum
1906 3217 1983 3260 ea
2044 3218 2312 3263 numero

290 3282 591 3349 habenda
639 3286 788 3367 sint,
839 3284 1121 3349 dubitari
1168 3290 1400 3368 potest.
1497 3290 1562 3349 et
1609 3284 1866 3369 quidem
1913 3285 2313 3351 urbanorum

292 3371 431 3435 sine
479 3372 672 3438 dubio
720 3395 851 3437 non
900 3377 1069 3452 sunt,
1116 3395 1260 3437 cum
1310 3396 1348 3437 a
1394 3373 1620 3438 ceteris
1661 3373 1968 3439 aedificiis
2007 3378 2312 3459 separata.

436 3551 465 3598 1
505 3546 598 3600 Fl.
636 3546 707 3601 ad
744 3546 820 3600 id.
