2575 3900
353 186 485 252 380
556 186 623 242 V.
661 184 961 241 NERVAE
998 184 1095 240 ΕΤ
1133 184 1435 239 TRAIANI
1470 184 1687 241 TEMP.
1723 156 1915 267 n'mls
1954 182 2311 239 CONSULTI

347 350 595 417 tionem
653 349 1004 415 secundum
1059 348 1387 414 Aristonis
1443 348 1832 413 sententiam
1886 349 2161 429 constat,
2217 369 2378 413 cum

349 438 478 523 ipsi
521 438 658 503 filio
703 459 836 504 non
881 438 1207 503 videretur
1252 458 1395 502 esse
1442 436 1751 502 solvendo
1796 435 2140 501 hereditas.

528 531 692 602 Quae
738 534 1098 609 sequunturz
1154 525 1238 591 ‘et
1282 532 1394 590 hoc
1438 530 1527 590 ita
1572 534 1681 607 est,
1727 529 1869 590 licet
1913 548 2032 589 non
2078 528 2383 590 condicio-

349 620 569 679 naliter
614 620 1032 697 expressisset,
1077 620 1445 680 intellexisse
1488 622 1693 679 tamen
1735 618 2217 678 manifestissime
2264 619 2378 678 ad-

346 704 680 787 probetur',
743 728 865 770 non
928 709 1239 785 Marciani,
1305 709 1410 767 sed
1464 707 1811 768 Triboniani
1872 707 2146 767 habenda
2208 711 2375 767 sunt.

350 798 423 857 cf.
461 796 884 876 ‚Gradenwitm
949 798 1010 858 Z.
1059 798 1112 858 d.
1161 796 1433 858 Sav.·St.
1478 794 1620 874 Vn,
1668 798 1750 857 82
1762 815 1847 872 sq.
1958 795 2203 856 Pernice
2253 795 2379 874 ΙΙΙ,

354 888 438 946 10
482 904 542 946 n.
573 889 628 946 3.

531 970 630 1035 18.
689 968 769 1035 D.
808 969 915 1050 30,
955 969 1040 1034 14
1051 991 1147 1054 pr.
1238 967 1559 1053 Ulpianus
1613 968 1782 1034 libro
1840 968 2063 1053 quinto
2118 968 2375 1033 decimo

351 1056 432 1123 ad
494 1056 806 1124 Sabinum
861 1057 961 1141 (P.
999 1053 1224 1143 2532).
1281 1092 1369 1105 —-
1427 1054 1497 1122 Si
1549 1058 1647 1122 ita
1699 1057 1786 1122 sit
1840 1055 2233 1140 adscriptum
2288 1055 2378 1121 ‘si

349 1147 455 1211 cui
510 1147 806 1232 legavero
862 1146 993 1233 bis,
1051 1145 1250 1211 semel
1302 1145 1491 1211 heres
1546 1147 1607 1209 ei
1653 1143 1829 1211 dato'
1876 1146 1977 1209 vel
2025 1143 2123 1210 ‘ut
2170 1145 2377 1210 semel

352 1234 705 1320 debeatur'‚
759 1239 827 1300 et
880 1234 1085 1300 eidem
1139 1235 1300 1300 duas
1358 1236 1759 1319 quantitates
1807 1233 2225 1319 adscripserit
2267 1234 2379 1298 vel

349 1324 511 1389 duos
564 1323 828 1409 fundos,
883 1345 967 1387 an
1021 1328 1367 1409 utrumque
1421 1322 1771 1388 debeatur?
1872 1327 1938 1388 et
1992 1321 2087 1388 ait
2139 1321 2376 1388 Aristo

350 1433 552 1477 unum
596 1412 802 1477 videri
845 1414 1156 1497 legatum.

529 1506 876 1584 Sequuntur
950 1508 1120 1566 haec:
1196 1500 1360 1565 ‘nam
1431 1505 1589 1582 quod
1662 1504 2008 1582 ademptum
2070 1507 2188 1578 est,
2260 1524 2377 1565 nec

353 1594 562 1654 datum
603 1594 793 1654 videri
829 1595 1155 1655 secundum
1191 1593 1356 1653 Celsi
1390 1596 1453 1654 et
1489 1594 1757 1653 Marcelli
1794 1593 2167 1666 sententiam,
2214 1612 2376 1670 quae

349 1702 494 1743 vera
538 1678 670 1744 est'.
760 1702 868 1759 pro
916 1675 1156 1744 ‘videri'
1201 1702 1337 1742 cum
1381 1682 1625 1742 Lenelio
1672 1676 1956 1742 ‘videtur'
2002 1682 2203 1760 legere
2249 1701 2376 1741 non

351 1790 500 1848 opus
537 1776 645 1845 est,
682 1791 819 1831 cum
854 1771 1133 1831 extremis
1169 1771 1369 1832 verbis
1398 1771 1591 1831 oratio
1620 1771 1881 1849 obliqua,
1916 1789 2068 1848 quae
2101 1774 2376 1846 vocatur,

350 1862 745 1932 contineatur,
791 1879 912 1937 qua
955 1858 1116 1921 Celsi
1160 1862 1221 1919 et
1266 1860 1535 1919 Marcelli
1582 1860 1940 1919 sententiam
1986 1858 2060 1920 ab
2105 1859 2373 1936 Ulpiano

349 1950 640 2010 traditam
683 1950 948 2010 induisse
994 1948 1393 2011 Tribonianus
1439 1950 1676 2009 videtur
1720 1948 1866 2010 satis
1911 1948 2208 2010 habuisse.

1006 2108 1110 2171 Aa
1153 2111 1329 2184 leym
1372 2109 1719 2169 Falcidiam.

536 2209 634 2276 19.
679 2210 757 2276 D.
785 2210 890 2294 35,
916 2210 977 2294 2,
1010 2212 1067 2294 1,
1097 2212 1156 2277 9.
1229 2209 1467 2275 Paulus
1505 2210 1671 2275 libro
1702 2210 2018 2296 singulari
2049 2209 2128 2275 ad
2158 2211 2375 2295 legem

351 2298 711 2366 Falcidiam
769 2298 864 2380 (P.
901 2297 1106 2386 9210).
1158 2335 1249 2346 —
1303 2296 1372 2365 Si
1435 2319 1591 2363 usus
1644 2297 1896 2364 fructus
1955 2299 2209 2385 legatus
2268 2300 2377 2383 sit,

355 2388 466 2473 qui
511 2391 580 2453 et
623 2387 823 2453 dividi
868 2392 1110 2473 potest,
1165 2410 1324 2474 non,
1371 2387 1540 2453 sicut
1585 2390 1833 2452 ceterae
1880 2388 2223 2452 servitutes
2272 2389 2376 2453 in-

357 2476 653 2542 dividuae
700 2480 870 2562 sunt,
914 2476 1329 2560 <individuus
1373 2476 1532 2562 est),
1580 2480 1827 2541 veteres
1875 2476 2132 2560 quidem
2178 2478 2374 2542 aesti-

353 2566 660 2631 mandum
722 2570 936 2632 totum
999 2588 1186 2631 usum
1248 2565 1529 2631 fructum
1584 2565 1903 2649 putabant
1957 2567 2022 2630 et
2075 2565 2173 2630 ita
2226 2587 2377 2631 con-

354 2655 772 2739 stituendum,
802 2663 1112 2740 quantum
1140 2656 1227 2720 sit
1252 2655 1324 2719 in
1351 2656 1589 2740 legato.
1644 2652 1756 2718 sed
1773 2653 1995 2719 Aristo
2026 2676 2067 2719 a
2086 2658 2375 2720 veterum

251 2756 255 2760 ’
354 2744 659 2829 opinione
704 2743 1000 2827 recessit3
1059 2744 1153 2808 ait
1200 2743 1370 2807 enim
1415 2762 1605 2828 posse
1652 2745 1949 2827 quartam
1993 2747 2248 2826 partem
2297 2766 2373 2808 ex

355 2853 430 2897 eo
480 2833 571 2899 sic
615 2835 689 2897 ut
735 2853 812 2896 ex
858 2831 1232 2916 corporibus
1278 2829 1566 2896 retineri.

973 2988 1074 3055 De
1115 2991 1396 3056 cautione
1437 2990 1765 3056 Muciana.

533 3094 637 3160 20.
695 3094 773 3159 D.
800 3095 905 3174 35,
936 3097 993 3177 1,
1024 3096 1060 3159 ’ἶ
1079 3118 1175 3181 pr.
1263 3095 1587 3180 Ulpianus
1632 3096 1801 3163 libro
1848 3101 2080 3162 octavo
2126 3097 2376 3164 decimo

357 3181 438 3247 ad
487 3179 801 3248 Sabinum
848 3181 945 3270 (P.
973 3183 1196 3269 2595).
1242 3221 1329 3232 ——-
1374 3183 1712 3250 Mucianae
1758 3186 2079 3251 cautionis
2124 3186 2375 3252 utilitas

357 3269 662 3336 consistit
713 3270 784 3334 in
839 3271 1321 3338 condicionibus
1380 3294 1543 3358 quae
1587 3273 1659 3338 in
1704 3295 1836 3339 non
1879 3273 2175 3340 faciendo
2222 3279 2377 3340 sunt

356 3361 730 3441 conceptae,
777 3362 850 3422 ut
892 3364 1050 3442 puta
1096 3358 1176 3424 ‘si
1221 3358 1617 3446 Capitolium
1663 3383 1797 3426 non
1844 3362 2247 3448 ascenderit',
2294 3362 2377 3428 ‘si

359 3443 651 3510 Stichum
725 3466 855 3510 non
927 3447 1399 3513 manumiserit'
1464 3452 1530 3512 et
1590 3449 1660 3513 in
1724 3449 2073 3530 similibus,
2148 3456 2216 3517 et
2278 3451 2378 3517 ita

361 3531 654 3598 Aristoni
681 3579 698 3596 .
730 3581 744 3597 .
773 3581 790 3599 .
817 3534 1026 3600 visum
1071 3545 1187 3601 est.
