2575 3900
337 154 468 219 568
1073 154 1624 211 ADDITAMENTA.
1654 141 1669 156 '

339 319 609 384 Masurii
647 323 712 384 et
740 319 1145 404 quorundam
1173 319 1447 384 aliorum
1484 319 2003 403 iurisperitorum
2040 340 2377 384 commen-

337 409 523 473 tariis
570 406 946 474 commoniti
993 413 1058 472 et
1104 408 1550 472 adminiculati
1598 429 1839 474 sumus.

517 501 590 562 of.
639 501 921 562 Sabinus:
967 502 1048 581 11,
1099 504 1131 561 1
1180 523 1240 579 p.
1271 503 1415 563 550.

903 676 958 740 b.
1027 679 1123 738 De
1177 681 1337 739 iure
1396 680 1803 740 honorario.

913 789 1012 855 De
1055 791 1387 876 manmjpiis
1432 791 1783 856 vendundis.

521 906 620 971 11.
668 905 832 970 Gell.
891 906 954 989 4,
1008 905 1068 986 2,
1128 906 1227 971 13.
1287 941 1367 952 —
1426 903 1577 972 Non
1642 904 2182 989 praetereundum
2247 910 2371 986 est,

341 995 406 1058 id
453 1046 467 1060 .
499 1045 512 1058 .
558 996 624 1058 in
672 993 861 1059 libris
905 998 1197 1059 veterum
1242 995 1403 1059 iuris
1458 992 1815 1078 peritorum
1862 996 2174 1078 seriptum
2225 1015 2373 1058 esse

339 1088 406 1148 et
448 1105 510 1168 q.
557 1105 604 1147 s,

515 1197 570 1237 v·
617 1197 675 1252 p·
725 1179 870 1237 250·
1143 1260 1543 1327 Commodati.

522 1378 620 1441 12.
667 1375 744 1443 D.
787 1377 888 1462 13,
926 1377 986 1461 6,
1026 1377 1108 1442 18
1145 1399 1237 1458 pr.
1314 1375 1512 1441 Gaius
1551 1377 1717 1442 libro
1754 1397 1928 1442 nono
1967 1377 2045 1441 acl
2086 1375 2366 1457 edietum

337 1464 750 1548 provinciale.
797 1503 882 1512 —
931 1515 945 1529 .
985 1517 997 1529 .
1038 1516 1051 1530 .
1111 1467 1167 1530 si
1221 1487 1630 1530 communem
1676 1465 1955 1531 amicum
2012 1465 2093 1529 ad
2138 1487 2367 1530 cenam

336 1554 822 1619 invitaverimus
851 1558 1051 1639 tuque
1089 1555 1226 1618 eius
1266 1577 1485 1620 euram
1524 1554 1915 1639 suscepisses
1960 1557 2027 1617 et
2072 1573 2195 1640 ego
2242 1553 2369 1618 tibi

339 1646 680 1727 argentum
738 1644 1301 1726 commodaverim,
1360 1643 1669 1728 scriptum
1716 1694 1731 1708 .
1771 1695 1783 1708 .
1833 1642 2001 1727 apud
2051 1642 2367 1727 quosdam

335 1733 612 1816 invenio,
658 1733 842 1816 quasi
889 1733 1107 1798 dolum
1154 1735 1411 1796 tantum
1459 1735 1788 1815 praestare
1835 1731 2086 1796 debeas,

1137 1958 1563 1965 ———————--

400 2122 518 2188 III.
566 2120 804 2197 QUAE
854 2122 1463 2199 QUAERUNTUR
1513 2122 1679 2189 VEL
1725 2122 2309 2190 DUBITANTUR.

338 2237 760 2315 QUAEQUE
837 2237 1276 2315 QUAESITA
1342 2238 1517 2304 VEL
1591 2238 2043 2305 DUBITATA
2120 2236 2372 2303 SUNT.

515 2386 607 2444 Ea.
642 2386 916 2463 inprimis
953 2387 1237 2463 proposui
1273 2406 1425 2463 quae
1464 2387 1645 2447 huius
1681 2388 1917 2465 generis
1956 2386 2114 2462 apud
2148 2384 2373 2445 Gaium

339 2475 642 2552 leguntur.
715 2494 836 2535 non
881 2477 1050 2535 nulla
1095 2476 1217 2535 iam
1255 2476 1376 2535 alia
1421 2476 1653 2536 ratione
1690 2476 1929 2551 prolata.
1964 2476 2185 2535 iterum
2225 2493 2370 2550 pro-

339 2564 586 2623 ferenda
631 2568 818 2623 erant.

955 2667 1008 2721 1.
1057 2662 1168 2721 Ad
1212 2663 1324 2723 ius
1370 2663 1758 2739 publicum.

1111 2772 1206 2838 De
1237 2773 1591 2855 plebiscitis,

523 2889 577 2953 1.
625 2888 761 2952 Liv.
805 2889 866 2973 3,
906 2889 1009 2953 55.
1057 2927 1140 2936 —-
1190 2886 1496 2955 Omnium
1541 2888 1840 2972 primum,
1887 2909 2031 2953 oum
2076 2886 2255 2951 velut
2301 2887 2372 2951 in

339 2982 758 3042 controverso
849 2979 986 3042 iure
1070 2983 1269 3062 esset,
1359 2980 1811 3042 tenerenturne
1891 2980 2108 3060 patres
2192 2975 2373 3059 plebi

343 3066 543 3147 seitiS,
590 3067 799 3151 legem
846 3068 1224 3132 centuriatis
1272 3067 1553 3131 comitiis
1600 3067 1829 3147 tulere,
1874 3069 1949 3129 ut
1993 3064 2162 3148 quod
2201 3113 2217 3128 .
2255 3112 2272 3128 .
2308 3116 2324 3129 .

995 3226 1096 3291 De
1137 3231 1387 3292 senatus
1430 3226 1716 3290 consulto,

522 3344 582 3407 2.
649 3340 785 3407 Gai.
855 3344 909 3427 1,
973 3345 1034 3406 4.
1103 3378 1180 3388 —-
1252 3340 1528 3406 Senatus
1594 3339 1952 3405 consultum
2024 3341 2125 3403 est
2199 3338 2369 3421 quod

344 3436 612 3497 senatus
686 3430 868 3495 iubet
941 3436 1134 3516 atque
1208 3430 1577 3514 constituit,
1659 3428 1852 3512 idque
1924 3428 2089 3512 legis
2161 3428 2369 3491 vicem

341 3522 613 3605 optinet,
660 3520 954 3605 quamvis
1000 3520 1196 3583 fuerit
1242 3518 1621 3604 quaesitum.
