2575 3900
374 165 503 230 398
579 167 646 220 V.
682 164 984 220 NERVAE
1022 164 1117 219 ET
1155 163 1461 219 TRAIANI
1498 164 1713 221 ΤΕΜΡ.
1744 166 1938 221 IURIS
1976 166 2345 222 CONSULTI

371 326 714 411 probamus'
779 332 850 393 D.
892 334 994 407 35,
1036 336 1092 409 1,
1130 335 1234 409 40,
1274 335 1331 393 5.
1433 327 1470 392 ⁸.
1510 378 1523 391 .
1562 376 1578 393 .
1626 331 1951 395 Cascellius
2016 335 2218 395 aiebat
2254 381 2269 395 .
2308 380 2326 397 .
2367 380 2401 412 .‚

371 422 584 483 Ofilius
623 469 636 481 .
666 466 682 481 .
709 464 724 481 .
761 424 945 500 negat
983 468 995 481 .
1026 470 1038 481 .
1071 468 1083 481 .
1122 423 1280 481 idem
1327 419 1515 481 Cinna
1566 422 1773 482 scribit
1802 465 1818 482 .
1849 471 1861 483 .
1893 468 1906 482 .
1937 426 1998 483 et
2042 424 2151 482 hoc
2197 426 2399 501 magis

370 531 579 570 verum
630 506 803 587 puto'
858 512 930 570 D.
971 514 1074 589 35,
1116 514 1172 587 1,
1211 513 1315 586 40,
1357 514 1411 572 2.
1513 505 1551 569 ³.
1583 557 1596 570 .
1626 557 1641 571 .
1682 510 2009 571 Cascellius
2072 515 2251 589 putat
2290 557 2306 572 .
2334 557 2350 572 .
2384 562 2397 573 .

371 598 582 660 Ofilius
612 599 930 661 Trebatius
959 608 1182 661 contra.
1248 599 1449 660 Labeo
1468 598 1745 659 Cascellii
1771 601 2131 661 sententiam
2158 604 2399 677 probat.

370 688 531 765 quod
573 708 781 749 verum
826 690 1000 765 puto,
1046 682 1230 765 quia'.
1257 688 1328 747 D.
1359 691 1462 766 32,
1495 691 1637 766 100,
1670 691 1741 747 2.·

547 777 634 837 De
680 776 978 838 Labeonis
1031 777 1343 837 sententiis
1402 781 1509 837 aut
1559 778 1830 853 probatis
1886 781 1994 838 ant
2024 770 2281 839 'reiectis
2336 801 2395 841 v.

369 866 642 943 inprimis
687 867 955 927 Iavoleni
1011 867 1196 926 libros
1244 886 1315 926 ex
1358 866 1790 942 posterioribus
1837 867 2133 928 Labeonis
2179 870 2394 929 factos

548 954 739 1015 Cassii
795 974 1031 1033 quoque
1087 955 1418 1015 sententias
1474 956 1622 1015 alias
1676 956 1955 1031 probavit
2011 948 2129 1039 (‘et
2184 958 2401 1018 scribit

371 1043 613 1104 Cassius
659 1048 722 1103 et
765 1038 1104 1103 Iavolenus’
1153 1045 1223 1103 D.
1256 1046 1360 1123 28,
1390 1046 1449 1122 2,
1482 1036 1575 1123 6),
1624 1045 1772 1104 alias
1818 1044 2025 1104 reiecit
2070 1038 2188 1126 (‘in
2234 1065 2393 1106 com-

367 1133 679 1193 mentariis
729 1132 863 1193 Gaii
909 1132 1203 1209 scriptum
1251 1136 1431 1193 est..
1464 1136 1715 1193 .contra
1760 1153 1870 1211 ego
1917 1129 2131 1195 sentio’
2180 1134 2251 1194 D.
2286 1137 2391 1212 35,

372 1225 425 1298 1,
457 1224 557 1281 54.
626 1215 711 1281 ‘in
739 1222 907 1282 libris
948 1220 1082 1281 Gaii
1110 1220 1302 1281 Cassii
1329 1222 1618 1299 scriptum
1648 1226 1739 1281 est
1768 1269 1780 1282 .
1812 1268 1825 1281 .
1856 1266 1871 1280 .
1899 1223 2212 1283 videamus
2239 1216 2393 1306 ne').

544 1309 785 1369 Proculi
831 1310 1160 1371 sententias
1205 1311 1429 1370 multas
1469 1311 1749 1386 probavit
1788 1302 1985 1392 (vera
2023 1317 2117 1371 est
2152 1312 2394 1371 Proculi

367 1394 592 1475 opinio'
621 1400 693 1460 D.
720 1401 818 1472 28,
842 1402 900 1473 5,
923 1403 1022 1459 11.
1098 1394 1331 1460 ‘verum
1370 1403 1463 1459 est
1499 1399 1656 1477 quod
1686 1400 1975 1459 Proculus
2006 1404 2068 1459 et
2096 1399 2395 1461 Caecilius

365 1481 623 1564 putant?
714 1482 1024 1548 ‘Proculus
1054 1534 1067 1549 .
1097 1531 1112 1546 .
1141 1532 1156 1546 .
1185 1489 1343 1565 quod
1390 1491 1451 1547 et
1498 1507 1703 1549 verum
1754 1483 1865 1547 est’
1914 1487 1987 1548 D.
2019 1492 2121 1565 32,
2154 1492 2299 1566 100,
2331 1492 2388 1550 2.

363 1571 677 1636 ‘Proculus
727 1624 738 1637 .
780 1626 791 1637 .
842 1580 1002 1635 recte
1067 1570 1178 1635 ait'
1232 1576 1373 1636 ibid.
1423 1575 1463 1652 ἓ
1513 1568 1599 1657 3).
1691 1595 2119 1655 nonnunquam
2172 1580 2270 1638 vel
2324 1597 2393 1638 se

365 1666 464 1725 vel
511 1666 834 1725 Proculum
881 1660 1084 1724 ‘idem'
1131 1668 1345 1741 putare
1402 1666 1489 1725 ait
1546 1659 1709 1747 (‘ego
1756 1670 1903 1743 puto
1944 1712 1957 1725 .
1998 1715 2009 1727 .
2051 1712 2064 1726 .
2102 1667 2391 1727 Proculus

361 1749 543 1813 idem'
581 1755 652 1815 D.
686 1757 784 1831 29,
818 1758 874 1831 2,
908 1757 986 1814 62
1005 1774 1093 1831 pr.
1168 1747 1350 1813 ‘idem
1386 1757 1448 1814 et
1485 1772 1597 1832 ego
1637 1759 1698 1813 et
1725 1755 2011 1815 Proculus
2040 1751 2393 1831 probamus’

364 1843 436 1903 D.
476 1844 577 1921 35,
619 1846 674 1921 1,
716 1846 827 1918 40,
868 1846 926 1904 5.
1029 1842 1307 1903 similiter
1368 1843 1593 1902 Paulus
1652 1843 1722 1902 D.
1765 1846 1867 1916 29,
1917 1846 1974 1922 2,
2024 1846 2107 1904 60
2171 1846 2391 1905 tradit:

364 1926 677 1993 ‘Proculus
733 1931 1029 1993 Labeonis
1095 1931 1450 1992 sententiam
1516 1933 1814 2009 improbat
1878 1938 1939 1994 et
2002 1934 2064 1992 in
2116 1933 2391 1995 Iavoleni

363 2022 663 2081 sententia
691 2014 858 2102 es't').
923 2022 1106 2080 semel
1134 2021 1377 2080 Proculi
1407 2021 1765 2081 sententiam
1793 2022 2157 2100 improbavit
2181 2014 2389 2104 (Tre-

362 2111 562 2171 batius
608 2113 792 2188 negat
821 2154 834 2169 .
864 2153 878 2169 .
906 2111 1108 2170 Labeo
1155 2114 1389 2185 contra,
1449 2110 1739 2170 Proculus
1786 2112 1946 2187 quod
1991 2112 2207 2174 LabeO.
2270 2132 2391 2190 ego

365 2199 635 2260 Trebatii
681 2200 1040 2259 sententiam
1083 2200 1271 2275 probo
1319 2193 1489 2284 quia’,
1528 2199 1599 2258 D.
1632 2201 1730 2274 26,
1762 2202 1819 2276 3,
1852 2194 1982 2282 35).

539 2287 755 2348 Mirum
787 2289 1039 2362 videtur,
1068 2289 1229 2365 quod
1247 2287 1519 2347 Iulianus
1538 2288 1601 2346 in
1618 2289 1865 2363 Neratii,
1888 2287 2064 2364 Celsi,
2092 2289 2389 2368 Marcelli,

363 2376 699 2451 Scaevolae,
738 2377 1054 2454 Papiniani
1089 2377 1463 2455 fragmentiS,
1509 2396 1662 2453 quae
1702 2379 1891 2438 multa
1930 2380 2085 2452 sunt,
2128 2381 2313 2438 semel
2349 2399 2393 2438 a

360 2465 594 2526 Iuliano
644 2460 743 2546 (D.
782 2469 886 2545 40,
926 2469 982 2543 2,
1022 2457 1119 2548 5),
1177 2467 1361 2527 semel
1416 2484 1453 2524 a
1488 2466 1817 2542 Pomponio
1875 2458 1971 2548 (D.
2004 2470 2060 2544 1,
2092 2469 2147 2543 2,
2178 2469 2237 2542 2,
2270 2466 2386 2548 53)

360 2556 643 2616 laudatur
680 2560 741 2616 et
776 2557 864 2616 ita
901 2555 1157 2633 quidem,
1199 2559 1270 2614 ut
1306 2557 1518 2614 neuter
1551 2555 1716 2614 illius
1756 2556 2114 2614 sententiam
2152 2556 2387 2617 afferat.

537 2645 627 2704 De
683 2645 913 2706 ratione
969 2663 1122 2721 quae
1168 2644 1325 2703 inter
1370 2643 1637 2704 Iavoleni
1683 2646 1744 2702 et
1787 2643 2010 2703 Iuliani
2055 2647 2390 2705 sententias

359 2734 708 2809 intercedat,
757 2734 1073 2812 diligenter
1121 2732 1361 2809 scripsit
1408 2731 1565 2791 Buhl
1601 2733 1639 2792 l.
1680 2751 1725 2792 c.
1764 2752 1821 2809 p.
1854 2735 1937 2793 30
1955 2751 2099 2811 sqq„
2146 2753 2262 2810 quo
2310 2753 2387 2793 ex

361 2843 579 2899 genere
623 2841 818 2899 pauca
864 2823 1076 2883 afferre
1121 2822 1401 2881 idoneum
1446 2821 1699 2882 videtur.

661 2976 1018 3042 Iavolenus.
1751 2975 2064 3040 Iulianus,

447 3080 524 3145 D.
570 3082 677 3165 41,
723 3083 784 3164 2,
827 3083 931 3161 23,
969 3084 1028 3148 2.
1091 3117 1178 3129 -
1245 3080 1314 3146 Si
1512 3081 1591 3147 D.
1617 3083 1722 3167 22,
1752 3082 1811 3162 3,
1839 3082 1942 3148 20.
1998 3119 2073 3130 -
2126 3079 2196 3147 Si
2237 3083 2393 3167 quis

356 3170 635 3235 vinxeris
664 3170 991 3236 hominem
1021 3171 1313 3250 liberum,
1423 3170 1694 3235 liberum
1732 3171 2059 3236 hominem
2100 3171 2162 3236 vi
2194 3193 2385 3257 rapu·

359 3279 503 3321 eum
532 3262 596 3322 te
625 3259 953 3342 possidere
972 3280 1102 3323 non
1122 3262 1312 3343 puto;
1424 3261 1569 3341 erit,
1624 3261 1692 3322 in
1745 3260 2018 3324 vinculis
2067 3260 2391 3340 habuerit,

357 3345 526 3429 quod
588 3366 730 3410 cum
787 3346 880 3410 ita
935 3368 1002 3411 se
1058 3347 1311 3431 habeat,
1418 3348 1473 3411 is
1564 3348 2009 3432 indignissime
2099 3371 2387 3414 commo-

359 3433 559 3497 multo
600 3435 814 3498 minus
841 3455 964 3518 per
997 3435 1179 3499 illum
1207 3456 1310 3500 res
1420 3435 1568 3499 dum
1671 3439 2061 3518 possessoris
2162 3459 2387 3504 conse-

356 3521 491 3586 eius
531 3544 570 3586 a
605 3525 670 3586 te
709 3523 1238 3608 possidebuntur.
1259 3572 1274 3588 .
1295 3573 1311 3589 .
1421 3527 1725 3606 queretur
1754 3574 1767 3588 .
1799 3573 1813 3588 .
1842 3575 1855 3588 .
