2575 3900
917 174 966 221 5.
1013 165 1247 221 TITIUS
1283 164 1545 221 ARISTO
2109 164 2240 229 385

209 334 284 396 et
347 330 592 415 pacisci
657 330 935 409 soleant,
1000 351 1083 394 ne
1140 352 1178 395 a
1234 330 1383 393 viva
1438 325 1779 411 exiqatur1.
1883 328 2053 413 quod
2106 350 2237 393 non

215 441 363 486 esse
412 418 622 483 simile
670 418 914 503 accepi3
963 418 1135 483 aliud
1184 422 1284 482 est
1324 418 1495 482 enim
1534 417 1785 482 differre
1824 418 2242 501 exactionem,

213 508 401 575 aliud
470 509 551 573 ab
617 506 804 572 initio
868 508 936 572 in
998 507 1065 572 id
1125 510 1386 591 tempus
1444 506 1768 591 stipulari,
1833 528 1959 592 quo
2014 508 2241 571 matri-

216 597 512 663 monium
567 596 851 661 futurum
911 618 1042 661 non
1098 596 1199 661 sit.
1289 595 1482 680 idque
1539 598 1605 661 et
1657 595 1947 660 Aristoni
2005 599 2071 660 et
2114 593 2243 659 Ne-

217 686 391 753 ratio
441 689 507 751 et
550 684 912 770 Pomponio
959 687 1189 768 placet.

402 792 505 857 35.
570 790 647 855 D.
685 791 792 873 24,
828 792 888 873 3,
925 791 1121 876 44pr.
1220 789 1460 855 Paulus
1526 790 1694 855 libro
1760 791 1986 875 quinto
2044 788 2246 866 Quac-

215 882 509 948 stionum
556 877 658 967 (P.
702 879 922 965 1333).
967 915 1054 926 -
1103 877 1172 944 Si
1228 900 1410 945 socer
1462 902 1501 944 a
1546 900 1784 965 genero
1830 880 2017 944 heres
2062 880 2242 944 insti·

215 974 408 1035 tutus
473 970 710 1035 adierit
770 966 1226 1052 hereditatem,
1293 968 1674 1054 quandoque
1740 972 1993 1034 mortuo
2058 971 2245 1053 patre

217 1081 374 1125 cum
409 1058 642 1123 herede
679 1058 816 1123 eius
854 1057 1054 1123 filiam
1092 1058 1169 1122 de
1208 1058 1360 1123 dote
1397 1062 1684 1123 acturam
1720 1056 1785 1123 N
1789 1079 1939 1122 erva
1976 1061 2043 1122 et
2080 1056 2245 1123 Cato

220 1146 719 1232 responderunt,
755 1151 828 1211 ut
864 1151 966 1211 est
1000 1145 1275 1211 relatum
1317 1147 1487 1231 apud
1526 1143 1787 1211 Sextum
1818 1145 2246 1229 Pomponium

217 1237 626 1322 digestorum
676 1235 756 1300 ab
805 1234 1112 1300 Aristone
1158 1234 1327 1300 libro
1375 1234 1615 1319 quinto.

405 1330 628 1389 Paulus
684 1330 875 1389 addit:
942 1324 1190 1388 ‘ibidem
1247 1327 1520 1388 Aristoni
1572 1324 1912 1389 consensit'.
2001 1348 2121 1388 non
2176 1329 2247 1388 de

226 1419 560 1495 Aristonis,
616 1418 721 1478 scd
776 1419 847 1478 de
893 1418 1208 1493 Pomponii
1260 1418 1415 1477 libro
1471 1418 1679 1496 quinto
1735 1436 2064 1478 sermonem
2118 1436 2247 1478 esse

219 1526 410 1585 supra
453 1528 510 1585 p.
545 1510 623 1568 37
633 1510 672 1566 4
721 1507 985 1583 exposui.

407 1610 510 1674 36.
586 1608 664 1673 D.
703 1608 810 1691 25,
851 1611 906 1692 1,
947 1609 1027 1674 11
1045 1630 1141 1692 pr.
1247 1606 1567 1691 Ulpianus
1640 1607 1805 1673 libro
1867 1608 2249 1694 trigensimo

227 1702 414 1764 sexto
474 1698 554 1763 ad
603 1695 915 1764 Sabinum
951 1696 1062 1783 ι(Ρ.
1099 1693 1356 1783 2807ᾱ).
1403 1732 1493 1743 -
1536 1696 1609 1760 In
1665 1697 2088 1781 voluptuariis
2136 1694 2250 1784 (sc.

227 1784 630 1874 impensis).
660 1835 675 1852 .
713 1785 935 1853 Aristo
1002 1786 1230 1851 scribit
1285 1807 1404 1851 nec
1461 1786 1515 1849 si
1572 1786 1903 1851 voluntate
1960 1786 2249 1851 mulieris

227 1876 442 1941 factae
490 1879 670 1960 sunt,
715 1873 1160 1941 retentionem²
1204 1895 1449 1960 parcre.

958 2042 1052 2101 Dc
1094 2043 1266 2102 rebus
1311 2043 1535 2100 amtis.

412 2143 514 2208 37.
576 2141 654 2208 D.
683 2142 786 2221 25,
823 2143 883 2227 2,
923 2143 984 2227 6,
1021 2143 1230 2207 2—5.
1322 2141 1561 2206 Paulus
1616 2141 1783 2208 libro
1841 2143 2117 2228 septimo
2174 2143 2253 2208 ad

231 2229 552 2298 Sabinum
600 2227 702 2317 (P.
736 2230 950 2313 1775).
1006 2267 1077 2277 —
1132 2231 1202 2296 Si
1246 2235 1398 2314 post
1444 2231 1789 2296 divortium
1838 2233 2110 2298 maritus
2149 2233 2253 2297 de-

229 2319 520 2404 cesserit,
564 2319 753 2384 heres
800 2321 935 2406 eius
971 2341 1186 2384 rerum
1227 2323 1591 2384 amotarum
1629 2320 1864 2385 iudicio
1901 2323 2001 2386 uti
2036 2325 2255 2405 potest

234 2458 251 2475 .
281 2458 295 2473 .
324 2457 341 2474 .
369 2408 478 2474 sed
510 2407 566 2472 si
603 2412 813 2472 morte
851 2408 1072 2472 mariti
1109 2408 1392 2473 solutum
1423 2407 1509 2472 sit
1538 2408 2039 2494 matrimonium,
2068 2410 2255 2475 heres

235 2498 453 2561 mariti
501 2496 878 2563 hereditatis
920 2495 1236 2580 petitione
1275 2496 1375 2560 vel
1416 2496 1495 2559 ad
1534 2495 1963 2561 exhibendum
2004 2499 2255 2564 actione

237 2607 348 2650 eas
399 2581 512 2671 (sc.
550 2607 652 2651 res
702 2582 986 2674 amotas)
1033 2586 1339 2670 consequi
1385 2583 1643 2668 poterit.
1721 2584 1948 2651 Aristo
1996 2592 2063 2652 et
2108 2608 2255 2652 con·

234 2673 367 2739 dici
432 2673 492 2738 ei
557 2669 669 2759 (sc.
726 2672 1013 2760 mulieri)
1068 2695 1260 2758 posse
1298 2723 1313 2737 .
1342 2723 1357 2739 .
1395 2677 1612 2758 putat,
1677 2674 1827 2758 quia
1883 2696 1959 2738 ex
2015 2675 2259 2740 iniusta

237 2783 436 2829 causa
482 2763 651 2847 apud
699 2785 841 2828 eam
889 2767 1119 2829 essent.

416 2875 700 2934 Fortasse
765 2875 1064 2935 sententia
1126 2875 1327 2951 potius
1393 2873 1469 2932 ad
1524 2878 1705 2950 caput
1759 2873 1833 2932 de
1888 2875 2257 2936 condictione

227 2957 427 3047 (infra
473 2985 529 3040 p.
563 2954 720 3044 386)
765 2963 1077 3024 referenda
1123 2967 1231 3024 est.

1073 3117 1172 3184 De
1216 3119 1435 3184 tutelis.

419 3225 523 3290 38.
582 3224 728 3290 Vat.
774 3224 852 3291 fr.
897 3226 1018 3291 197
1028 3225 1241 3290 —199
1301 3221 1477 3312 (Ulp.
1526 3224 1603 3290 de
1660 3226 1761 3291 off.
1809 3249 1903 3312 pr.
1950 3225 2117 3312 tut.).
2178 3263 2253 3273 —

239 3313 343 3379 An
383 3313 558 3378 bello
598 3314 820 3379 amissi
857 3337 896 3378 a
932 3315 1136 3379 tutela
1174 3334 1478 3378 excusare
1516 3314 1836 3379 debeant?
1910 3365 1923 3379 .
1956 3367 1969 3380 .
1999 3365 2014 3382 .
2041 3319 2260 3380 utrum

387 3476 412 3522 1
458 3469 537 3524 Fe
569 3469 912 3526 exhibeatur.

386 3546 418 3593 2
463 3541 610 3596 Trib.
651 3541 1014 3596 exactionem.

350 3639 545 3688 Iurispr.
575 3640 814 3680 antehadr.
842 3640 941 3680 rell.
962 3641 1031 3681 ed.
1051 3641 1250 3681 Bremer.
1291 3641 1357 3692 ΙΙ,
1377 3643 1414 3682 2.
1772 3637 1837 3686 26
