2575 3900
810 209 863 258 4.
908 205 971 260 L.
1010 203 1378 260 NERATIUS
1414 203 1713 260 PRISCUS
2141 206 2269 272 339

670 361 759 420 De
792 363 979 420 herede
1014 365 1169 420 intra
1204 369 1414 434 tempus
1441 370 1622 435 petere
1657 366 1832 422 vetito.

422 456 483 523 5.
540 454 619 522 D.
651 457 757 537 34,
784 457 844 540 3,
874 457 935 539 8,
962 457 1022 522 2.
1113 456 1507 541 Pomponius
1564 457 1734 522 libro
1789 461 1972 524 sexto
2021 458 2101 523 ad
2151 457 2262 525 Sa-

242 544 467 609 binum
515 542 611 631 (P.
651 542 832 632 509).
885 582 959 592 —
1010 543 1180 611 Illud
1226 546 1571 610 videndum
1617 551 1742 631 est,
1789 569 1874 612 an
1919 547 2055 612 eius
2100 553 2264 613 tem-

239 634 445 719 poris,
503 635 678 698 intra
724 633 893 718 quod
939 637 1157 719 petere
1200 635 1387 699 heres
1432 635 1670 700 vetitus
1719 636 1831 719 sit,
1885 637 1986 701 vel
2032 659 2262 702 usuras

238 722 343 787 vel
375 745 623 808 poenas
660 727 877 805 petere
915 723 1140 807 possit.
1214 729 1279 789 et
1306 722 1566 789 Priscus
1596 724 1902 789 Neratius
1941 725 2264 791 existima-

240 812 357 877 bat
394 812 797 877 committere
834 833 979 876 eum
1018 810 1324 877 adversus
1361 816 1841 898 testamentum,
1880 814 1935 878 si
1971 816 2261 899 petisset.

418 905 785 982 Pomponius
832 905 1025 965 addit:
1073 900 1255 984 ‘quod
1302 926 1510 966 verum
1557 902 1688 969 est'.

906 1083 1001 1144 De
1042 1083 1351 1157 usufructu
1397 1087 1596 1160 leyato.

855 1200 945 1255 Dc
980 1201 1088 1256 loci
1120 1201 1418 1268 usufructu
1455 1202 1644 1271 leyato.

418 1291 505 1356 6⁸.
552 1288 631 1355 D.
662 1291 722 1373 8,
751 1289 811 1370 5,
844 1291 908 1375 2,
935 1291 995 1355 2.
1047 1288 1227 1356 Idem
1257 1290 1372 1377 (sc.
1401 1289 1754 1378 Ulpianus)
1779 1292 1948 1358 libro
1979 1295 2257 1379 septimo

243 1379 492 1444 decimo
540 1378 621 1444 ad
668 1378 947 1444 edictum
990 1377 1089 1466 (P.
1116 1376 1296 1467 594).
1345 1416 1430 1426 —
1479 1427 1495 1444 .
1525 1429 1540 1444 .
1568 1379 1873 1446 Neratius
1913 1382 2157 1467 scribit,
2203 1384 2258 1448 si

241 1468 437 1533 medii
481 1468 609 1533 loci
649 1489 803 1532 usus
841 1467 1093 1533 fructus
1130 1469 1399 1553 legetur,
1444 1469 1570 1533 iter
1609 1490 1859 1555 quoque
1897 1471 2098 1556 sequi,
2144 1494 2258 1556 per

236 1579 313 1622 ea
362 1557 609 1623 scilicet
653 1557 797 1622 loca
840 1556 1041 1637 fundi,
1086 1578 1201 1641 per
1253 1578 1417 1641 quae
1456 1557 1566 1641 qui
1600 1580 1791 1622 usum
1824 1558 2108 1624 fructum
2143 1560 2257 1643 <in

233 1647 419 1730 iure>
473 1645 668 1710 cessit
722 1647 1175 1728 constitueret,
1230 1650 1546 1730 quatenus
1603 1649 1703 1710 est
1768 1646 1849 1711 ad
1912 1648 2256 1714 fruendum

232 1756 686 1800 necessanum.
872 1776 879 1782 -

415 1823 507 1888 δι’.
552 1821 701 1887 Vat.
740 1822 844 1888 54.
893 1861 978 1870 —-
1028 1821 1209 1889 Sicut
1249 1824 1472 1910 legato
1519 1845 1640 1888 usu
1686 1823 1900 1889 fructu
1945 1825 2072 1891 loci
2119 1827 2254 1890 sine

237 1913 547 1979 servitute
603 1913 727 1977 iter
782 1934 1037 1998 quoque
1080 1935 1197 1999 per
1239 1913 1383 1979 loca
1428 1913 1761 1979 testatoris
1810 1913 2098 1997 debetur,
2158 1915 2254 1981 ita

233 2005 298 2067 in
356 2004 521 2086 iure·
551 2023 730 2067 cesso
787 2002 915 2067 iter
972 2024 1225 2088 quoque
1281 2002 1596 2068 contineri
1641 2001 1948 2068 Neratius
2005 2005 2250 2071 scribit.

536 2158 627 2214 De
660 2160 851 2215 domus
886 2160 1182 2227 usufructu
1216 2160 1512 2215 habitandi
1548 2176 1717 2215 causa
1751 2161 1954 2217 relicte.

415 2252 471 2315 7.
522 2249 597 2316 D.
631 2252 689 2331 7,
721 2252 779 2333 8,
812 2252 919 2332 10,
948 2252 1009 2316 2.
1099 2249 1416 2334 Ulpianus
1463 2251 1631 2316 libro
1680 2253 1954 2335 septimo
2003 2252 2248 2318 decimo

234 2339 315 2404 ad
371 2337 679 2404 Sabinum
736 2340 835 2425 (P.
872 2337 1095 2427 2576).
1158 2375 1232 2387 -
1293 2388 1307 2405 .
1336 2389 1352 2405 .
1409 2339 1464 2403 si
1520 2341 1610 2405 sic
1665 2340 1927 2406 relictus
1983 2342 2068 2405 sit
2128 2340 2247 2406 ‘illi

231 2429 460 2491 domus
525 2448 711 2491 usum
764 2427 1042 2493 fructum
1094 2427 1435 2492 habitandi
1492 2427 1728 2511 causa',
1792 2432 2011 2493 utrum
2067 2430 2246 2494 habi·

229 2517 545 2579 tationem
593 2538 682 2579 an-
720 2536 871 2580 vero
919 2518 984 2579 et
1029 2538 1215 2580 usum
1260 2515 1544 2581 fructum
1581 2515 1840 2596 habeat,
1887 2518 2246 2585 videndum.

230 2609 301 2669 et
355 2601 665 2668 Proculus
731 2608 795 2667 et
846 2602 1151 2668 Neratius
1215 2607 1452 2687 putant
1517 2605 1722 2669 solam
1775 2604 2242 2671 habitationem

228 2695 534 2778 legatam.

408 2784 701 2862 Ulpianus
745 2785 936 2847 addit:
986 2780 1166 2861 ‘quod
1214 2790 1310 2845 est
1357 2778 1606 2848 verum'.

918 2938 1005 2993 De
1040 2940 1160 2993 iure
1194 2938 1548 2993 accrescendi.

408 3030 495 3096 8⁸.
541 3029 693 3107 vat,
729 3031 807 3096 fr.
836 3032 876 3111 ξ
907 3032 992 3096 83
1019 3026 1247 3117 (Ulp.).
1276 3066 1366 3077 —
1393 3028 1544 3095 Non
1577 3030 1783 3095 solum
1815 3080 1827 3095 .
1859 3081 1872 3094 .
1903 3031 1958 3095 si
1989 3030 2238 3096 duobus

225 3120 306 3185 do
334 3122 483 3205 lego
511 3142 665 3185 usus
692 3120 939 3185 fructus
967 3119 1241 3206 legetur,
1276 3119 1530 3184 eritius
1561 3118 1984 3203 adcrescendi,
2011 3141 2238 3184 verum

224 3209 379 3293 (et)
444 3210 497 3273 si
564 3209 751 3274 alteri
814 3230 971 3273 usus
1034 3209 1309 3293 fructus,
1375 3208 1566 3274 alteri
1631 3209 2020 3294 proprietas3
2088 3231 2239 3273 nam

226 3300 565 3363 amittente
602 3320 789 3363 usum
826 3297 1107 3363 fructum
1145 3298 1367 3380 altero,
1403 3298 1506 3362 cui
1545 3301 1683 3363 erat
1714 3298 1987 3384 legatus,
2027 3298 2236 3382 magis

222 3388 363 3452 iure
422 3386 831 3452 adcrescendi
886 3387 965 3452 ad
1022 3386 1297 3451 alterum
1351 3387 1631 3469 pertinet
1687 3408 1880 3470 quam
1933 3384 2101 3449 redit
2157 3386 2238 3449 ad

222 3476 705 3561 proprietatem.
803 3496 921 3541 nec
985 3496 1251 3557 novum3
1316 3496 1468 3539 nam
1534 3478 1600 3539 et
1665 3476 1721 3539 si
1778 3474 2024 3539 duobus
2081 3496 2236 3538 usus

223 3566 474 3631 fructus
530 3565 783 3650 legetur
830 3569 895 3629 et
940 3563 1109 3649 apud
1158 3564 1432 3628 alterum
1483 3564 1568 3628 sit
1613 3563 2080 3645 consolidatuS,
2134 3562 2236 3625 ius

1706 3665 1812 3721 22*
1957 3651 1968 3669 ⁸
