2575 3900
309 138 435 202 108
461 139 558 195 111.
579 139 732 195 GAII
750 138 1044 194 CLAUDII
1062 137 1334 194 NERON.
1355 139 1648 194 GALBAE
1668 139 1882 194 TEMP.
1903 139 2098 194 IURIS
2119 137 2333 196 CONS.

308 324 562 367 servum
609 301 1060 367 manumittere
1101 302 1299 367 vellet
1333 323 1453 367 nec
1486 303 1728 368 iustam
1766 325 2022 368 causam
2061 302 2143 368 ad
2180 325 2334 369 con·

308 391 525 456 silium
563 390 1059 456 manumittendi
1085 391 1376 475 haberet,
1410 392 1533 456 tibi
1563 414 1710 457 eum
1737 396 1812 456 ut
1840 391 2336 457 manumitteres

303 478 616 562 <fiduciae
651 501 845 545 causa
882 480 1247 565 mancipio>
1286 479 1491 545 dedit:
1526 481 1794 565 negavit
1829 502 1978 545 eum
2018 479 2335 546 Proculus

302 568 578 633 liberum
625 589 793 652 esse,
838 568 1144 652 quoniam
1197 569 1374 634 fraus
1422 569 1556 655 legi
1602 571 1778 633 facta
1823 573 2009 634 esset.

483 677 615 740 Gai.
646 683 701 757 1,
732 682 834 740 38.
918 674 955 739 ‘.
986 726 1001 739 .
1028 681 1237 740 eadem
1280 675 1440 759 lege'
1487 699 1566 741 sc.
1612 681 1790 740 Aelia
1837 680 2044 740 Sentis.
2089 676 2335 741 ‘minori

304 768 414 827 XX
458 786 753 828 annorum
797 768 1035 828 domino
1080 787 1201 828 non
1246 769 1424 829 aliter
1468 769 1893 830 manumittere
1934 770 2334 846 permittitur,

304 876 482 933 quam
531 857 796 917 vindicta
839 857 1001 935 apud
1046 858 1362 918 consilium
1406 859 1570 918 iusta
1614 877 1796 919 causa
1845 859 2334 920 manumissionis

304 940 674 1021 adprobata'.
764 947 837 1006 cf.
883 947 1130 1006 Per-nice
1175 947 1295 1024 111,
1336 948 1457 1007 301
1507 967 1565 1006 n.
1597 949 1654 1006 3.

894 1109 996 1175 De
1037 1111 1334 1192 emptione
1376 1112 1732 1177 venditione.

483 1233 541 1298 8.
588 1233 667 1300 D.
686 1234 793 1320 21,
813 1237 871 1316 1,
894 1235 997 1319 17,
1013 1235 1076 1299 4.
1146 1231 1466 1318 Ulpianus
1495 1235 1666 1300 libro
1696 1235 1908 1320 primo
1937 1234 2018 1299 ad
2047 1234 2329 1299 edictum

304 1320 606 1387 aedilium
656 1322 991 1388 curulium.
1044 1360 1119 1370 —
1171 1323 1352 1388 Idem
1397 1322 1515 1410 (sc.
1561 1323 1908 1408 Vivianus)
1957 1324 2076 1388 ait:
2131 1324 2327 1387 inter-

303 1414 575 1496 rogatus
635 1410 947 1477 Proculus
1014 1412 1091 1476 de
1155 1433 1230 1477 eo
1298 1413 1407 1496 qui
1470 1413 1646 1477 domi
1710 1413 2013 1477 latuisset
2075 1412 2144 1475 in
2207 1412 2334 1476 hoc

304 1498 573 1578 scilicet,
639 1504 713 1564 ut
779 1500 971 1587 fugae
1028 1505 1258 1566 nactus
1317 1502 1720 1566 occasionem
1777 1523 1846 1566 se
1903 1499 2334 1584 subtraheret,

303 1589 423 1673 ait,
476 1590 740 1653 tametsi
785 1589 1008 1674 fugere
1053 1612 1187 1656 non
1227 1594 1452 1674 posset
1497 1589 1722 1676 videri,
1769 1590 1881 1673 qui
1929 1589 2106 1654 domi
2156 1611 2335 1654 mau-

308 1677 518 1759 sisset,
562 1679 783 1742 tamen
830 1700 978 1743 eum
1022 1677 1376 1765 fugitivum
1422 1677 1648 1761 fuisse3
1697 1679 1800 1743 sin
1843 1682 2060 1742 autem
2097 1677 2166 1742 in
2202 1677 2332 1742 hoc

303 1770 557 1830 tantum
599 1767 916 1849 latuisset,
963 1768 1174 1852 quoad
1212 1767 1549 1832 iracundia
1588 1767 1833 1832 domini
1871 1766 2332 1849 effervesceret,

303 1854 651 1938 fugitivum
705 1877 833 1928 non
896 1877 1064 1937 esse,
1119 1855 1314 1920 sicuti
1359 1877 1442 1920 ne
1489 1878 1636 1921 eum
1683 1855 1970 1940 quidem,
2028 1856 2138 1940 qui
2183 1877 2331 1920 cum

305 1943 640 2009 dominum
698 1943 1238 2010 animadverteret
1288 1945 1662 2010 verberibus
1712 1968 1780 2009 se
1829 1944 2099 2010 adficere
2144 1944 2331 2029 velle,

302 2032 768 2117 praeripuisset
813 2055 880 2098 se
929 2034 1009 2098 ad
1056 2033 1355 2117 amicum,
1402 2056 1590 2118 quem
1635 2034 1713 2098 ad
1752 2034 2145 2135 precandum
2181 2054 2332 2117 per-

304 2121 580 2187 duceret.
663 2142 744 2186 ne
800 2142 947 2187 eum
1003 2122 1260 2205 quidem
1308 2122 1657 2207 fugitivum
1704 2144 1874 2207 esse,
1934 2124 2044 2208 qui
2089 2122 2158 2186 in
2205 2123 2331 2186 hoc

301 2231 685 2297 progressus
723 2214 841 2293 est,
883 2215 955 2275 ut
992 2233 1059 2275 se
1095 2212 1576 2313 praecipitaret,
1622 2216 1907 2277 ceterum
1944 2212 2140 2276 etiam
2179 2232 2328 2276 eum

303 2299 445 2383 quis
499 2299 848 2385 fugitivum
905 2299 1169 2383 diceret,
1226 2301 1336 2385 qui
1392 2300 1564 2365 domi
1612 2302 1679 2364 in
1725 2302 1930 2365 altum
1975 2301 2191 2365 locum
2238 2300 2322 2365 ad

301 2388 859 2473 praecipitandum
897 2410 966 2453 se
1002 2388 1414 2472 ascendisset,
1462 2390 1800 2475 magisque
1835 2389 2010 2454 hunc
2046 2396 2323 2453 mortem

303 2478 431 2542 sibi
476 2477 875 2543 consciscere
912 2477 1216 2543 voluisse.
1298 2477 1460 2542 illud
1505 2481 1695 2559 enim,
1741 2476 1911 2562 quod
1953 2478 2329 2560 plerumque

303 2567 386 2632 ab
422 2566 959 2651 imprudentibus,
986 2567 1214 2651 inquit,
1240 2566 1369 2632 dici
1398 2567 1580 2649 solet,
1611 2588 1756 2631 eum
1786 2587 1928 2631 esse
1955 2566 2327 2652 fugitivum,

304 2656 414 2739 qui
450 2660 643 2722 nocte
680 2656 898 2739 aliqua
937 2656 1077 2720 sine
1104 2656 1444 2721 voluntate
1482 2656 1724 2720 domini
1755 2656 2156 2733 emansisset‚
2192 2675 2327 2719 non

305 2765 445 2809 esse
476 2766 719 2825 verum,
748 2744 859 2809 sed
888 2745 971 2808 ab
1001 2745 1235 2810 affectu
1264 2744 1469 2810 animi
1498 2745 1801 2828 cuiusque
1831 2742 2326 2810 aestimandum.

480 2856 652 2913 Hanc
680 2854 920 2914 Proculi
953 2856 1313 2915 sententiam
1339 2855 1757 2932 Epistularum
1782 2855 1950 2915 libris
1980 2854 2325 2915 adtribuere

302 2941 439 3001 ideo
483 2942 895 3021 prohibemur,
940 2944 1098 3019 quod
1142 2944 1434 3005 Vivianus
1481 2946 1652 3003 testis
1699 2944 1997 3003 laudatur.

1068 3106 1169 3171 De
1212 3106 1556 3173 mndata?

478 3229 536 3293 9.
592 3228 668 3294 D.
704 3228 802 3306 19,
830 3231 892 3312 2,
924 3230 1023 3314 15,
1052 3231 1110 3296 8.
1201 3230 1381 3296 Idem
1431 3230 1545 3315 (sc.
1593 3230 1942 3317 Ulpianus)
1988 3231 2158 3296 libro
2207 3231 2318 3294 tri-

302 3318 593 3403 gensimo
639 3318 917 3384 secundo
965 3319 1045 3383 ad
1092 3319 1371 3385 edictum
1419 3318 1518 3407 (P.
1557 3316 1730 3407 949)
1793 3356 1878 3365 -
1935 3369 1950 3384 .
1989 3369 2005 3386 .
2054 3321 2110 3384 si
2153 3318 2322 3384 forte

301 3407 597 3472 dominus
642 3407 769 3472 frui
812 3429 943 3472 non
979 3409 1264 3493 patiatur
1303 3405 1418 3495 (sc.
1457 3408 1807 3494 colonum),
1851 3410 1958 3474 vel
1994 3430 2141 3473 cum
2178 3408 2320 3493 ipse

300 3497 581 3562 locasset
633 3498 735 3562 vel
790 3519 935 3563 cum
992 3499 1154 3563 alius
1212 3497 1494 3563 alienum
1549 3498 1651 3562 vel
1708 3498 1892 3581 quasi
1936 3501 2316 3582 procurator
