2575 3900
483 168 550 225 11.
587 168 1067 225 INCERTORUM
1105 168 1564 225 SENTENTIAE
1601 171 1696 225 ΕΤ
1734 169 1944 227 LIBRI.
2091 171 2225 236 553

389 332 533 398 115.
590 331 666 397 D.
707 331 823 418 50,
859 332 969 415 16,
1006 333 1163 416 234,
1201 335 1262 399 2.
1345 331 1529 397 Idem
1591 330 1705 420 (sc.
1766 330 1997 418 Gaius)
2054 334 2223 400 libro

209 419 489 487 secundo
555 421 635 485 ad
700 420 912 506 legem
976 421 1310 487 duodecim
1373 422 1759 486 tabularum.
1810 459 1886 470 -
1935 421 2221 488 Verbum

213 509 428 573 vivere
474 508 735 593 quidam
776 513 1012 594 putant
1058 511 1137 575 ad
1184 511 1399 575 cibum
1445 511 1780 594 pertinere.

381 621 453 680 cf.
498 621 529 679 1
572 641 630 697 p.
663 622 807 680 353.

814 780 908 840 De
950 781 1279 842 hereditatis
1312 781 1604 856 petitione.

393 890 537 954 116.
591 888 670 954 D.
707 889 772 974 5,
808 890 866 971 3,
902 891 1008 956 43.
1082 890 1321 956 Paulus
1365 892 1533 956 libro
1582 892 1858 957 secundo
1907 891 1986 958 ad
2030 890 2224 957 Plau-

208 978 393 1042 tium.
441 1015 524 1024 —
573 977 931 1062 Postquam
973 979 1262 1064 legatum
1311 1002 1350 1043 a
1393 984 1458 1044 te
1505 981 1751 1065 accepi,
1804 981 2223 1046 hereditatem

207 1070 378 1150 pete.
491 1066 835 1132 Atilicinus
897 1068 1278 1152 quibusdam
1332 1067 1651 1152 placuisse
1707 1069 1800 1133 ait
1852 1091 1981 1134 non
2036 1069 2224 1134 aliter

207 1155 368 1219 mihi
405 1155 708 1219 adversus
747 1161 812 1220 te
851 1155 1126 1221 dandam
1162 1156 1564 1242 petitionem,
1604 1179 1795 1242 quam
1834 1158 1893 1222 si
1931 1157 2223 1242 legatum

205 1243 554 1308 redderem.

387 1332 532 1398 117.
587 1332 664 1397 D.
704 1333 774 1418 5,
812 1335 880 1416 3,
925 1332 1036 1416 13,
1075 1334 1133 1398 8.
1215 1332 1394 1398 Idem
1460 1329 1577 1420 (sc.
1640 1332 1989 1420 Ulpianus)
2054 1335 2227 1400 libro

211 1421 438 1504 quinto
487 1421 730 1485 decimo
779 1421 860 1485 ad
907 1422 1202 1486 edictum.
1254 1457 1331 1467 —
1383 1420 1452 1486 Si
1499 1422 1644 1506 quis
1694 1422 1898 1486 sciens
1946 1423 2225 1488 alienam

208 1509 368 1573 emit
403 1509 845 1590 hereditatem,
887 1511 1072 1594 quasi
1107 1531 1223 1594 pro
1262 1531 1633 1594 possessore
1670 1509 2085 1596 possideretl,
2132 1512 2227 1577 sic

207 1597 345 1681 peti
392 1598 472 1662 ab
520 1619 595 1662 eo
640 1597 1067 1663 hereditatem
1113 1598 1375 1683 quidam
1420 1603 1673 1683 putant.

892 1773 985 1830 De
1027 1774 1118 1832 rei
1158 1773 1553 1832 vindicatione.

388 1882 560 1946 118².
597 1880 674 1947 D.
693 1882 799 1965 47,
814 1882 873 1963 3,
893 1882 949 1946 1.
987 1881 1308 1966 Ulpianus
1337 1881 1504 1947 libro
1531 1881 1912 1967 trigensimo
1942 1883 2223 1968 septimo

207 1970 288 2035 ad
335 1970 628 2037 edictum.
667 2008 751 2018 —
790 1971 984 2055 Tigni
1030 2019 1048 2037 .
1077 2021 1090 2035 .
1138 1971 1573 2055 appellatione
1611 1973 1975 2037 continetur
2012 1974 2221 2037 omnis

206 2059 506 2143 materia,
563 2082 639 2124 ex
696 2082 823 2144 qua
874 2060 1230 2125 aedificium
1279 2064 1556 2139 constet,
1616 2061 1960 2145 vineaeque
2007 2082 2222 2126 neces-

209 2148 399 2213 saria.
479 2149 644 2212 u'nde
692 2149 951 2234 quidam
1001 2150 1183 2213 aiunt
1226 2149 1514 2235 tegulam
1552 2171 1803 2233 quoque
1842 2155 1907 2214 et
1943 2150 2223 2234 lapidem

207 2240 274 2300 et
319 2240 557 2301 testam
605 2240 959 2321 ceteraque,
1004 2238 1059 2301 si
1106 2260 1234 2321 qua
1281 2237 1591 2302 aedificiis
1640 2242 1789 2303 sunt
1836 2239 2055 2323 utilia,
2101 2238 2223 2303 hoc

209 2324 485 2407 amplius
543 2329 607 2388 et
653 2326 892 2389 calcem
939 2328 1004 2389 et
1046 2326 1357 2390 harenam
1402 2326 1738 2411 tignorum
1786 2328 2225 2410 appellatione

212 2413 545 2477 contineri.

391 2498 566 2565 11812.
603 2500 682 2566 D.
705 2501 805 2585 10,
823 2501 886 2582 4,
908 2502 943 2564 7
957 2523 1051 2583 pr.
1090 2499 1413 2584 Ulpianus
1432 2501 1599 2566 libro
1620 2501 1967 2567 vicensimo
1990 2506 2223 2587 quarto

210 2589 290 2652 ad
346 2588 643 2653 edictum.
694 2625 770 2635 —
821 2590 1012 2674 'rigni
1079 2589 1511 2673 appellatione
1578 2611 1833 2654 omnem
1889 2591 2224 2656 materiam

209 2678 276 2741 in
340 2677 483 2761 lege
549 2677 884 2742 duodecim
949 2677 1318 2742 tabularum
1384 2677 1761 2762 accipimus,
1823 2682 1898 2743 ut
1962 2681 2223 2763 quibus·

207 2766 355 2830 dam
405 2814 419 2829 .
445 2812 463 2831 .
507 2765 776 2830 videtur.
1366 2764 1371 2769 ’

390 2854 536 2919 119.
589 2854 667 2919 D.
698 2855 766 2933 6,
798 2857 864 2931 1,
895 2855 1005 2937 15,
1034 2856 1092 2921 3.
1165 2855 1485 2940 Ulpianus
1532 2855 1701 2922 libro
1748 2860 1929 2921 sexto
1978 2855 2225 2921 decimo

211 2944 292 3008 ad
358 2942 653 3008 edictum.
700 2979 784 2990 —
842 2940 912 3009 Si
977 2966 1197 3009 servus
1267 2944 1509 3027 petitus
1576 2945 1677 3010 vel
1744 2945 1984 3010 animal
2050 2946 2224 3012 aliud

210 3033 618 3097 demortuum
685 3034 770 3097 sit
828 3033 966 3097 sine
1019 3033 1168 3099 dolo
1225 3034 1396 3097 malo
1454 3038 1519 3097 et
1573 3034 1761 3117 culpa
1788 3035 2226 3118 possessoris,

208 3122 488 3205 pretium
534 3142 664 3186 non
710 3142 848 3186 esse
895 3122 1352 3205 praestandum
1395 3122 1681 3205 plerique
1728 3122 1924 3188 aiunt.

393 3211 537 3274 120.
582 3209 663 3277 D.
692 3210 751 3293 6,
783 3211 840 3289 1,
868 3211 972 3295 23,
1001 3211 1059 3275 2.
1133 3210 1371 3275 Paulus
1417 3210 1587 3275 libro
1625 3210 1976 3276 vicensimo
2013 3213 2223 3297 primo

211 3298 292 3361 ad
366 3298 663 3364 edictum.
723 3334 799 3345 -
859 3298 927 3363 Si
996 3300 1136 3382 quis
1209 3299 1304 3363 rei
1370 3321 1522 3363 suae
1588 3299 1867 3364 alienam
1930 3322 2065 3365 rem
2129 3299 2226 3363 ita

212 3386 539 3470 adiecerit,
603 3393 677 3452 ut
730 3409 884 3471 pars
941 3388 1074 3452 eius
1118 3389 1338 3468 fieret,
1401 3388 1602 3453 veluti
1660 3388 1713 3453 si
1770 3389 1913 3474 quis
1972 3390 2225 3452 statuae

352 3538 382 3586 1
422 3532 516 3588 ΓΖ.
550 3533 804 3604 possidet
841 3535 914 3589 et.
951 3534 1150 3590 emend.
1191 3534 1454 3606 Krueqer.
