2575 3900
364 141 495 206 352
567 141 634 198 V.
672 139 973 196 NERVAE
1010 141 1105 196 ΕΤ
1143 91 1450 196 ‘ma—IAM
1486 140 1702 199 ΤΕΜΡ.
1735 141 1928 197 IURIS
1966 141 2328 198 CONSULTI

362 325 665 372 nummos
713 305 1073 371 debitorem
1116 305 1418 372 iusserim
1456 306 1572 371 alii
1608 305 1777 371 dare.
1848 327 1979 372 non
2015 305 2184 372 esse¹
2219 307 2396 372 enim

364 416 637 480 corpore
700 398 765 460 et
820 397 1002 461 tactu
1055 416 1317 461 necesse
1371 394 1848 480 adprehendere
1901 396 2400 480 possessionem,

366 484 478 550 sed
525 485 720 550 etiam
776 484 978 549 oculis
1025 489 1091 548 et
1136 483 1392 549 affectu.
1491 487 1872 570 argumento
1919 506 2060 550 esse
2107 506 2217 550 eas
2269 507 2401 569 res,

369 595 533 660 quae
556 576 823 657 propter
842 573 1351 657 magnitudinem
1369 573 1668 657 ponderis
1687 573 1935 638 moveri
1953 594 2080 638 non
2101 579 2400 659 possunt,

362 666 437 727 ut
472 663 832 745 columnas3
871 683 1021 726 nam
1058 683 1178 746 pro
1216 662 1478 727 traditis
1511 683 1618 726 eas
1647 661 1886 744 haberi,
1921 663 1978 727 si
2015 662 2080 726 in
2112 683 2182 726 re
2210 685 2400 747 prae-

368 752 543 816 senti
588 750 1059 834 consenserint,
1113 753 1180 815 et
1225 750 1375 815 vina
1418 750 1662 816 tradita
1706 750 1938 834 videri,
1985 772 2130 816 cum
2178 751 2399 818 claves

363 839 563 905 cellae
611 840 900 904 vinariae
945 839 1222 924 emptori
1267 839 1548 905 traditae
1592 839 1851 906 fuerint.

538 946 645 1013 59.
708 946 790 1010 D.
834 947 942 1028 41,
988 948 1050 1029 2,
1097 947 1155 1011 7.
1258 945 1502 1011 Paulus
1565 946 1735 1011 libro
1801 947 2395 1032 quinquagensimo

362 1040 594 1122 quarto
654 1036 737 1100 ad
798 1034 1080 1100 edictum
1138 1035 1233 1118 (P.
1281 1031 1460 1124 660).
1519 1072 1603 1082 —-
1652 1033 1760 1120 (D.
1797 1036 1906 1121 41,
1941 1036 2004 1120 2,
2043 1036 2103 1119 6,
2149 1038 2182 1101 1
2241 1035 2396 1122 Ulp.

361 1127 402 1192 l.
439 1121 627 1190 LXX-
673 1123 753 1188 ad
810 1122 905 1188 ed.
995 1121 1146 1198 ‘Qui
1191 1123 1273 1188 ad
1319 1123 1642 1189 nundinas
1687 1126 2020 1208 profectus
2065 1124 2397 1190 neminem

361 1213 699 1298 reliquerit
746 1217 838 1294 et,
892 1211 1041 1276 dum
1089 1212 1199 1276 ille
1246 1235 1286 1276 a
1329 1212 1632 1278 nundinis
1678 1212 1873 1299 redit,
1926 1213 2161 1298 aliquis
2208 1235 2400 1280 occu-

361 1303 614 1387 paverit
650 1300 1145 1386 possessionem,
1179 1301 1386 1366 videri
1422 1324 1565 1366 eum
1605 1302 1773 1367 clam
1807 1301 2137 1387 possidere
2174 1301 2398 1370 Labeo

363 1391 615 1477 scribit3
670 1390 905 1456 retinet
955 1411 1109 1475 ergo
1154 1391 1634 1475 possessionem
1677 1390 1734 1456 is
1781 1392 1892 1476 qui
1938 1389 2018 1456 ad
2064 1391 2393 1458 nundinas

363 1480 543 1545 abiit.
616 1502 840 1545 verum
888 1480 944 1544 si
989 1482 1417 1544 revertentem
1461 1479 1794 1544 dominum
1829 1500 1962 1545 non
2000 1479 2399 1564 admiserit²‚

361 1570 427 1634 vi
484 1569 692 1653 magis
747 1568 1040 1652 intellegi
1096 1567 1453 1652 possidere,
1516 1590 1648 1632 non
1705 1565 1946 1654 clam.’)
2050 1569 2160 1634 sed
2216 1576 2282 1634 et
2337 1571 2399 1634 si

361 1658 532 1722 nolit
583 1659 654 1723 in
699 1657 970 1722 fundum
1016 1657 1278 1739 reverti,
1324 1656 1496 1742 quod
1542 1657 1673 1722 vim
1722 1658 2032 1722 maiorem
2079 1662 2402 1743 vereatur,

367 1747 663 1812 amisisse
683 1744 1161 1831 possessionem
1183 1745 1535 1826 videbitur3
1559 1751 1624 1810 et
1642 1747 1737 1811 ita
1755 1745 2064 1812 Neratius
2086 1796 2099 1809 .
2114 1795 2128 1810 .
2151 1746 2398 1812 scribit.

1126 1946 1219 2007 De
1262 1951 1631 2023 usucapione.

541 2064 672 2132 60?
727 2065 804 2130 D.
834 2067 940 2149 41,
966 2067 1029 2141 4,
1060 2068 1120 2148 2,
1149 2067 1209 2132 6.
1300 2065 1540 2132 Paulus
1584 2066 1754 2131 libro
1808 2067 2398 2155 quinquagensimo

363 2159 590 2237 quarto
639 2155 717 2221 ad
764 2155 1040 2220 edictum
1080 2153 1180 2240 (P.
1201 2155 1382 2240 664).
1419 2192 1502 2202 -
1544 2154 1705 2220 Cum
1743 2153 2040 2221 Stichum
2076 2158 2397 2236 emissem,

360 2245 575 2311 Dama
600 2265 720 2327 per
745 2244 1181 2330 ignorantiam
1210 2244 1371 2309 mihi
1397 2265 1517 2327 pro
1547 2266 1621 2309 eo
1649 2243 1929 2310 traditus
1951 2248 2068 2309 est.
2133 2244 2398 2310 Priscus

364 2336 457 2398 ait
500 2356 620 2398 usu
667 2355 769 2398 me
818 2355 961 2398 eum
1004 2355 1137 2397 non
1174 2338 1533 2417 capturum,
1578 2333 1731 2419 quia
1765 2333 1850 2412 id,
1898 2332 2066 2417 quod
2103 2337 2396 2418 emptum

360 2445 493 2489 non
531 2425 635 2505 sit,
671 2444 789 2506 pro
829 2427 1122 2505 emptore
1158 2421 1428 2506 usucapi
1461 2443 1598 2487 non
1633 2425 1882 2507 potest3
1921 2420 2032 2487 sed
2071 2421 2127 2486 si
2153 2421 2395 2488 fundus

362 2518 616 2596 emptus
658 2515 745 2576 sit
780 2515 848 2575 et
885 2510 1231 2596 ampliores
1268 2510 1433 2574 fines
1469 2511 1754 2594 possessi
1793 2511 1943 2594 sint,
1987 2513 2202 2576 totum
2237 2509 2398 2577 ηεαδ

362 2602 531 2687 capi,
587 2600 895 2686 quoniam
949 2599 1338 2664 universitas
1395 2598 1531 2663 eius
1586 2598 2020 2684 possideatur,
2073 2621 2205 2663 non
2261 2600 2394 2665 sin-

360 2692 552 2778 gulae
598 2695 835 2775 partes

539 2800 643 2863 61.
697 2794 778 2862 D.
805 2796 913 2879 41,
945 2797 1045 2878 10,
1075 2797 1133 2861 3.
1224 2795 1619 2878 Pomponius
1675 2794 1846 2860 libro
1904 2794 2253 2861 vicensimo
2299 2817 2400 2861 se-

361 2887 571 2951 cundo
626 2886 707 2950 ad
753 2884 1061 2950 Sabinum
1112 2882 1210 2970 (P.
1238 2880 1450 2967 69612).
1503 2921 1579 2931 —
1640 2882 2014 2966 Hominem,
2070 2906 2258 2969 quem
2315 2907 2400 2951 ex

364 2975 785 3058 stipulatione
824 2978 888 3039 te
927 2974 1088 3038 mihi
1127 2973 1358 3038 debere
1395 2974 1561 3037 falso
1591 2972 2029 3058 existimabas,
2063 2974 2401 3040 tradidisti

362 3063 540 3129 mihi.
597 3065 653 3127 si
684 3064 949 3129 scissem
977 3061 1140 3127 mihi
1166 3060 1330 3127 nihil
1359 3061 1597 3143 deberi,
1630 3084 1749 3125 usu
1778 3083 1923 3126 eum
1953 3084 2085 3126 non
2113 3064 2402 3148 capiam;

363 3152 534 3236 quod
591 3152 646 3217 si
702 3152 946 3234 nesci0,
1002 3152 1215 3217 verius
1262 3157 1389 3235 est,
1444 3154 1518 3215 ut
1563 3151 2000 3236 usucapiam[‚
2053 3152 2208 3236 quia
2252 3152 2402 3237 ipsa

505 3313 539 3432 ὲ
566 3307 861 3447 ffelnelflgui
888 3378 1043 3448 apud
1070 3380 1261 3433 Nerat.
1291 3378 1462 3448 legit:
1493 3379 1710 3433 ‘verum
1739 3378 1788 3433 si
1819 3380 2106 3434 revertens
2131 3379 2404 3437 domiuus

279 3472 287 3479 ·
363 3466 476 3505 non
515 3449 790 3503 admissus
828 3449 945 3517 sit',
982 3449 1133 3519 apud
1169 3450 1325 3505 Paul.
1364 3450 1576 3505 tradita
1611 3450 1784 3504 verba
1820 3449 2062 3505 exhibet.

509 3528 541 3575 3
586 3521 732 3575 Trib.
770 3519 941 3589 longo
977 3524 1247 3589 tempore.
