2575 3900
1028 193 1077 243 7.
1112 186 1490 244 PROCULUS
1977 223 1992 237 κ
2141 188 2268 252 129

241 345 402 417 dum‘
438 360 734 434 crescant,
790 357 1090 416 interdum
1138 359 1501 435 exarescant,
1549 375 1688 417 suos
1731 359 1934 416 tamen
1979 357 2268 418 terminos

244 446 508 506 retinent
565 445 817 523 ideoque
873 445 936 504 in
991 445 1086 504 his
1141 445 1235 505 ius
1289 445 1612 506 alluvionis
1667 464 1788 505 non
1843 440 2267 522 adgnoscitur'.

970 598 1072 666 De
1114 601 1250 666 iure
1291 600 1546 666 dotium.

424 703 529 772 35.
574 705 654 770 D.
684 707 789 789 23,
816 707 877 790 4,
909 707 1007 771 17.
1080 706 1395 771 Proculus
1432 706 1601 772 libro
1637 705 1975 772 undecimo
2004 706 2274 791 Epistu-

245 796 477 861 larum.
520 831 605 842 —
654 795 1001 860 Atilicinus
1036 793 1311 860 Proculo
1360 817 1476 861 suo
1525 795 1820 860 salutem.
1903 793 2066 860 Cum
2101 796 2270 860 inter

246 885 455 949 virum
532 889 597 948 et
668 905 933 949 uxorem
1004 888 1266 968 pactum
1338 888 1724 949 conventum
1791 887 1943 949 ante
2007 885 2268 968 nuptias

242 973 493 1038 factum
553 973 664 1056 sit,
727 978 802 1037 ut
857 973 1088 1057 quibus
1144 972 1370 1038 diebus
1428 973 1544 1037 dos
1600 973 1750 1037 data
1805 976 2001 1057 esset,
2064 973 2269 1038 isdem

247 1061 525 1127 divortio
588 1061 762 1127 facto
826 1060 1220 1147 redderetur,
1286 1065 1438 1146 post
1500 1062 2010 1147 quinquennium
2074 1083 2266 1146 quam

240 1151 514 1234 nuptiae
567 1149 777 1216 factae
824 1154 977 1215 sunt
1031 1172 1193 1215 uxor
1246 1151 1387 1215 viro
1436 1150 1649 1215 dotem
1712 1150 1906 1214 dedit.
1990 1150 2268 1215 divortio

244 1239 421 1304 facto
478 1260 745 1324 quaero,
800 1244 1015 1304 utrum
1063 1239 1484 1324 quinquennii
1529 1239 1629 1302 die
1675 1239 1773 1302 vir
1818 1240 2004 1304 uxori
2050 1240 2269 1304 dotem

244 1328 546 1393 redderet
593 1350 677 1392 an
723 1331 969 1394 statuto
1016 1327 1270 1413 legibus
1315 1332 1624 1413 tempore.

423 1415 735 1483 Proculus
780 1417 1139 1501 respondit:
1193 1418 1356 1500 quod
1396 1418 1483 1481 ad
1523 1417 1685 1481 diem
1729 1417 2068 1482 reddendae
2110 1417 2270 1482 dotis

244 1507 479 1589 attinet,
503 1511 689 1588 paeto
725 1507 1004 1571 existimo
1042 1507 1352 1571 meliorem
1378 1506 1789 1570 condicionem
1817 1506 2097 1570 mulieris
2129 1506 2271 1588 fieri

236 1615 446 1679 posse,
508 1595 861 1659 deteriorem
903 1615 1031 1660 non
1074 1615 1267 1678 posse.
1357 1595 1562 1676 itaque
1613 1595 1673 1659 si
1722 1599 1977 1660 cautum
2028 1599 2138 1678 est,
2201 1599 2274 1658 at

235 1684 530 1767 propiore
574 1688 853 1767 tempore,
897 1705 1083 1766 quam
1122 1683 1350 1766 leydms
1384 1685 1775 1748 constitutam
1811 1688 1914 1766 est,
1958 1684 2273 1765 reddatur,

243 1773 405 1838 stari
448 1793 514 1837 eo
560 1773 783 1854 debere,
826 1773 885 1837 si
928 1777 1001 1837 ut
1034 1773 1319 1856 Zonyiore,
1365 1793 1472 1836 nee
1507 1771 1711 1837 valere
1744 1773 1818 1836 id
1834 1777 2096 1856 paetum
2131 1793 2268 1837 eon·

244 1866 511 1930 ventum.
601 1863 777 1926 euius
819 1863 1151 1926 sententiae
1192 1863 1553 1926 conveniens
1596 1867 1684 1926 est
1724 1862 1920 1926 dicere
1927 1911 1944 1945 ‚
1995 1862 2054 1926 si
2091 1866 2272 1943 pacto

246 1956 531 2017 convento
576 1957 827 2016 cautam
870 1957 974 2034 est,
1018 1956 1091 2015 at
1130 1955 1361 2033 quanto
1405 1952 1604 2017 senius
1648 1972 1916 2034 quaeque
1959 1947 2094 2016 res²
2125 1956 2275 2034 post

144 2093 155 2101 .
242 2041 502 2122 nuptias
555 2042 705 2105 data
754 2041 974 2142 faerit,
1038 2044 1209 2105 tanto
1254 2046 1400 2123 post
1449 2042 1782 2105 divortium
1835 2041 2152 2124 reddatur,
2215 2041 2274 2105 si

234 2130 549 2213 propiore,
593 2150 781 2211 quam
826 2130 896 2193 in
942 2106 1250 2195 reddenda
1278 2131 1414 2194 dote
1439 2131 1830 2194 constitu-tum
1866 2134 1955 2194 est
1988 2130 2137 2194 data
2173 2130 2273 2212 sit,

246 2218 448 2283 valere
480 2223 739 2301 pactum
783 2223 1164 2297 conventam,
1210 2220 1267 2283 si
1313 2219 1604 2302 tonyiore,
1650 2239 1777 2283 non
1821 2219 2039 2283 valere.

428 2308 530 2374 36.
577 2307 655 2372 Ι).
689 2307 789 2385 19,
818 2306 879 2390 5,
911 2306 1011 2371 12.
1078 2306 1393 2372 Proculus
1431 2307 1598 2372 libro
1639 2307 1972 2372 undecimo
2002 2306 2270 2391 Epistu-

245 2395 477 2461 larum.
529 2431 618 2442 —
675 2392 743 2459 Si
806 2396 907 2460 vir
970 2396 1157 2460 uxori
1221 2417 1375 2461 suae
1439 2395 1672 2462 fundos
1737 2395 2027 2460 vendidit
2084 2399 2150 2460 et
2205 2395 2272 2458 in

248 2483 616 2550 venditione
664 2484 1199 2567 comprehensum
1246 2489 1348 2548 est
1395 2485 1769 2549 convenisse
1815 2485 1986 2549 inter
2032 2506 2172 2562 eos,
2217 2483 2273 2549 si

246 2594 327 2637 ea
371 2576 577 2656 nupta
624 2575 679 2637 ei
721 2594 861 2637 esse
900 2572 1184 2652 desisset,
1230 2576 1305 2636 ut
1340 2593 1449 2636 eos
1488 2572 1743 2655 fundOS,
1789 2572 1844 2636 si
1882 2572 2022 2656 ipse
2059 2573 2272 2655 vellet,

248 2661 472 2727 eodem
544 2662 754 2747 pretio
829 2659 1061 2726 mulier
1133 2659 1598 2725 transcriberet
1660 2661 1830 2745 vim,
1906 2662 1976 2725 in
2035 2660 2272 2742 factum

242 2751 528 2816 existimo
576 2750 878 2815 iudicium
922 2769 1046 2814 esse
1088 2750 1461 2815 reddendum
1505 2750 1686 2831 idque
1729 2755 1786 2814 et
1827 2750 1899 2814 in
1945 2749 2094 2815 aliis
2126 2770 2271 2833 per-

243 2840 417 2905 sonis
461 2839 917 2904 observandum.

753 2979 1101 3034 Incertorum
1137 2979 1401 3034 librorum
1435 2978 1762 3048 fraqmenta.

428 3074 594 3145 Quae
652 3074 881 3135 subieci
934 3074 1272 3154 fragmenta
1318 3074 1534 3135 iisdem
1579 3076 1834 3135 fortasse
1879 3074 2050 3135 libris
2096 3076 2269 3135 attri-

244 3164 488 3223 buenda
531 3166 689 3224 sunt.

884 3288 887 3293 .
1000 3229 1101 3295 De
1145 3231 1526 3297 testamentis,

427 3336 533 3402 37.
597 3335 677 3402 D.
716 3336 819 3419 50,
860 3337 959 3420 16,
1005 3336 1147 3402 116.
1247 3336 1426 3402 Idem
1494 3334 1608 3424 (sc.
1665 3334 2039 3421 Iavolenus)
2100 3334 2270 3400 libro

247 3425 526 3509 septimo
547 3422 1016 3510 Epistularum.
1035 3459 1119 3473 -
1143 3423 1471 3509 ‘Quisquis
1501 3426 1664 3491 mihi
1692 3425 1856 3491 alius
1888 3425 2005 3489 filii
2024 3424 2271 3489 filiusve

394 3568 422 3615 1
467 3563 560 3618 Fz.
599 3564 673 3620 et.

352 3660 546 3711 Iuriapr.
576 3664 812 3705 antehndr.
840 3664 940 3705 rell.
968 3664 1037 3706 ed.
1054 3664 1254 3705 Bremer.
1297 3664 1360 3715 11,
1380 3666 1418 3704 2.
1810 3658 1841 3705 9
