2575 3900
338 189 463 253 118
499 190 592 245 111.
615 145 766 247 em
787 189 1077 245 Chauon
1095 188 1366 246 Nsaon.
1385 189 1674 246 GALBAE
1696 189 2122 246 TEMP.1URJS
2142 189 2346 246 cons,

617 388 716 454 De
760 388 1144 470 adquirenda
1187 394 1246 455 et
1286 390 1626 455 amittenda
1659 389 2057 474 possessione.

506 511 567 578 9.
631 510 708 576 D.
738 512 844 595 41,
875 514 931 595 1,
962 512 1065 577 55.
1162 513 1474 579 Proculus
1528 512 1699 578 libro
1755 512 2032 578 secundo
2085 511 2348 595 Epistu-

330 600 559 665 larum.
606 635 693 646 -—
733 599 812 665 In
854 600 1172 684 laqueum,
1219 623 1408 686 quem
1455 601 1731 667 venandi
1777 623 1972 666 causa
2016 621 2344 686 posuer-ast,

330 710 485 771 aper
516 687 759 753 incidit.
827 711 973 754 cum
1016 711 1091 754 eo
1129 690 1441 776 haereret,
1487 692 1855 775 exemptum
1891 711 2038 754 eum
2077 689 2343 755 abstuli:

327 799 483 841 num
537 777 661 842 tibi
708 777 927 842 videor
972 782 1156 843 tuum
1204 801 1431 864 aprum
1478 777 1871 844 abstulisse?
1945 783 2010 842 et
2055 777 2112 843 ni
2157 782 2343 843 tuum

328 870 517 950 putas
574 865 799 949 fuisse,
855 865 912 930 si
967 868 1249 932 solutum
1307 889 1454 933 eum
1505 867 1572 932 in
1619 867 1852 932 silvam
1900 865 2342 951 dimississem,

326 975 402 1017 eo
469 975 623 1019 casu
682 957 832 1018 tuus
896 976 1035 1020 esse
1101 954 1373 1021 desisset
1435 978 1518 1020 an
1582 955 1914 1020 maneret?
2015 958 2083 1020 et
2147 977 2341 1040 quam

327 1042 644 1108 actionem
694 1064 944 1109 mecum
987 1043 1292 1129 haberes,
1349 1044 1404 1109 si
1450 1045 1723 1110 desisset
1767 1048 1919 1110 tuus
1967 1064 2133 1128 esse,
2187 1065 2342 1108 num

326 1131 395 1194 in
440 1129 686 1196 factum
735 1131 874 1196 dari
921 1135 1272 1217 oporteret,
1320 1154 1578 1217 quaero·

501 1219 890 1303 Respondit·
937 1221 1219 1324 laqwum
1263 1223 1575 1286 videamus
1617 1241 1696 1286 ne
1729 1221 1969 1286 intersit
2003 1219 2072 1284 in
2093 1220 2342 1302 publico

330 1329 422 1371 an
476 1308 543 1372 in
590 1309 837 1390 privato
877 1311 1195 1391 posuerim
1248 1315 1330 1388 et,
1383 1311 1442 1376 si
1485 1311 1554 1374 in
1589 1310 1836 1392 privato
1871 1310 2081 1394 posui,
2132 1313 2344 1373 utrum

324 1397 396 1460 in
450 1416 578 1460 meo
623 1417 710 1461 an
752 1397 824 1461 in
866 1398 1094 1482 alieno,
1147 1403 1231 1483 et,
1287 1400 1346 1464 si
1386 1399 1459 1464 in
1502 1399 1704 1464 alieno
1713 1448 1730 1482 ,
1785 1402 1998 1463 utrum
2029 1397 2344 1499 permissu

322 1485 461 1549 eius
513 1485 689 1550 euius
739 1486 973 1565 fundus
1024 1491 1160 1552 erat
1199 1508 1287 1551 an
1329 1507 1457 1552 non
1487 1487 1800 1570 permissu
1843 1487 1974 1552 eius
2007 1487 2341 1568 posuerim.

314 1577 631 1654 praeterea
685 1578 899 1638 utrum
950 1575 1021 1639 in
1070 1595 1136 1639 eo
1179 1577 1272 1640 ita
1316 1575 1577 1641 haeserit
1619 1596 1794 1660 aper,
1847 1580 1918 1640 ut
1958 1575 2238 1657 eaepedire
2279 1594 2342 1640 se

321 1681 449 1726 non
477 1663 678 1744 possit
706 1663 855 1746 ipse,
902 1683 988 1728 an
1023 1664 1257 1729 diutius
1295 1664 1576 1729 luctando
1613 1665 2002 1766 expediturus
2035 1683 2099 1729 se
2127 1663 2342 1745 fuerit.

320 1770 629 1814 summam
683 1756 887 1816 tamen
937 1751 1097 1816 hanc
1139 1757 1292 1834 puto
1347 1773 1493 1837 esse,
1545 1757 1642 1838 ut,
1694 1753 1753 1817 si
1803 1752 1873 1817 in
1927 1773 2126 1816 meam
2167 1757 2341 1830 pote-

322 1843 535 1902 statem
562 1841 853 1925 pervenit,
888 1860 1055 1905 meus
1084 1841 1292 1921 faetus
1325 1842 1424 1906 sit.
1505 1842 1604 1905 sin
1639 1845 1842 1905 autem
1877 1861 2103 1922 aprum
2138 1861 2342 1904 meum

314 1924 586 2007 factum1
642 1929 713 1993 in
764 1948 946 1995 suam
1000 1929 1352 1996 naturalem
1409 1930 1726 1995 laxitatem
1779 1929 2116 1995 dimisisses
2167 1933 2224 1995 et
2274 1950 2342 1994 eo

316 2015 480 2095 facto
534 2037 702 2083 meus
754 2038 876 2083 esse
928 2018 1200 2101 desisset,
1254 2020 1549 2085 actionem
1604 2018 1760 2083 mihi
1805 2019 1874 2083 in
1913 2018 2152 2095 factum
2195 2018 2343 2082 dari

322 2110 617 2191 oportere,
687 2106 874 2171 veluti
942 2127 1299 2188 responsum
1359 2113 1472 2187 est,
1545 2128 1683 2173 eum
1745 2108 1998 2190 quidam
2051 2106 2342 2189 poculum

324 2194 579 2259 alterius
621 2215 696 2259 ex
739 2215 893 2259 nave
936 2196 1212 2261 eiecisset.

494 2304 855 2381 Pomponius
920 2306 1178 2382 Ulpiano
1250 2309 1405 2367 teste
1467 2306 1539 2367 D.
1587 2308 1698 2380 41,
1749 2307 1813 2384 1,
1859 2308 1945 2365 44
2018 2306 2081 2364 in
2153 2305 2336 2365 simili

322 2393 665 2467 quaestione
712 2394 948 2455 Proculi
1000 2396 1199 2455 verbis
1254 2396 1471 2455 utitur:
1531 2388 1862 2473 ‘cogitabat
1907 2438 1921 2454 .
1962 2439 1977 2454 .
2025 2414 2204 2472 quem
2263 2394 2342 2453 ad

320 2480 562 2540 modum
627 2486 790 2543 terra
850 2484 1119 2561 marique
1176 2487 1378 2562 capta,
1445 2502 1581 2543 cum
1643 2485 1705 2542 in
1765 2500 1934 2543 suam
2000 2483 2339 2542 naturalem

322 2568 627 2629 laxitatem
662 2575 1074 2651 pervenerant,
1112 2572 1452 2632 desinerent
1489 2590 1693 2632 eorum
1731 2590 1859 2631 esse
1888 2572 1992 2648 qui
2030 2573 2336 2647 ceperunt,

322 2652 435 2717 ita'
480 2679 528 2720 e.
580 2680 632 2737 q.
684 2678 727 2719 s.

495 2747 661 2807 Paul.
702 2747 759 2809 S.
792 2751 849 2825 3,
889 2753 946 2823 6,
985 2751 1067 2809 45
1126 2744 1306 2809 ‘retia
1349 2743 1612 2825 apraria'
1659 2750 1845 2809 fundo
1891 2748 2181 2809 contineri
2229 2749 2332 2808 ait.

497 2848 599 2912 10.
667 2848 745 2912 D.
779 2850 841 2931 4,
869 2850 928 2932 3,
957 2850 1060 2915 31.
1159 2851 1466 2915 Proculus
1521 2850 1687 2915 libro
1744 2850 2022 2916 secundo
2075 2848 2340 2933 Epistu-

321 2934 553 2999 larum.
608 2971 693 2982 —
751 2936 908 3004 Cum
964 2938 1101 3020 quis
1140 2940 1524 3041 persuaserit
1569 2939 1850 3021 familiae
1902 2959 2092 3021 meae,
2146 2942 2220 3002 nt
2267 2938 2343 3003 de

310 3024 694 3107 possessione
740 3026 1005 3110 decedat,
1049 3028 1348 3108 possessio
1394 3030 1637 3111 quidem
1681 3049 1805 3093 non
1851 3028 2182 3109 amittitur,
2233 3028 2345 3091 sed

317 3113 390 3176 de
446 3112 582 3178 dolo
627 3113 791 3178 malo
836 3115 1134 3179 iudicium
1182 3116 1249 3180 in
1294 3138 1432 3181 eum
1475 3118 1779 3201 competit,
1831 3118 1888 3183 si
1930 3116 2082 3199 quid
2122 3115 2342 3180 damni

318 3199 475 3265 mihi
516 3204 839 3267 accesserit.

493 3294 737 3356 Pernice
791 3288 897 3375 112,
937 3298 1061 3359 229
1119 3318 1177 3357 n.
1218 3300 1282 3359 5.
1345 3291 1473 3357 ‘der
1529 3297 1895 3359 Schlul'ssatz
1949 3298 2342 3361 verwechselt

313 3383 717 3443 anscheinend
762 3385 1037 3446 accedere
1083 3386 1206 3446 und
1252 3387 1518 3446 accidere
1565 3432 1578 3445 .
1610 3434 1666 3447 ..

463 3560 489 3608 1
532 3554 627 3611 Fi.
665 3557 859 3613 ferum.
