2575 3900
803 230 849 282 7.
897 223 1297 281 IUVENTIUS
1334 223 1599 281 CELSUS
2080 225 2214 289 495

203 396 440 472 legatus
485 395 550 453 in
595 395 868 471 Thracia,
913 395 1120 454 consul
1167 396 1276 454 sub
1326 393 1609 472 Traiano,
1661 397 1733 454 ut
1776 394 2040 468 videtur,
2094 393 2214 470 pri·

198 503 388 557 mum,
431 484 654 542 iterum
699 484 908 544 consul
953 502 1106 542 anno
1149 485 1293 559 129,
1338 483 1401 541 in
1437 483 1730 542 Hadriani
1774 482 2087 542 consilium
2122 501 2219 541 re-

197 577 407 649 ceptus
453 576 560 633 est.

379 660 611 720 Plinius
661 681 752 736 ep.
796 663 854 736 6,
893 662 930 720 5
977 660 1198 719 litteris
1246 660 1323 718 ad
1358 659 1580 720 Ursum
1626 659 1783 720 datis
1830 659 1903 720 de
1939 662 2221 734 praetore

195 752 347 810 haec
401 754 632 810 narrat:
691 743 1065 826 ‘scripseram
1121 749 1384 808 tenuisse
1438 748 1741 808 Varenum
1796 751 1869 808 ut
1914 750 2027 808 sibi
2082 767 2219 808 evo-

201 857 338 898 care
375 842 564 898 testes
599 838 834 915 liceret3
881 837 1042 915 quod
1076 836 1353 913 pluribus
1390 855 1665 914 aequum,
1710 837 2068 914 quibusdam
2103 837 2216 896 ini-

199 948 385 1004 quum
413 931 476 986 et
503 928 745 1004 quidem
770 927 1155 1004 pertinaciter
1181 926 1397 997 visum,
1434 926 1689 985 maxime
1717 926 1947 986 Licinio
1975 925 2219 1002 Nepoti,

199 1017 306 1094 qui
359 1017 633 1094 sequenti
686 1019 925 1093 senatu,
986 1033 1120 1074 cum
1177 1015 1250 1072 de
1311 1015 1491 1074 rebus
1546 1015 1682 1074 aliis
1734 1015 2086 1092 referretur,
2143 1015 2220 1072 de

198 1106 469 1180 proximo
543 1111 786 1165 senatus
861 1104 1134 1164 consulto
1207 1103 1493 1162 disseruit
1560 1103 1910 1180 finitamque
1974 1121 2217 1163 causam

199 1195 570 1253 retractavit.
653 1193 885 1252 addidit
939 1193 1120 1252 etiam
1165 1193 1490 1268 petendum
1536 1211 1572 1250 a
1618 1193 1962 1253 consulibus
2007 1196 2079 1250 ut
2127 1210 2217 1250 re-

197 1284 426 1342 ferrent
473 1283 584 1342 sub
631 1283 900 1358 exemplo
947 1282 1100 1358 legis
1144 1282 1407 1341 ambitus
1451 1280 1524 1339 de
1560 1282 1693 1360 lege
1730 1280 2217 1357 repetundarum,

199 1389 278 1430 an
340 1372 608 1448 placeret
670 1371 733 1430 in
795 1372 1068 1430 futurum
1129 1370 1202 1428 ad
1258 1389 1390 1429 eam
1444 1370 1635 1445 legem
1693 1370 1847 1429 adici
1903 1373 1997 1445 ut,
2060 1370 2219 1429 sicut

199 1459 651 1520 accusatoribus
703 1460 1040 1536 inquirendi
1087 1459 1467 1533 testibusque
1513 1457 1905 1517 denuntiandi
1949 1463 2217 1535 potestas

198 1566 275 1608 ex
321 1567 394 1608 ea
439 1549 570 1626 lege
617 1553 797 1620 esset,
857 1549 946 1606 ita
989 1547 1106 1606 reis
1155 1565 1387 1623 quoque
1434 1547 1619 1606 fieret.
1710 1548 1956 1606 fuerunt
2000 1547 2220 1624 quibus

197 1639 346 1697 haec
402 1637 530 1696 eius
587 1637 778 1696 oratio
833 1638 904 1694 ut
958 1654 1090 1695 sera
1143 1641 1205 1694 et
1247 1634 1671 1710 intempestiva
1725 1638 1788 1694 et
1830 1639 2223 1713 praepostera

199 1726 565 1803 displiceret,
612 1745 762 1803 quae
810 1725 1027 1784 omisso
1075 1728 1282 1783 contra
1320 1724 1553 1783 dicendi
1586 1726 1853 1799 tempore
1892 1726 2218 1799 castigaret

197 1818 509 1892 peractum
591 1814 689 1874 cui
768 1813 1068 1889 potuisset
1147 1830 1471 1873 occurrere.
1587 1812 1897 1872 Iuventius
1976 1813 2217 1890 quidem

199 1902 408 1964 Celsus
461 1906 705 1981 praetor
757 1905 1062 1980 tamquam
1117 1903 1561 1963 emendatorem
1612 1905 1855 1961 senatus
1902 1905 1963 1962 et
2008 1902 2216 1963 multis

199 1996 264 2053 et
334 1995 716 2053 vehementer
785 1992 1098 2068 increpuit.
1203 1991 1514 2068 respondit
1586 1992 1815 2069 NepOS,
1884 2010 2217 2068 rursusque

201 2079 439 2141 Celsus:
494 2084 709 2141 neuter
763 2081 1142 2141 contumeliis
1195 2082 1563 2157 temperavit
1617 2125 1630 2139 .
1662 2128 1675 2139 .
1706 2128 1719 2140 .
1773 2080 1921 2139 mihi
1977 2082 2218 2158 quidem

197 2165 357 2229 illud
416 2170 598 2229 etiam
644 2171 1032 2248 peracerbum
1077 2171 1198 2229 fuit
1256 2170 1417 2247 quod
1462 2174 1605 2229 sunt
1650 2171 1803 2228 alter
1846 2170 2027 2229 alteri
2071 2168 2217 2247 quid

203 2263 490 2334 pararent
540 2260 805 2319 indicati.
896 2278 1034 2317 nam
1090 2262 1152 2317 et
1207 2258 1416 2318 Celsus
1468 2258 1690 2334 Nepoti
1745 2277 1817 2317 ex
1869 2259 2073 2318 libello
2124 2275 2219 2316 re·

205 2347 445 2423 spondit
491 2350 554 2407 et
598 2346 770 2407 Celso
816 2348 1016 2423 Nepos
1062 2366 1135 2405 ex
1178 2346 1577 2425 pugillaribus
1607 2394 1619 2405 .
1650 2394 1663 2406 .
1694 2341 1733 2405 .'

379 2435 474 2493 Ab
536 2435 667 2511 ipso
725 2438 896 2510 patre
953 2437 1014 2493 et
1066 2435 1374 2513 Aristone,
1438 2438 1508 2493 ut
1558 2435 1824 2507 videtur,
1886 2435 2215 2496 instructus

201 2515 306 2604 (D.
353 2524 465 2598 31,
512 2525 596 2583 20
653 2518 712 2581 ‘a
764 2526 936 2599 patre
987 2524 1072 2581 sic
1117 2524 1322 2599 accepi
1366 2516 1564 2598 quod'.
1655 2523 1729 2583 D.
1767 2525 1879 2599 40,
1923 2527 1986 2601 7,
2026 2527 2138 2599 29,
2178 2527 2208 2583 1

201 2606 432 2671 ‘Aristo
462 2610 632 2670 Celso
669 2604 1023 2691 rescripsit')
1063 2616 1123 2671 et
1158 2611 1565 2687 respondendo
1604 2616 1665 2671 et
1694 2612 1863 2671 libris
1892 2612 2223 2673 scribendis

201 2718 446 2775 operam
484 2700 648 2759 dedit
683 2701 1082 2777 successitque
1119 2701 1357 2761 scholae
1394 2701 1669 2776 princeps
1702 2702 1863 2777 patri
1902 2699 2074 2760 Celso
2112 2704 2219 2759 aut

201 2792 341 2849 ante
378 2788 692 2849 Neratium
730 2788 998 2849 Priscum
1033 2791 1142 2848 aut
1178 2808 1314 2849 cum
1345 2788 1590 2849 Neratio
1620 2781 2013 2871 (Pomponius
2042 2786 2081 2865 ἓ
2105 2790 2214 2849 53:

201 2872 518 2938 ‘successit
546 2924 594 2939 ..
615 2922 632 2939 .
657 2878 819 2954 patri
856 2876 1026 2937 Celso
1067 2877 1274 2938 Celsus
1310 2878 1470 2937 filius
1508 2881 1567 2937 et
1594 2878 1833 2939 Priscus
1862 2872 2221 2955 Neratius'.)

377 2968 536 3026 Ante
593 2967 982 3046 Digestorum
1043 2968 1229 3027 libros
1283 2967 1535 3027 XXXIX
1592 2967 1895 3027 Hadriano
1950 2968 2217 3044 principe

201 3056 563 3134 compositos
626 3060 688 3116 et
751 3056 827 3116 ab
896 3056 1010 3116 hac
1065 3056 1413 3117 collectione
1471 3056 1723 3135 alienos,
1787 3057 2041 3116 fortasse
2094 3056 2218 3115 iam

202 3144 461 3204 Traiano
505 3145 772 3222 principe
809 3145 1242 3222 Epistularum,
1289 3145 1738 3223 Quaestionum,
1786 3144 2216 3205 Commentari-

203 3251 375 3292 orum
447 3234 589 3294 libri
648 3238 860 3312 postea
916 3234 978 3293 in
1042 3235 1429 3312 Digestorum
1492 3235 1677 3295 libros
1741 3235 1993 3312 recepti,
2068 3252 2217 3310 quos

203 3321 596 3381 Tribonianus
641 3323 931 3401 neglexit,
978 3324 1178 3384 emissi
1225 3327 1381 3384 sunt.

377 3410 614 3469 Laudat
667 3410 912 3471 Sextum
971 3412 1209 3471 Aelium
1263 3406 1362 3491 (D.
1399 3416 1503 3486 19,
1539 3416 1603 3489 1,
1634 3415 1745 3489 38,
1779 3404 1873 3493 1),
1930 3411 2220 3471 Catonem

233 3498 304 3557 D.
343 3500 454 3576 50,
496 3501 604 3575 16,
643 3502 745 3575 98,
784 3493 879 3579 1),
941 3500 1200 3559 Brutum
1261 3494 1361 3580 (D.
1412 3503 1511 3575 18,
1551 3505 1610 3581 2,
1651 3506 1750 3578 11,
1795 3496 1887 3582 1),
1951 3501 2221 3559 Drusum

232 3586 305 3645 D.
340 3589 440 3663 19,
475 3591 529 3664 1,
559 3580 690 3669 38),
735 3588 1033 3648 Rutilium
1069 3584 1168 3670 (D.
1194 3593 1249 3667 7,
1279 3592 1339 3668 8,
1373 3592 1471 3667 10,
1502 3585 1589 3670 3),
1627 3590 1916 3661 Quintum
1950 3589 2219 3648 Mucium
