2575 3900
344 191 475 252 542
1080 188 1630 244 ADDITAMENTA.

343 356 565 417 mento
640 350 948 417 Scaevola
1011 355 1231 417 noster
1303 352 1584 436 dicebat,
1655 353 1807 436 quia
1875 356 1942 417 et
2013 353 2376 437 pupillares

342 442 604 506 tabulae
650 462 803 524 pars
859 444 1011 505 sunt
1053 441 1285 525 prioris
1331 443 1722 507 testamenti.
1805 442 1916 506 sed
1963 443 2255 527 plerique
2300 443 2375 507 in

342 531 597 594 diversa
642 532 797 594 sunt
840 527 1195 612 opinione.¹

1014 670 1114 737 De
1159 672 1430 736 libertate
1472 672 1700 737 relicta.

520 786 625 853 56.
681 785 756 851 D.
796 786 901 870 40,
942 785 1002 871 4,
1039 786 1142 851 57.
1234 785 1435 851 Gaius
1499 788 1666 852 libro
1728 786 1924 853 tertio
1991 788 2070 852 de
2143 810 2368 852 manu·

343 875 787 941 missionibus.
808 912 883 922 —
912 873 978 939 Si
1007 875 1293 959 locuples
1327 877 1544 959 egenti
1570 876 1755 941 heres
1785 875 2124 957 exstiterit,
2149 876 2370 941 videa-

341 986 503 1046 mus,
553 986 634 1028 an
684 985 759 1028 ea
804 986 907 1028 res
954 969 1342 1028 testamento
1392 965 1562 1029 datis
1603 965 2010 1031 libertatibus
2047 965 2368 1050 proficiat,

345 1058 418 1118 ut
455 1052 803 1118 creditores
841 1052 1123 1116 fraudari
1160 1074 1295 1118 non
1332 1053 1690 1119 videantur.
1740 1057 1804 1118 et
1843 1075 1997 1118 sane
2035 1057 2186 1118 sunt
2221 1053 2364 1137 qui·

345 1142 510 1222 dam,
553 1141 681 1226 qui,
718 1163 863 1205 cum
902 1141 1087 1204 heres
1128 1141 1416 1225 locuples
1455 1143 1774 1226 existeret,
1810 1142 1941 1207 tale
1979 1164 2120 1207 esse
2157 1142 2366 1206 credi-

346 1230 605 1308 derunt,
661 1230 878 1313 quale,
933 1231 989 1293 si
1035 1230 1172 1313 ipse
1218 1234 1497 1295 testator
1539 1230 1830 1297 adauctis
1876 1234 2108 1314 postea
2158 1231 2362 1296 facul-

340 1319 587 1383 tatibus
635 1317 1029 1383 decessisset.

519 1412 592 1471 of.
640 1411 769 1472 Gai.
806 1416 863 1488 1,
893 1414 995 1472 36.

520 1496 624 1560 57.
679 1495 759 1561 D.
786 1497 891 1576 40,
918 1496 981 1578 4,
1016 1496 1111 1560 19.
1193 1493 1374 1561 Idem
1421 1494 1539 1583 (sc.
1582 1493 1906 1583 Iulianus)
1950 1496 2118 1560 libro
2163 1497 2358 1560 tertio

341 1585 421 1648 ad
461 1584 764 1650 Urseium
801 1584 1126 1649 Ferocem.
1162 1621 1249 1631 —
1288 1583 1562 1660 Quidam
1600 1584 1896 1650 heredem
1945 1606 2130 1648 suum
2171 1605 2358 1670 roga-

342 1678 541 1755 verat,
585 1678 659 1737 ut
705 1695 960 1738 servum
1008 1673 1522 1758 manumitteret3
1576 1673 1832 1752 deinde,
1877 1674 1932 1737 si
1976 1674 2163 1738 heres
2212 1695 2360 1737 eum

341 1785 469 1828 non
534 1762 1007 1840 manumiserit,
1081 1762 1356 1827 liberum
1421 1785 1568 1827 eum
1632 1783 1772 1827 esse
1829 1763 2110 1826 iusserat
2173 1762 2359 1847 eique

343 1851 699 1935 legaverat:
744 1850 929 1915 heres
982 1871 1126 1936 eum
1173 1851 1566 1916 manumisit.
1647 1850 1935 1935 plerique
1983 1850 2357 1916 existimant

341 1939 510 2005 hunc
558 1962 634 2003 ex
679 1942 1071 2005 testamento
1117 1939 1489 2005 libertatem
1535 1941 1865 2025 consequi.

518 2028 649 2093 58?
694 2027 771 2094 D.
800 2029 905 2106 40,
934 2028 992 2112 5,
1023 2029 1129 2112 24,
1158 2027 1257 2094 19.
1324 2027 1643 2114 Ulpianus
1681 2030 1848 2095 libro
1886 2029 2112 2112 quinto
2149 2026 2358 2093 Fidei·

341 2118 849 2182 commissorum.
904 2153 979 2163 —
1032 2115 1100 2181 Si
1161 2119 1261 2182 cui
1323 2120 1607 2202 legatum
1669 2119 1757 2182 sit
1819 2117 2113 2182 relictum
2172 2118 2359 2201 isque

339 2211 608 2289 rogatus
658 2205 743 2269 sit
787 2206 1121 2290 proprium
1169 2226 1424 2270 servum
1473 2206 1923 2271 manumittere
1961 2206 2145 2290 eique
2183 2206 2360 2289 quod

338 2295 629 2379 legatum
697 2298 796 2359 est
859 2299 1211 2379 praestare,
1278 2316 1362 2358 an
1433 2294 2026 2360 fideicommissario.
2087 2295 2357 2359 libertas

337 2383 732 2467 praestanda
770 2383 902 2447 sit‘?
968 2386 1282 2467 quosdam
1321 2388 1552 2463 movet,
1589 2384 1740 2467 quia
1777 2384 1832 2448 si
1870 2383 2068 2449 fuerit
2095 2386 2356 2448 coactus

338 2472 417 2535 ad
485 2473 850 2536 libertatem
915 2472 1397 2555 praestandam,
1463 2494 1537 2536 ex
1597 2473 1980 2537 necessitate
2042 2472 2119 2535 ad
2177 2470 2359 2536 fidei·

339 2561 665 2626 commissi
704 2582 957 2645 quoque
994 2562 1500 2644 praestationem
1539 2560 1663 2625 erit
1700 2561 2044 2646 cogendus
2098 2564 2164 2625 et
2204 2566 2358 2625 sunt

340 2652 448 2735 qui
494 2654 754 2734 putant,
799 2671 931 2714 non
979 2671 1118 2714 esse
1165 2650 1540 2733 cogendum.

515 2738 644 2805 59?
692 2738 769 2804 D.
801 2740 905 2816 31,
934 2738 1035 2803 84.
1094 2737 1336 2803 Paulus
1372 2738 1538 2803 libro
1569 2740 1874 2803 vicesimo
1912 2739 2120 2822 primo
2153 2737 2355 2814 Quae-

335 2830 637 2893 stionum.
686 2863 771 2874 —
822 2824 889 2890 Si
948 2828 1091 2910 quis
1148 2849 1332 2891 servo
1389 2849 1504 2892 suo
1556 2827 2116 2893 fideicommissam
2163 2826 2353 2891 liber-

335 2920 537 2980 tatem
585 2916 849 2999 reliquit
895 2920 959 2978 et
1007 2914 1178 2979 aliud
1217 2916 1370 2999 quid
1411 2916 1767 3000 adscripsit,
1814 2915 2076 3000 quidam
2115 2915 2355 2999 dicunt,

337 3005 490 3089 quia
538 3005 837 3088 placebat
884 3006 965 3068 ab
1012 3003 1243 3068 herede
1293 3027 1435 3068 eum
1475 3004 1852 3069 manumitti
1889 3004 2136 3089 debere,
2180 3004 2354 3068 futu-

334 3115 479 3158 rum
528 3114 693 3177 esse,
742 3098 816 3158 ut
860 3114 991 3157 non
1040 3092 1422 3157 admittatur
1469 3094 1548 3157 ad
1593 3094 2176 3159 fideicommissum.

971 3242 1073 3308 De
1115 3244 1718 3309 manumissionibus

514 3350 644 3415 60?
690 3348 768 3415 D.
788 3351 894 3433 40,
914 3352 973 3433 2,
997 3350 1097 3435 14,
1122 3353 1174 3414 1.
1221 3350 1587 3415 Marcianus
1616 3351 1782 3415 libro
1813 3354 2043 3434 quarto
2072 3348 2355 3434 Regula·

324 3462 498 3527 rum.
541 3476 617 3485 —
670 3436 837 3505 Sunt
891 3440 1000 3523 qui
1056 3444 1291 3523 putant
1343 3440 1536 3504 etiam
1587 3439 1854 3503 feminas
1902 3461 2090 3523 posse
2139 3440 2357 3503 matri-

481 3570 508 3615 1
550 3560 646 3617 Fz.
686 3562 910 3616 dicebat
948 3600 960 3611 .
1001 3560 1097 3613 sed
1135 3601 1148 3614 .
1180 3601 1193 3614 .
1232 3559 1516 3629 opinione,
1556 3561 1690 3629 quia
1726 3604 1738 3615 .
1772 3600 1783 3613 .
1817 3602 1829 3614 .
1866 3560 2202 3615 testamenti.
