2575 3900
343 189 528 252 xvm

522 357 1011 418 Antehadrianae
1049 357 1557 433 iurisprudentiae
1596 356 1859 417 edendae
1899 356 2216 416 consilium
2250 356 2395 433 ipse

344 451 484 508 ante
539 448 647 507 hos
702 446 921 525 viginti
975 446 1235 524 quinque
1287 446 1414 506 fere
1462 464 1647 506 annos
1696 446 1825 521 cep'i
1870 446 2198 522 statimque
2244 465 2397 506 cum

344 537 674 613 bibliopola
728 536 802 594 de
855 535 1016 594 omni
1061 555 1279 612 genere
1327 535 1641 594 literarum
1688 535 1912 610 optime
1961 535 2179 594 merito
2225 553 2397 595 com-

345 625 666 686 municavi.
724 625 830 684 sed
859 625 1173 702 quominus
1201 643 1328 684 rem
1354 625 1729 701 propositam
1758 625 2142 702 aggrederer,
2165 624 2395 683 nedum

343 714 704 792 expedirem,
751 714 886 772 aliis
934 713 1144 774 officiis
1190 733 1300 790 per
1334 714 1586 791 longum
1620 717 1861 788 tempus
1898 712 2391 790 impedientibuS,

345 823 484 864 cum
547 803 791 863 interim
855 801 998 863 Otto
1065 803 1251 862 Lenel
1316 802 1801 879 Palingenesiam
1865 802 2137 860 editurus
2204 805 2391 880 esset,

345 894 642 969 collegam
677 892 898 966 monui,
934 911 1009 952 ne
1047 891 1194 950 iuris
1231 891 1461 968 publici
1498 891 1771 968 sacrique
1808 891 2149 968 fragmenta
2182 891 2387 968 negle-

346 983 522 1060 geret
555 1000 705 1041 neve
742 981 890 1040 iuris
929 981 1234 1041 consultos
1262 982 1591 1040 secundum
1622 979 1892 1039 ordinem
1918 979 2389 1055 alphabeticum,

351 1070 456 1138 sed
520 1070 723 1146 potius
787 1070 1075 1146 temporis
1138 1070 1373 1130 ratione
1436 1069 1647 1128 habita
1705 1069 2053 1144 collocaret3
2114 1068 2275 1146 quod
2337 1068 2393 1128 si

346 1159 580 1236 petenti
631 1158 781 1218 mihi
839 1177 1185 1219 concessum
1242 1161 1427 1234 esset,
1488 1177 1524 1216 a
1567 1153 1875 1234 prop'osito
1930 1157 2038 1216 illo
2098 1156 2387 1216 desistere

345 1248 706 1326 cogitabam.
788 1247 946 1324 quod
992 1267 1126 1306 cum
1163 1265 1336 1307 secus
1373 1248 1605 1306 factum
1642 1249 1815 1320 esset,
1864 1245 2111 1322 optimis
2148 1246 2388 1305 auxiliis

347 1337 468 1396 iam
540 1335 771 1413 paratis
840 1337 1214 1412 propositum
1287 1354 1438 1413 opus
1509 1335 1661 1394 mihi
1722 1335 1969 1401 tandem
2029 1335 2387 1413 aggredien-

349 1426 498 1486 dum
543 1429 688 1486 erat.

372 1593 380 1604 .
527 1513 643 1574 Sed
705 1512 1060 1592 priusquam
1123 1514 1196 1573 de
1256 1503 1491 1574 ratione
1546 1513 1611 1572 in
1669 1514 1783 1573 hoc
1844 1532 2023 1589 opere
2086 1513 2391 1590 sequenda

347 1622 665 1679 exponam,
720 1603 1228 1679 praemittendum
1285 1605 1407 1680 est,
1470 1601 1617 1680 quid
1661 1601 1733 1662 de
1779 1601 2177 1678 Pomponiani
2220 1601 2389 1661 illius

348 1692 686 1768 fragmenti,
733 1711 850 1768 quo
899 1692 972 1751 de
1019 1691 1486 1751 antehadrianae
1524 1709 1763 1768 quoque
1800 1691 2021 1750 aetatis
2058 1691 2209 1750 iuris
2250 1709 2390 1750 con-

350 1781 525 1842 sultis
571 1781 850 1857 traditur,
897 1780 1240 1841 condicione
1289 1780 1565 1840 sentiam.
1652 1780 1814 1856 quod
1858 1779 1925 1838 P.
1973 1779 2246 1857 Krueger
2293 1779 2393 1841 vir

351 1869 732 1930 doctissimus
782 1826 929 1928 di’cit
977 1863 1216 1951 (Gesch.
1264 1891 1323 1945 p.
1367 1871 1493 1930 1⁷⁷
1531 1889 1590 1928 ιι.
1630 1860 1773 1951 24):
1824 1861 1985 1928 dass
2033 1868 2139 1927 der
2175 1866 2391 1928 Abriss

347 1959 458 2020 der
509 1958 1076 2037 Rechtsgeschichte
1130 1959 1194 2017 in
1247 1958 1385 2037 Dig.
1429 1964 1483 2035 1,
1527 1961 1584 2031 2,
1622 1962 1659 2017 2
1729 1958 2067 2047 sprachlich
2125 1958 2391 2019 vielfach

348 2047 610 2109 Austoss
666 2050 892 2126 erregt,
937 2047 1098 2125 liegt
1148 2066 1225 2107 an
1273 2050 1378 2107 der
1424 2047 1835 2107 verdorbenen
1881 2034 2391 2123 Uberlieferung',

350 2138 628 2197 libellum
681 2137 858 2195 illum
910 2136 1033 2197 iam
1087 2140 1228 2196 ante
1291 2136 1694 2197 Iustinianum
1749 2137 2146 2213 depravatum
2201 2134 2390 2195 fuisse

351 2226 596 2288 videtur
641 2225 999 2285 existimare.
1093 2228 1158 2285 at
1200 2225 1399 2301 ipsum
1449 2225 1880 2285 Tribonianum
1928 2241 2168 2303 quoque
2211 2224 2391 2283 Pom-

354 2314 521 2391 ponii
564 2314 970 2374 narrationem
1015 2314 1182 2399 varie
1229 2317 1493 2375 mutasse
1539 2333 1661 2374 non
1705 2314 1880 2374 modo
1930 2312 2245 2392 suspicari,
2284 2312 2391 2372 sed

355 2402 508 2463 satis
556 2402 964 2462 demonstrare
1009 2402 1170 2464 licet.

533 2490 632 2550 Ad
677 2491 824 2550 haec
869 2492 1072 2566 verba,
1118 2511 1273 2569 quae
1311 2493 1375 2550 in
1410 2491 1704 2568 principio
1742 2491 2056 2569 leguntur:
2096 2484 2393 2550 ‘necessa-

353 2579 513 2640 rium
561 2624 576 2639 .
613 2621 632 2641 .
675 2579 847 2641 nobis
901 2574 1166 2643 videtur'
1227 2574 1437 2657 ‘ipsius
1483 2581 1633 2639 iuris
1682 2579 1979 2658 originem
2023 2582 2205 2656 atque
2249 2598 2409 2655 pro--

353 2688 588 2731 cessum
643 2665 1074 2732 demonstrare'
1133 2670 1335 2732 verbis
1385 2663 1447 2746 §²
1500 2672 1580 2730 13
1630 2670 1715 2729 sic
1768 2669 2161 2729 remittimur:
2218 2662 2394 2727 ‘Post

356 2757 648 2836 originem
693 2759 844 2820 iuris
890 2763 951 2819 et
996 2778 1343 2836 processum
1390 2759 1699 2837 cognitum
1743 2776 2110 2834 consequens
2158 2759 2267 2833 est,
2317 2761 2393 2817 ut

358 2847 430 2907 de
473 2847 940 2925 magistratuum
979 2848 1319 2907 nominibus
1357 2851 1419 2907 et
1457 2846 1685 2922 origine
1724 2839 2189 2922 cognoscamus’.
2260 2846 2390 2923 qui-

355 2934 472 2995 bus
511 2935 691 2994 rebus
729 2932 813 3010 §§
848 2936 1108 2995 14—34
1145 2935 1408 2995 narratis
1444 2934 1771 3009 improviso
1810 2954 1877 2993 ac
1915 2936 2115 2995 subito
2141 2934 2207 2993 in
2234 2932 2273 3009 ἓ
2304 2936 2389 2995 35

362 3025 510 3083 haec
557 3027 916 3099 sequuntur:
965 3018 1145 3083 ‘Iuris
1183 3023 1377 3084 civilis
1418 3023 1730 3083 scientiam
1764 3024 2012 3100 plurimi
2050 3028 2111 3083 et
2144 3024 2394 3083 maximi

356 3112 473 3191 viri
516 3111 772 3188 professi
818 3105 1000 3190 sunt’,
1047 3131 1183 3173 cum
1230 3113 1305 3172 de
1341 3112 1493 3173 iuris
1530 3112 1723 3171 civilis
1762 3112 2013 3172 scientia
2050 3112 2278 3171 dictum
2314 3112 2393 3170 iri

356 3192 446 3261 ne
468 3200 650 3261 verbo
688 3200 928 3278 quidem
962 3201 1403 3279 praemonitum
1440 3201 1537 3261 sit.
1600 3220 1742 3262 nam
1769 3220 1922 3280 quae
1958 3200 2022 3259 in
2059 3198 2099 3275 ἓ
2133 3203 2213 3261 13
2245 3204 2392 3277 post

356 3290 544 3350 verba
583 3306 768 3366 supra
802 3291 990 3350 allata
1024 3291 1335 3369 leguntur:
1374 3286 1537 3367 ‘post
1573 3291 1685 3351 hoc
1723 3290 1861 3350 dein
1888 3290 1963 3349 de
2001 3293 2390 3349 auctorum

359 3379 816 3439 successione
864 3374 1166 3456 dicemus'‚
1211 3400 1248 3439 a
1285 3380 1645 3439 Triboniano
1694 3399 1764 3439 ex
1809 3378 2143 3455 posteriore
2185 3377 2379 3454 capite

357 3458 471 3545 (ἓξ
508 3460 801 3550 48-53)
846 3472 963 3529 huc
1002 3470 1299 3529 translata
1334 3472 1514 3547 atque
1550 3468 1708 3527 inter
1743 3464 1825 3543 §g
1856 3469 1938 3527 34
1978 3471 2039 3526 et
2078 3468 2159 3527 35
2199 3484 2379 3543 quae·

361 3556 500 3617 dam
548 3556 921 3620 intercidisse
970 3558 1186 3619 iudico,
1246 3557 1394 3635 quid
1448 3575 1589 3619 vero
1645 3556 1875 3616 dictum
1927 3555 2141 3631 fuerit,
2196 3554 2387 3614 conici
