2575 3900
1018 226 1068 275 3.
1106 219 1432 276 MINIOIUS
2102 222 2229 286 277

847 399 948 466 De
990 402 1189 483 operis
1234 401 1602 466 libertorum.

391 507 475 572 7⁴?
522 506 601 571 D.
630 507 736 590 38,
766 507 824 590 1,
850 507 955 572 27.
1035 506 1325 571 Iulianus
1372 507 1541 571 libro
1588 507 1800 591 primo
1847 529 1925 572 ex
1965 506 2230 572 Minicio

208 593 308 683 (P.
348 592 528 681 849).
584 632 671 642 —
726 594 797 659 Si
858 596 1129 660 libertus
1198 599 1407 660 artem
1469 595 1856 679 pantomimi
1921 600 2234 678 exerceat,

208 709 419 750 verum
488 691 579 750 est
643 688 859 749 debere
930 707 1067 748 eum
1137 708 1257 749 non
1332 690 1526 748 solum
1595 689 1712 766 ipsi
1773 692 2025 764 patrono
2040 735 2058 767 ,
2127 689 2235 749 sed

210 779 397 838 etiam
452 777 779 837 amicorum
833 777 994 836 ludis
1042 777 1376 854 gratuitam
1422 796 1662 853 operam
1706 779 2019 855 praeber03
2078 778 2234 838 sicut

212 887 352 926 eum
399 885 636 944 quoque
683 865 964 925 libertum
979 911 994 942 ,
1042 865 1147 942 qui
1191 864 1547 925 medicinam
1593 869 1842 942 exercet,
1887 885 2096 927 verum
2142 869 2235 925 est

210 957 530 1016 voluntate
584 954 822 1031 patroni
878 957 1227 1013 curaturum
1282 954 1474 1032 gratis
1529 955 1751 1014 amicos
1807 954 1949 1014 eius.
2039 973 2234 1032 neque

214 1045 377 1103 enim
424 1045 663 1120 oportet
706 1045 1053 1120 patronum,
1100 1045 1171 1101 ut
1218 1043 1414 1119 operis
1458 1043 1664 1103 liberti
1707 1044 1803 1104 sui
1846 1046 2082 1122 utatur,
2130 1047 2236 1103 aut

209 1132 385 1192 ludos
434 1149 667 1208 semper
710 1131 906 1191 facere
951 1133 1061 1190 aut
1106 1133 1437 1208 aegrotare.

883 1325 975 1384 Ex
1019 1324 1240 1384 Iuliani
1286 1325 1444 1385 libro
1490 1325 1570 1384 Π.

780 1442 881 1508 Dc
921 1443 1240 1509 verborum
1284 1444 1663 1527 obliyatione.

391 1550 477 1616 8⁴?
523 1549 601 1614 D.
620 1550 726 1631 45,
749 1551 806 1628 l,
826 1549 929 1614 62.
1014 1549 1191 1614 Idem
1240 1546 1355 1634 (sc.
1382 1547 1704 1635 Iulianus)
1746 1550 1915 1616 libro
1955 1551 2234 1616 secundo

210 1663 289 1704 ex
332 1638 594 1704 Minicio
641 1635 738 1724 (P.
769 1635 948 1724 858).
995 1674 1079 1684 —
1124 1636 1359 1704 Servus
1407 1642 1664 1703 vetante
1709 1639 1974 1705 domino
2021 1639 2078 1704 si
2123 1661 2236 1724 pe-

213 1729 470 1794 cuniam
537 1729 618 1792 ab
685 1727 813 1792 alio
875 1726 1222 1811 stipulatus
1278 1726 1391 1810 sit,
1454 1726 1663 1793 nihilo
1719 1728 1931 1792 minus
1989 1728 2237 1812 obligat

214 1817 475 1883 domino
520 1817 994 1900 promissorem.

962 1957 1063 2023 De
1105 1958 1493 2041 usucapione.

391 2066 450 2130 9.
505 2064 582 2129 D.
610 2064 716 2147 41,
740 2064 803 2148 4,
832 2065 893 2130 8.
982 2063 1164 2129 Idem
1208 2061 1329 2151 (sc.
1370 2061 1692 2149 Iulianus)
1737 2064 1905 2129 libro
1957 2064 2234 2130 secundo

213 2176 289 2219 ex
325 2153 586 2219 Minicio
624 2149 723 2238 (P.
754 2152 926 2231 855).
964 2190 1047 2198 --
1087 2150 1159 2218 Si
1204 2154 1367 2237 quisi,
1411 2175 1560 2219 cum
1598 2153 1794 2218 sciret
1830 2153 2233 2219 venditorem

210 2242 550 2328 pecuniam
598 2240 821 2306 statim
859 2244 1407 2326 consumpturum,
1454 2262 1672 2306 servos
1713 2242 1794 2305 ab
1834 2263 1908 2307 eo
1948 2242 2236 2325 emisset,

211 2336 479 2414 plerique
505 2333 941 2412 responderunt
968 2354 1104 2394 eum
1129 2334 1318 2395 nihilo
1347 2335 1542 2394 minus
1570 2335 1728 2395 bona
1754 2335 1871 2395 fide
1900 2338 2236 2411 emptorem

213 2442 368 2499 esse,
422 2424 602 2501 idque
655 2423 856 2485 verius
903 2426 1010 2482 est.
1104 2423 1401 2499 quomodo
1449 2423 1604 2481 enim
1649 2423 1810 2482 mala
1853 2423 1970 2482 fide
2023 2425 2236 2483 emisse

210 2512 467 2586 videtur,
515 2512 619 2589 qui
664 2530 701 2571 a
745 2510 982 2570 domino
1029 2510 1215 2571 emit?
1284 2511 1402 2569 nisi
1444 2511 1601 2570 forte
1639 2514 1700 2570 et
1735 2511 1805 2589 is,
1844 2512 1947 2587 qui
1983 2530 2020 2570 a
2055 2513 2231 2571 luxu-

211 2602 372 2663 rioso
438 2604 500 2660 et
551 2599 826 2676 protinus
883 2601 1081 2659 scorto
1139 2598 1356 2658 daturo
1419 2597 1733 2675 pecuniam
1801 2617 2004 2659 servos
2070 2600 2233 2676 emit,

212 2708 333 2751 non
378 2687 706 2764 usucapiet.

396 2770 522 2836 10⁴?
560 2769 763 2854 D.41,
780 2770 844 2850 4,
868 2770 967 2834 10.
1038 2767 1219 2833 Idem
1257 2766 1372 2853 (sc.
1391 2765 1708 2856 Iulianus)
1747 2769 1915 2835 libro
1953 2768 2232 2836 secundo

211 2862 295 2927 ad
362 2857 695 2923 Minicium
759 2854 858 2944 (P.
907 2854 1086 2945 856).
1140 2894 1224 2904 —
1291 2855 1525 2923 Servus
1592 2858 1850 2925 domino
1917 2857 2237 2937 ancillam,

211 2969 408 3037 quam
457 2948 889 3031 subripuerat,
942 2969 1061 3030 pro
1110 2946 1321 3031 capite
1369 2969 1484 3012 suo
1533 2947 1736 3031 dedit3
1793 2968 1870 3012 ea
1924 2947 2238 3031 concepit.

212 3037 577 3124 quaesitum
643 3039 770 3115 est,
840 3058 924 3102 an
989 3035 1286 3102 dominus
1354 3058 1500 3100 eum
1562 3039 1819 3119 partum
1885 3057 2236 3120 usucapere

211 3126 440 3213 possit.
530 3125 889 3209 respondit:
943 3123 1050 3189 hic
1097 3124 1395 3189 dominus
1443 3126 1628 3211 quasi
1674 3129 1928 3209 emptor
1970 3129 2234 3209 partum

212 3235 563 3298 usucapere
599 3217 837 3299 potest,
879 3234 1155 3297 namque
1192 3234 1295 3278 res
1333 3213 1394 3277 ei
1431 3214 1615 3279 abest
1649 3236 1766 3297 pro
1804 3214 1926 3279 hac
1963 3214 2234 3278 muliere

215 3310 279 3370 et
356 3304 641 3389 [genere]
720 3300 1191 3386 quodammodo
1265 3301 1549 3367 venditio
1617 3302 1790 3367 inter
1852 3324 2106 3368 servum
2172 3305 2237 3365 et

220 3392 550 3458 dominum
597 3392 931 3456 contracta
978 3394 1093 3454 est.

403 3480 528 3544 11‘?
575 3478 655 3543 D.
680 3479 787 3563 41,
816 3479 876 3559 2,
905 3479 1007 3543 39.
1070 3476 1251 3542 Idem
1278 3477 1385 3562 (sc.
1414 3477 1734 3562 Iulianus)
1761 3478 1929 3543 libro
1959 3475 2236 3542 secundo

222 3590 299 3633 ex
366 3567 629 3633 Minicio
693 3566 787 3652 (P.
828 3563 1005 3651 854).
1061 3602 1145 3612 —
1199 3564 1522 3631 Interesse
1586 3570 1772 3651 put0,
1837 3588 1962 3650 qua
2027 3567 2237 3628 mente
