2575 3900
331 174 417 238 42
472 175 567 229 III.
598 174 750 230 GAII
778 173 1073 230 CLAUDII
1096 174 1370 230 NERON.
1392 175 1680 230 GALBAE
1699 174 1912 231 ΤΕΜΡ.
1934 174 2124 230 IURIS
2146 173 2349 230 CONS.

327 338 617 424 legatum
664 343 851 422 esset,
899 339 1034 402 sive
1082 338 1163 402 ab
1212 339 1516 404 omnibus
1565 341 1829 422 excepto
1879 338 2116 423 aliquo,
2163 337 2355 403 Atili-

329 427 511 492 cinus
550 426 825 492 Sabinus
856 424 1117 491 Cassius
1154 449 1273 511 pro
1312 427 1722 492 hereditariis
1759 428 2056 510 partibus
2095 430 2354 492 tantum

330 537 437 581 eos
476 517 762 601 legatum
803 515 1135 581 debituros
1175 516 1376 599 aiunt,
1414 517 1566 600 quia
1592 515 1914 580 hereditas
1946 537 2056 581 eos
2086 515 2354 602 obligat.

506 605 609 671 20.
682 603 760 669 D.
800 604 913 688 35,
953 605 1021 690 1,
1058 604 1161 670 54.
1206 657 1211 662 .
1272 603 1617 670 Iavolenus
1692 604 1859 669 libro
1935 604 2210 670 secundo
2278 626 2356 670 ex

330 691 557 759 Cassio
599 691 697 776 (P.
728 692 859 778 12).
902 730 979 740 -
1023 691 1092 758 Si
1140 694 1282 779 quis
1324 695 1563 778 legata,
1609 693 1843 778 quibus
1882 693 2018 757 dies
2057 693 2356 778 adposita

328 803 457 848 non
506 786 694 866 esset,
742 804 955 846 annua
1000 782 1179 846 bima
1222 781 1422 846 trima
1466 782 1567 846 die
1614 781 1753 847 dari
1797 781 1991 847 iussit
2037 786 2103 847 et
2145 780 2356 865 alicui,

329 893 475 936 cum
511 872 714 955 pubes
753 874 939 954 esset,
987 869 1629 956 pecuniam-legavit,
1669 871 1734 935 id
1773 891 2026 956 quoque
2063 871 2355 955 legatum

330 981 544 1024 annua
599 959 775 1024 bima
828 960 1024 1024 trima
1078 959 1181 1024 die
1234 963 1386 1044 post
1440 960 1848 1044 pubertatem
1894 959 2353 1044 praestandum

317 1070 469 1118 esse
522 1049 592 1113 in
647 1048 1124 1114 commentariis
1180 1047 1328 1112 Gaii
1386 1049 1697 1133 scriptum
1756 1051 1883 1130 est,
1943 1049 2094 1134 quia
2145 1048 2354 1133 magis

329 1135 621 1204 condicio
670 1159 864 1219 quam
912 1137 1047 1202 dies
1091 1138 1309 1222 legato
1360 1136 1610 1203 adiecta
1656 1142 1845 1202 esset.

510 1227 612 1292 21.
650 1224 729 1290 D.
751 1227 855 1308 36,
876 1227 934 1309 2,
960 1227 1062 1307 12,
1084 1227 1142 1291 1.
1205 1225 1526 1309 Ulpianus
1563 1226 1730 1290 libro
1770 1225 2120 1291 vicensimo
2159 1225 2354 1290 tertio

330 1313 411 1379 ad
467 1313 779 1381 Sabinum
837 1312 935 1401 (P.
974 1310 1228 1398 264512).
1287 1351 1372 1362 —-
1439 1367 1453 1380 .
1493 1364 1507 1379 .
1561 1313 1778 1380 Labeo
1837 1312 2117 1380 Sabinus
2173 1318 2238 1378 et
2293 1363 2309 1378 .
2341 1363 2357 1380 .

330 1401 591 1468 Cassius
638 1454 653 1469 .
682 1453 696 1468 .
743 1404 815 1467 in
862 1405 1192 1486 omnibus,
1246 1425 1411 1488 quae
1457 1404 1525 1467 in
1573 1425 1776 1469 annos
1826 1403 2114 1488 singulos
2159 1402 2358 1468 relin-

328 1496 627 1576 quuntur,
661 1492 787 1558 hoc
823 1494 1281 1578 probaverunt,
1318 1495 1393 1557 ut
1428 1492 1617 1558 initio
1646 1493 1954 1575 cuiusque
1983 1492 2134 1556 anni
2163 1491 2358 1557 huius

328 1582 530 1666 legati
578 1582 715 1646 dies
762 1581 1031 1646 cederet.

854 1737 949 1796 Dc
994 1738 1173 1811 leyato
1206 1755 1322 1811 per
1357 1738 1829 1813 praeceptionem.

507 1848 611 1911 22.
671 1845 810 1911 Gai.
839 1847 900 1928 2,
928 1847 1076 1912 216.
1130 1883 1205 1894 -
1256 1847 1384 1911 Per
1429 1845 1945 1931 praeceptionem
1988 1844 2115 1910 hoc
2161 1846 2361 1912 modo

328 1937 645 2022 legamus·
692 1934 950 2002 ‘Lucius
989 1935 1043 2000 Τ
1048 1936 1203 2001 itius
1248 1935 1582 2001 hominem
1630 1932 1919 2001 Stichum
1958 1934 2336 2020 praecipite.
2341 1935 2367 1965 ’

331 2026 441 2090 sed
495 2025 705 2090 nostri
762 2032 1332 2128 ..praeceptores
1386 2026 1551 2089 nulli
1608 2024 1718 2089 alii
1775 2046 1849 2089 eo
1907 2024 2096 2089 modo
2150 2025 2368 2108 legari

328 2135 520 2199 posse
557 2117 808 2199 putant,
846 2114 973 2179 nisi
1012 2116 1071 2178 ei
1111 2116 1221 2198 qui
1259 2114 1478 2197 aliqua
1517 2135 1594 2178 ex
1632 2116 1817 2197 parte
1854 2112 2041 2177 heres
2077 2113 2368 2197 scriptus

331 2206 528 2284 esset,
575 2202 943 2287 praecipere
991 2203 1155 2265 enim
1203 2223 1343 2267 esse
1388 2204 1810 2286 praecipuum
1858 2222 2107 2266 sumere
2154 2250 2169 2265 .
2197 2250 2214 2267 .
2241 2251 2256 2265 .

508 2292 611 2356 23.
658 2289 799 2355 Gai.
820 2293 881 2373 2,
899 2292 1049 2357 219.
1096 2327 1181 2337 -
1223 2290 1387 2355 Item
1434 2292 1639 2355 nostri
1685 2294 2136 2375 praeceptores
2185 2292 2372 2376 quod

330 2382 425 2446 ita
458 2380 749 2466 legatum
788 2342 904 2462 est,
942 2380 1125 2443 nulla
1161 2378 1381 2463 (alia)
1420 2381 1672 2444 ratione
1711 2382 1947 2464 putant
1983 2400 2173 2463 posse
2212 2401 2374 2445 con·

332 2469 514 2554 sequi
551 2492 715 2553 eum,
755 2469 855 2534 cui
882 2469 977 2532 ita
1003 2467 1200 2532 fuerit
1229 2469 1539 2553 legatum,
1576 2490 1768 2552 quam
1796 2468 2036 2533 iudicio
2065 2468 2371 2535 familiae

331 2556 739 2624 erciscundae
786 2608 802 2623 .
829 2605 846 2622 .
876 2606 891 2623 .
940 2558 1152 2623 officio
1192 2558 1365 2621 enim
1410 2556 1639 2621 iudicis
1686 2556 1753 2621 id
1800 2557 2138 2642 contineri,
2183 2561 2262 2621 ut
2299 2560 2374 2623 ei

330 2649 500 2733 quod
541 2670 661 2732 per
704 2647 1223 2731 praeceptionem
1269 2646 1558 2732 legatum
1607 2648 1733 2728 est,
1780 2645 2194 2711 adiudicetur.

506 2738 609 2801 24.
660 2734 801 2801 Gai.
839 2737 900 2821 2,
937 2737 1085 2801 220.
1136 2773 1213 2783 -
1264 2734 1453 2801 Unde
1499 2734 1966 2837 intellegimus
1979 2734 2143 2798 nihil
2181 2733 2378 2801 aliud

332 2826 678 2888 secundum
762 2786 1137 2889 nostrorum
1218 2827 1710 2909 praeceptorum
1794 2823 2163 2907 opinionem
2241 2845 2381 2907 per

330 2913 851 2996 praeceptionem
915 2912 1122 2996 legari
1183 2932 1375 2995 posse
1439 2912 1568 2976 nisi
1623 2909 1797 2997 quod
1851 2911 2184 2977 testatoris
2245 2912 2377 2999 sit3

329 3002 509 3065 nulla
555 3000 728 3065 enim
774 3000 905 3065 alia
946 3021 1051 3063 res
1099 3022 1292 3085 quam
1332 2998 1724 3065 hereditaria
1762 3000 2149 3065 deducitur
2129 3023 2194 3065 m
2232 3000 2382 3069 hoc

328 3086 635 3154 iudicium
696 3137 711 3152 .
747 3136 762 3153 .
802 3138 816 3153 .
879 3088 1094 3172 aliquo
1149 3092 1366 3153 tamen
1423 3110 1576 3154 casu
1631 3090 1825 3153 etiam
1881 3089 2162 3154 alienam
2215 3112 2376 3157 rem

331 3178 534 3262 <per>
587 3178 1105 3262 praeceptionem
1159 3177 1369 3263 legari
1426 3200 1616 3261 posse
1670 3177 1984 3262 fatentur3
2040 3178 2245 3243 veluti
2303 3182 2387 3247 si

331 3268 477 3351 quis
524 3289 665 3331 eam
711 3288 847 3331 rem
894 3267 1205 3351 legaverit
1251 3289 1446 3352 quam
1494 3267 1797 3332 creditori
1843 3268 2114 3333 fiduciae
2161 3289 2387 3335 causa.

329 3356 654 3441 mancipio
713 3355 982 3439 dederit3
1041 3377 1196 3421 nam
1252 3356 1468 3421 officio
1523 3356 1750 3421 iudicis
1808 3355 2154 3421 coheredes
2211 3360 2388 3443 cogi

329 3465 524 3528 posse
590 3444 966 3510 existimant
1029 3445 1240 3509 soluta
1301 3444 1574 3528 pecunia
1627 3444 1804 3509 luere
1859 3466 2001 3510 eam
2056 3467 2220 3530 rem,
2287 3453 2392 3514 ut

327 3534 540 3618 possit
583 3534 951 3620 praecipere
997 3538 1053 3598 is
1100 3534 1202 3599 cui
1249 3533 1344 3598 ita
1390 3534 1682 3618 legatum
1728 3534 1831 3598 sit.
