2575 3900
463 213 530 269 II.
568 213 1045 269 INOERTORUM
1083 213 1544 269 SENTENTIAE
1581 215 1673 269 ET
1707 215 1919 271 LIBRI.
2069 215 2198 280 525

175 380 377 443 esset:
438 378 611 442 ‘filiis
660 378 819 442 meis
877 378 1072 444 hosce
1144 381 1400 444 tutores
1455 378 1590 463 do',
1662 400 2044 464 responsum
2101 382 2202 444 est

174 468 371 532 etiam
415 467 675 531 filiabus
723 470 971 532 tutores
1019 466 1205 532 datos
1254 487 1413 532 esse.

1018 642 1118 709 De
1157 644 1367 726 furtis.

354 770 457 835 31.
503 768 581 833 D.
628 770 732 852 47,
778 771 839 853 2,
884 768 989 853 55,
1040 770 1094 833 1.
1141 767 1340 833 Gaius
1378 768 1545 833 libro
1583 770 1778 835 tertio
1819 769 2064 835 decimo
2112 771 2194 835 ad

178 859 460 923 edictum
534 858 945 942 provinciale.
1026 893 1117 904 —-
1196 858 1365 922 Eum
1438 858 1547 942 qui
1629 858 1800 942 quod
1881 859 2192 924 utendum

176 947 465 1100 ggffipgss't
487 947 623 1030 ipse
662 947 770 1012 alii
828 946 1350 1032 commodaverit,
1393 946 1550 1011 furti
1599 947 1876 1033 obligari
1921 969 2189 1032 respon-

355 1143 459 1207 32.
504 1141 583 1206 D.
612 1143 717 1226 47,
746 1144 807 1226 2,
844 1143 949 1227 48,
991 1143 1048 1206 7.
1094 1140 1412 1225 Ulpianus
1449 1142 1618 1206 libro
1659 1143 2198 1228 quadragensimo

180 1231 459 1296 secundo
499 1230 577 1294 ad
627 1229 955 1296 Sabinum.
1008 1268 1082 1278 -
1136 1229 1298 1296 Cum
1337 1231 1441 1295 fur
1475 1252 1614 1295 rem
1651 1231 1956 1297 furtivam
1983 1232 2202 1297 vendi-

177 1321 382 1385 disset
457 1319 640 1405 eique
717 1342 1016 1385 nummos
1093 1320 1285 1403 pretii
1355 1318 1652 1385 dominus
1721 1320 1817 1384 rei
1881 1343 1994 1406 per
2067 1321 2200 1386 vim
2295 1391 2306 1402 ,

175 1410 475 1488 extorsit,
548 1409 791 1473 furtum
852 1431 996 1473 eum
1059 1429 1470 1473 nummorum
1525 1407 1753 1473 fecisse
1810 1459 1825 1474 .
1865 1460 1879 1474 .
1934 1431 2199 1496 respon·

178 1520 321 1562 sum
370 1501 486 1562 est.
1603 1515 1614 1525 ‘

802 1584 902 1650 De
946 1585 1267 1651 arboribus
1310 1587 1573 1651 succisis.

358 1711 463 1774 33.
513 1708 653 1774 Gai.
690 1711 751 1792 4,
792 1710 893 1774 11.

356 1842 411 1882 v.
448 1821 480 1880 I
523 1841 579 1897 p.
620 1823 677 1881 8.

895 1904 996 1972 De
1040 1905 1162 1989 leye
1206 1906 1485 1989 Aquilia.

361 2031 465 2095 34.
511 2029 558 2095 L
604 2032 665 2113 4,
713 2031 774 2115 3,
822 2031 922 2096 13.
975 2069 1059 2078 —
1116 2081 1179 2097 ..
1229 2053 1612 2116 responsum
1660 2034 1786 2116 est,
1843 2030 1897 2095 si
1946 2030 2088 2115 quis
2135 2032 2206 2094 in

185 2121 461 2185 alienum
508 2119 726 2185 vinum
776 2124 889 2185 aut
936 2122 1148 2186 oleum
1194 2120 1261 2185 id
1306 2120 1669 2204 immiserit,
1716 2141 1842 2205 quo
1888 2120 2204 2184 naturalis

183 2210 441 2274 bonitas
504 2209 636 2273 vini
699 2210 803 2273 vel
865 2210 992 2274 olei
1054 2214 1599 2293 corrumperetur,
1670 2230 1746 2273 ex
1818 2208 1939 2273 hac
2017 2212 2202 2293 parte

184 2297 348 2384 legis
394 2294 508 2383 (sc.
556 2298 855 2382 Aquiliae
903 2299 1111 2381 capite
1157 2295 1383 2384 tertio)
1430 2320 1576 2362 eum
1623 2298 1848 2361 teneri.

360 2402 466 2467 35.
524 2402 604 2467 D.
648 2403 755 2481 41,
806 2406 861 2485 1,
916 2404 1021 2469 55.
1077 2403 1318 2469 Paulus
1372 2404 1540 2468 libro
1597 2404 1878 2468 secundo
1933 2404 2199 2488 Epistu-

179 2492 410 2555 larum.
459 2528 535 2538 —
589 2542 602 2555 .
631 2540 646 2556 .
678 2540 691 2555 .
739 2492 1058 2557 actionem
1105 2494 1265 2557 mihi
1312 2493 1380 2556 in
1417 2492 1661 2556 factum
1704 2492 1844 2556 dari
1883 2497 2198 2575 oportere,

182 2580 383 2646 veluti
446 2600 823 2663 responsum
890 2584 1005 2665 est,
1066 2603 1214 2645 cum
1263 2580 1526 2667 quidam
1581 2580 1880 2661 poculum
1929 2581 2196 2645 alterius

185 2691 264 2733 ex
309 2689 473 2732 nave
522 2668 825 2734 eiecisset.

929 2811 1028 2876 De
1071 2812 1457 2879 condictione.

365 2934 465 3000 36.
514 2934 592 2999 D.
629 2936 735 3013 44,
777 2937 832 3018 7,
873 2938 975 3020 34,
1013 2937 1071 3001 2.
1118 2935 1300 3001 Idem
1338 2934 1452 3023 (sc.
1489 2934 1754 3022 Paulus)
1783 2936 1954 3001 libro
1994 2937 2208 3021 singu-

188 3023 309 3088 lari
366 3024 444 3089 de
518 3026 1042 3091 concurrentibus
1105 3026 1484 3091 actionibus.
1563 3063 1640 3073 —
1719 3077 1732 3091 .
1772 3076 1785 3091 .
1843 3026 1919 3089 de
1974 3026 2206 3091 colono

190 3134 570 3196 responsum
619 3117 736 3198 est,
784 3115 839 3179 si
886 3115 1130 3199 aliquid
1178 3138 1256 3179 ex
1302 3115 1501 3180 fundo
1549 3114 1955 3199 subtraxerit,
1999 3116 2207 3179 teneri

189 3223 331 3265 eum
381 3202 780 3267 condictione
827 3208 893 3267 et
938 3204 1113 3288 furti,
1160 3205 1316 3289 quin
1362 3206 1556 3269 etiam
1606 3225 1685 3269 ex
1728 3205 1960 3269 locato.

365 3310 468 3378 37.
523 3308 599 3373 D.
650 3311 752 3393 12,
799 3310 856 3392 5,
894 3312 1047 3395 9pr.
1094 3309 1274 3375 Idem
1314 3308 1429 3397 (sc.
1467 3307 1736 3397 Paulus)
1771 3312 1941 3377 libro
1981 3310 2206 3395 quinto

187 3398 268 3461 ad
298 3395 645 3464 Plautium.
672 3436 747 3446 ——
772 3397 840 3464 Si
867 3401 1255 3465 vestimenta
1282 3400 1524 3464 utenda
1550 3401 1672 3465 tibi
1699 3400 2208 3478 commodavero,

190 3487 413 3550 deinde
485 3489 786 3571 pretium,
845 3492 920 3553 ut
982 3489 1349 3573 reciperem,
1404 3488 1743 3573 dedissem,
1807 3487 2206 3554 condictione

189 3596 291 3639 me
336 3578 507 3639 recte
554 3580 843 3642 acturum
892 3599 1270 3661 responsum
1318 3581 1432 3643 est.
