2575 3900
720 320 772 370 4.
808 311 868 369 O.
896 311 1187 369 CASSIUS
1224 311 1598 369 LONGINUS
2089 312 2174 376 43

722 518 818 577 De
861 519 1138 578 bonorum
1172 522 1350 592 parte
1395 517 1596 592 leyata.

322 634 429 700 25.
503 633 583 700 D.
622 636 737 720 30,
773 637 887 720 26,
926 637 985 701 2.
1094 635 1490 719 Pomponius
1565 635 1734 700 libro
1800 635 2027 720 quinto
2095 635 2178 700 ad

168 720 460 788 Sabinum
530 721 629 810 (P.
674 721 856 810 448).
919 761 1005 772 —
1070 723 1235 790 Cum
1310 725 1629 790 bonorum
1700 729 1886 808 parte
1961 723 2179 810 legata

163 811 414 877 dubium
451 813 557 897 sit,
592 816 815 878 utrum
843 835 1058 878 rerum
1087 817 1306 896 partes
1337 835 1422 877 an
1450 813 1820 878 aestimatio
1850 811 2180 899 debeatur,

164 897 487 966 Sabinus.
507 906 625 966 .et
654 899 916 967 Cassius
948 901 1490 987 aestimationem,
1525 900 1836 966 Proculus
1867 905 1933 965 et
1961 865 2180 966 Nerva

162 1009 365 1054 rerum
412 993 631 1074 partes
680 1011 821 1056 esse
865 990 1121 1076 legatas
1169 991 1720 1055 existimaverunt.

535 1200 630 1258 De
672 1202 749 1260 iis
793 1217 943 1274 quae
984 1201 1092 1260 sub
1138 1199 1466 1260 condicione
1509 1200 1788 1274 legantur.
1887 1198 1890 1200 ’

317 1317 456 1383 26?
522 1316 604 1382 D.
642 1317 755 1398 35,
798 1319 865 1404 1,
903 1320 1004 1385 68.
1112 1318 1458 1384 Iavolenus
1520 1317 1688 1383 libro
1755 1317 2034 1382 secundo
2101 1340 2181 1384 ex

150 1401 396 1472 Cassio.
467 1442 544 1453 —
615 1404 687 1472 Si
738 1367 865 1471 ''ita
907 1408 1195 1493 legatum
1259 1409 1433 1472 esset
1494 1404 1666 1472 ‘cum
1720 1405 2057 1488 nubseritss
2123 1407 2180 1471 si

151 1498 349 1578 nupta
377 1494 577 1560 fuerit
600 1499 666 1560 et
682 1494 808 1560 hoc
825 1499 1105 1561 testator
1124 1495 1368 1578 scisset,
1398 1494 1674 1560 alterum
1693 1455 2180 1560 matrimonium

142 1602 266 1648 esse
283 1583 793 1668 exspectandum
812 1584 1104 1668 nihilque
1124 1585 1438 1669 interesse,
1459 1587 1674 1648 utrum
1693 1583 1845 1648 vivo
1865 1586 2180 1650 testatore

150 1693 228 1736 an
269 1677 435 1756 post
479 1676 759 1738 mortem
806 1695 884 1738 ea
929 1673 1163 1739 iterum
1209 1671 1519 1756 nupserit.

204 1884 265 1942 te
320 1792 728 1944 Trigonianus
802 1793 1068 1870 scripsit·
1152 1786 1622 1852 ‘matrimonium
1696 1792 1842 1853 erit
1911 1792 2178 1901 nihilque

144 1880 203 1940 in
266 1901 423 1942 reri
1164 1907 1169 1912 ·

318 1994 432 2060 27.
479 1991 619 2058 Gai.
640 1996 702 2077 3,
720 1994 825 2059 98.
870 2028 963 2041 —
1008 2043 1023 2058 .
1048 2045 1062 2058 .
1106 1993 1397 2077 legatum
1447 1992 1566 2057 sub
1612 1991 1987 2079 inpossibili
2035 2014 2180 2058 con·

143 2080 399 2148 dicione
472 2083 772 2148 relictum
844 2082 1051 2149 nostri
1113 2086 1564 2165 praeceptores
1628 2080 1898 2167 proinde
1963 2081 2181 2145 deberi

139 2175 412 2255 putant,
459 2192 533 2236 ac
580 2170 637 2235 si
682 2172 821 2237 sine
867 2168 1240 2236 condicione
1285 2172 1582 2236 relictum
1629 2174 1818 2235 esset.

870 2380 965 2441 De
1009 2381 1126 2455 zeye
1168 2358 1462 2439 Falcidia.

312 2501 431 2566 28.
477 2498 555 2564 D.
576 2498 683 2583 35,
705 2500 843 2582 2,1,
870 2499 967 2564 14.
1040 2497 1278 2564 Paulus
1316 2497 1484 2565 libro
1513 2499 1830 2584 singulari
1859 2499 1939 2564 ad
1967 2499 2180 2584 legem

134 2585 506 2654 Falcidiam
559 2584 662 2675 (P.
664 2548 903 2673 9210.)
960 2624 1044 2635 -
1102 2584 1171 2653 Si
1236 2586 1569 2653 coheredis
1623 2588 1752 2651 mei
1805 2588 2018 2671 portio
2075 2609 2182 2653 ex-

132 2674 382 2743 hausta
444 2679 556 2761 sit,
611 2697 755 2740 mea
808 2677 1087 2761 integra,
1151 2680 1217 2740 et
1261 2675 1443 2740 illam
1499 2675 1907 2741 vindicavero
1955 2675 2073 2760 (sc.
2108 2680 2183 2741 ut

132 2761 507 2852 caducam),
537 2726 813 2830 Cassius
850 2763 1330 2829 confundendas
1378 2784 1518 2827 esse
1563 2767 1783 2846 partes
1832 2764 2182 2828 existimat.

807 2976 909 3042 De
950 2976 1281 3058 usufructu
1325 2976 1533 3059 leyato.

701 3106 797 3166 De
838 3108 1150 3181 usufructu
1194 3108 1368 3167 uxori
1409 3107 1621 3166 relicto,

308 3226 431 3292 29.
475 3223 557 3291 D.
580 3225 683 3311 10,
704 3226 765 3304 2,
783 3225 891 3308 44,
913 3226 971 3290 7.
1043 3223 1287 3290 Paulus
1323 3226 1490 3290 libro
1530 3228 1710 3291 sexto
1751 3224 1834 3290 ad
1867 3222 2181 3291 Sabinum

122 3312 220 3401 (P.
265 3310 513 3402 1740).
569 3349 661 3363 —-
711 3312 854 3379 Usu
906 3312 1121 3379 fructu
1174 3314 1360 3379 uxori
1415 3313 1633 3400 legato
1693 3314 1898 3379 donec
1953 3314 2013 3379 ei
2066 3314 2182 3380 dos

126 3405 474 3482 solvatur,
538 3424 657 3489 per
722 3401 1039 3467 arbitrum
1092 3402 1382 3467 familiae
1439 3402 1850 3468 erciscundae
1903 3406 2041 3468 tam
2097 3403 2184 3485 id,

126 3493 307 3577 quod
396 3489 737 3557 coheredis
801 3490 1062 3557 nomine
1128 3513 1206 3557 ex
1273 3489 1424 3556 dote
1488 3491 1774 3557 solutum
1838 3491 1954 3577 sit,
2025 3491 2186 3557 reci-

0 3609 2 3639 ι
124 3581 365 3736 gerari
434 3581 738 3665 [potest],
803 3602 998 3665 quam
1054 3584 1127 3645 ut
1182 3579 1444 3646 coheres
1501 3581 1716 3647 solvat
1769 3580 1936 3646 effici
1992 3599 2184 3664 posse

175 3672 419 3738 assius
470 3668 583 3735 ait.
