2575 3900
331 130 458 195 176
486 130 580 187 111.
604 132 753 189 GAII
774 132 1071 189 CLAUDII
1088 133 1360 190 NERON.
1383 131 1672 188 GALBAE
1693 131 1912 187 TEMP.
1932 130 2125 189 IURIS
2143 130 2350 189 CONS.

330 294 580 379 legetur
630 300 703 365 ‚et
759 320 837 363 ex
892 319 967 363 ea
1020 319 1176 363 vasa
1230 296 1364 361 sint
1407 296 1582 360 facta
1625 296 1730 360 vel
1775 300 2028 380 contra,
2082 293 2347 363 Cassius

332 384 505 469 apud
549 382 852 452 Urseium
898 387 1129 452 scribit
1172 386 1436 450 interire
1483 405 1672 448 usum
1717 382 2016 450 fructum.

502 475 562 538 4.
609 474 687 541 D.
718 476 775 557 7,
807 478 865 559 1,
893 476 979 540 35
998 501 1086 557 pr.
1169 472 1348 537 Idem
1396 470 1512 558 (sc.
1551 469 1873 558 Iulianus)
1920 471 2087 539 libro
2132 474 2345 559 primo

329 562 411 627 ad
436 561 735 630 Urseium
754 563 1060 630 Ferocem
1092 561 1190 649 (P.
1214 558 1394 647 887).
1423 596 1510 607 -
1539 560 1607 625 Si
1635 582 1788 625 usus
1816 561 2062 627 fructus
2091 563 2344 648 legatus

325 656 443 737 est,
490 653 602 718 sed
647 653 832 719 heres
880 654 1158 735 scriptus
1208 651 1291 715 ob
1337 649 1461 714 hoc
1501 649 1749 713 tardius
1787 650 1942 734 adit,
1987 654 2062 716 ut
2096 652 2344 718 tardius

328 741 407 805 ad
454 741 740 827 legatum
786 742 1251 825 perveniretur,
1296 738 1419 803 hoc
1469 758 1722 822 quoque
1765 739 2225 825 praestabitur,
2271 745 2346 806 ut

324 828 564 895 Sabino
612 831 871 915 placuit.

500 920 560 985 5.
616 920 777 985 Ibid.
826 921 866 999 ἓ
907 920 971 983 1.·
1016 952 1091 965 —-
1143 914 1317 980 Usus
1373 914 1619 979 fructus
1668 915 1836 979 servi
1882 915 2040 979 mihi
2086 917 2342 1002 legatus

322 1014 422 1072 est
466 1010 666 1093 isque,
712 1029 856 1071 cum
904 1026 1025 1090 ego
1072 1003 1169 1068 uti
1212 1002 1341 1067 frui
1379 1002 1706 1086 desissem,
1752 1004 1915 1068 liber
1950 1026 2089 1069 esse
2127 1006 2339 1073 iussus

322 1100 437 1161 est.
535 1096 762 1161 deinde
809 1115 929 1179 ego
979 1094 1061 1158 ab
1100 1092 1334 1156 herede
1381 1091 1900 1157 aestimationem
1945 1093 2146 1177 legati
2193 1096 2342 1161 tuli:

318 1185 521 1250 nihilo
589 1184 799 1267 magis
865 1203 1011 1246 eum
1074 1180 1349 1245 liberum
1421 1180 1558 1245 fore
1625 1178 1904 1245 Sabinus
1978 1184 2343 1268 respondit3

319 1294 596 1357 namque
651 1269 856 1335 videri
901 1291 1002 1334 me
1046 1269 1145 1333 uti
1190 1269 1320 1333 frui
1365 1267 1655 1353 homine,
1713 1292 1830 1353 pro
1878 1291 2005 1354 quo
2055 1272 2341 1357 aliquam

319 1383 456 1426 rem
511 1360 816 1442 habeam,
870 1357 1308 1425 condicionem
1367 1360 1580 1421 autem
1642 1357 1778 1423 eius
1826 1359 2148 1425 libertatis
2196 1383 2342 1427 ean-

320 1450 465 1514 dem
510 1470 795 1531 manere,
849 1449 945 1512 ita
989 1451 1064 1511 ut
1110 1448 1339 1511 mortis
1387 1467 1565 1510 meae
1613 1451 1727 1511 aut
1771 1448 2002 1532 capitis
2050 1448 2336 1516 deminu-

318 1537 515 1602 tionis
562 1538 927 1602 interventu
972 1536 1136 1600 liber
1179 1535 1439 1600 futurus
1488 1538 1674 1601 esset.

864 1754 958 1813 De
992 1759 1166 1827 parte
1208 1755 1538 1813 hereditatis
1583 1755 1785 1828 leyata.

499 1883 557 1947 6.
605 1879 683 1945 D.
713 1882 818 1968 30,
851 1882 996 1966 104,
1027 1882 1083 1946 7.
1156 1881 1336 1945 Idem
1385 1879 1500 1970 (sc.
1547 1879 1863 1970 Iulianus)
1911 1882 2080 1948 libro
2127 1884 2340 1970 primo

320 1972 399 2037 ad
458 1971 761 2037 Urseium
826 1971 1153 2037 Ferocem.
1219 2007 1304 2017 —
1373 1971 1438 2035 Si
1517 1992 1737 2036 socero
1814 1994 1852 2035 a
1918 1993 2153 2057 genero
2223 1996 2339 2040 suo

317 2061 551 2125 herede
615 2060 921 2126 instituto
986 2082 1138 2144 pars
1201 2059 1583 2124 hereditatis
1651 2060 1763 2123 alii
1819 2060 2040 2146 legata
2095 2062 2340 2148 fuisset,

319 2150 590 2214 deducta
645 2148 796 2214 dote
852 2171 996 2213 eum
1055 2149 1424 2213 debiturum
1472 2169 1609 2213 esse
1655 2151 1910 2230 partem
1955 2149 2337 2217 hereditatis

318 2239 598 2323 legatam
638 2236 915 2302 Sabinus
960 2237 1313 2322 respondit,
1359 2237 1914 2321 quemadmodum,
1961 2238 2018 2301 si
2061 2241 2338 2322 pecunia

317 2349 393 2392 ex
466 2326 691 2392 crediti
762 2349 957 2392 causa
1019 2348 1241 2392 socero
1309 2326 1526 2390 debita
1587 2325 1846 2408 fuisset,
1919 2348 1995 2390 ea
2061 2329 2335 2394 deducta

316 2418 565 2499 partem
612 2415 990 2480 hereditatis
1038 2416 1304 2480 daturus
1349 2415 1596 2480 fuisset.

942 2634 1036 2692 De
1080 2635 1261 2708 leqato
1309 2633 1705 2692 condicionali.

491 2763 551 2827 8.
597 2760 675 2826 D.
706 2762 809 2845 30,
840 2762 987 2844 104,
1019 2762 1075 2827 1.
1147 2759 1327 2824 Idem
1373 2755 1490 2845 (sc.
1535 2758 1853 2844 Iulianus)
1899 2758 2065 2824 libro
2113 2761 2328 2844 primo

315 2849 396 2913 ad
449 2849 753 2914 Urseium
809 2849 1111 2913 Ferocem
1158 2847 1256 2927 (P.
1298 2847 1478 2932 888).
1529 2883 1604 2894 --
1656 2847 1732 2911 In
1785 2851 2177 2913 testamento
2239 2849 2333 2915 sic

314 2940 455 3002 erat
502 2937 840 3022 scriptum:
888 2935 1108 3000 eLucio
1148 2937 1344 3022 Titio,
1389 2939 1447 3001 si
1491 2936 1546 3001 is
1593 2936 1812 3001 heredi
1851 2959 1993 3001 meo
2031 2937 2330 3023 tabellas,

313 3026 548 3110 quibus
614 3026 671 3089 ei
730 3025 1070 3108 pecuniam
1135 3025 1661 3109 expromiseram,
1730 3024 2000 3107 dederit,
2068 3030 2327 3092 centum

313 3113 509 3179 dato’.
568 3113 771 3178 Titius
813 3113 1037 3178 deinde
1075 3118 1424 3199 antequam
1462 3115 1733 3178 tabellas
1761 3114 1980 3179 heredi
2013 3115 2328 3200 redderet,

313 3202 669 3269 decesserat
714 3255 727 3269 .
778 3202 1136 3287 quaesitum
1207 3213 1331 3284 est,
1405 3224 1488 3267 an
1546 3203 1767 3267 heredi
1832 3203 1968 3268 eius
2033 3204 2324 3289 legatum

311 3293 661 3357 deberetur.
744 3289 1009 3357 Cassius
1056 3292 1410 3376 respondit,
1456 3292 1512 3356 si
1559 3291 1820 3356 tabulae
1857 3291 2151 3376 fuissent,
2196 3312 2331 3358 non

312 3380 558 3459 deberi,
613 3380 763 3465 quia
817 3402 948 3446 non
1004 3381 1271 3446 redditis
1327 3380 1430 3445 his
1488 3380 1620 3446 dies
1676 3379 1879 3465 legati
1933 3401 2067 3445 non
2113 3381 2329 3446 cessit.

494 3491 839 3569 Sequuntur
882 3492 1055 3553 haec:
1102 3487 1398 3552 ‘Iulianus
1443 3494 1640 3551 notat:
1687 3485 1759 3552 si'
1808 3494 1870 3552 et
1916 3511 1972 3568 q.
2019 3511 2064 3554 s.
