2575 3900
903 192 952 241 5.
1001 187 1236 243 TITIUS
1271 187 1535 243 ARISTO
2094 188 2220 254 377

201 355 416 417 matre
473 356 733 416 mortua
776 351 966 416 liberi
1012 350 1147 416 eius
1193 351 1401 418 nihilo
1448 351 1663 417 minus
1710 372 1900 417 usum
1944 352 2225 419 fructum

198 441 453 506 habent
514 440 652 505 iure
711 440 1145 525 adcrescendi3
1204 462 1358 506 nam
1423 445 1489 505 et
1543 438 1833 506 Iulianus
1888 441 2059 507 libro
2113 443 2225 507 tri-

205 530 507 615 gensimo
554 528 872 614 (quinto)
917 526 1340 615 Digestorum
1387 528 1481 593 ait
1514 528 1683 593 idem
1721 530 2227 615 intellegendum

200 620 283 683 in
339 640 413 684 eo
470 620 580 703 qui
636 619 808 684 solos
861 617 1098 683 liberos
1153 616 1421 683 heredes
1477 618 1837 703 scripserit,
1894 619 2051 684 licet
2094 642 2229 684 non

201 710 286 772 ut
331 706 683 792 legatarios
721 729 830 772 eos
869 706 1318 791 nominaverit,
1364 706 1474 771 sed
1512 710 1586 771 ut
1622 707 1990 773 ostenderet
2017 708 2228 795 magis

201 795 378 861 velle
442 818 510 861 se
573 799 844 861 matrem
908 796 1002 861 ita
1065 794 1218 880 frui,
1281 798 1357 859 ut
1418 796 1655 861 liberos
1721 818 1936 862 secum
1990 796 2231 862 habeat

202 884 515 950 fruentes,
615 885 727 950 sed
786 890 852 949 et
896 884 1292 970 Pomponius
1356 884 1627 969 quaerit:
1701 886 1856 970 quid
1923 886 1979 950 si
2042 886 2229 951 mixti

203 974 455 1039 fuerint
507 973 695 1040 liberi
750 978 816 1038 et
859 973 1144 1038 extranei
1197 973 1509 1039 heredes?
1575 978 1641 1038 et
1696 974 1791 1039 ait
1834 974 2005 1039 filios
2053 975 2229 1060 lega·

201 1062 414 1127 tarios
471 1083 608 1127 esse
663 1061 1132 1147 intellegendos
1190 1065 1257 1127 et
1301 1083 1417 1146 per
1464 1064 1877 1147 contrarium,
1924 1063 1980 1128 si
2026 1064 2232 1129 voluit

205 1172 322 1217 eos
368 1149 604 1215 liberos
647 1151 842 1215 simul
886 1172 1030 1216 cum
1077 1153 1284 1216 mater
1326 1149 1481 1232 frui,
1528 1150 1759 1217 debere
1795 1151 1921 1218 dici
1958 1156 2229 1217 matrem

205 1240 596 1324 legatariam
651 1260 790 1304 esse
843 1238 1345 1323 intellegendam
1404 1243 1469 1304 et
1522 1262 1638 1325 per
1691 1242 1909 1306 omnia
1955 1242 2231 1307 similem

208 1349 354 1393 esse
401 1332 468 1392 et
511 1328 581 1393 in
624 1328 748 1393 hoc
793 1349 944 1393 casu
990 1327 1152 1392 iuris
1198 1332 1515 1394 eventum.

391 1417 479 1482 6⁸.
525 1415 671 1482 Vat.
699 1416 777 1481 fr.
808 1417 954 1498 §83
1000 1413 1177 1503 (Ulp.
1198 1418 1238 1481 l.
1255 1414 1446 1481 XVII
1484 1416 1564 1481 ad
1604 1413 1751 1482 Sab.
1798 1416 1868 1481 P.
1888 1415 2112 1504 2566).
2149 1454 2225 1465 —

207 1505 366 1572 Non
413 1506 623 1571 solum
661 1558 674 1571 .
703 1554 718 1571 .
765 1506 822 1570 si
867 1505 1117 1570 duobus
1164 1504 1244 1570 do
1300 1506 1447 1590 lego
1484 1528 1639 1571 usus
1674 1505 1922 1571 fructus
1959 1507 2232 1591 legetur,

210 1595 340 1661 erit
385 1596 485 1660 ius
534 1593 960 1677 adcrescendi,
1007 1615 1224 1659 verum
1265 1592 1417 1679 <et>
1454 1594 1508 1659 si
1548 1595 1735 1659 alteri
1770 1616 1927 1659 usus
1963 1594 2231 1680 fructus,

212 1683 404 1750 alteri
448 1683 840 1769 proprietas3
885 1704 1036 1747 nam
1084 1683 1424 1747 amittente
1459 1705 1647 1747 usum
1685 1682 1966 1748 fructum
2004 1684 2230 1766 altero,

211 1772 320 1839 cui
376 1777 516 1837 erat
567 1771 852 1857 legatus,
907 1771 1118 1855 magis
1173 1770 1311 1836 iure
1369 1770 1779 1838 adcrescendi
1826 1771 1906 1837 ad
1954 1772 2232 1837 alterum

212 1861 502 1948 pertinet
562 1882 756 1944 quam
819 1860 988 1925 redit
1050 1859 1130 1924 ad
1193 1861 1717 1945 proprietatem.⁴
1780 1882 1901 1926 nec
1961 1882 2231 1945 novum3

213 1973 370 2016 nam
408 1953 474 2016 et
510 1950 566 2014 si
602 1950 850 2015 duobus
888 1971 1045 2015 usus
1080 1947 1328 2014 fructus
1365 1950 1618 2035 legetur
1655 1955 1721 2015 et
1755 1951 1925 2035 apud
1958 1951 2235 2016 alterum

215 2041 307 2106 sit
363 2038 825 2117 consolidatae,
879 2039 982 2103 ius
1039 2037 1444 2104 adcrescendi
1488 2061 1620 2103 non
1663 2041 1833 2124 perit
1877 2038 2106 2122 nequel
2156 2041 2232 2125 ei,

215 2128 389 2214 apud
451 2149 641 2212 quem
707 2126 1144 2192 consolidatus
1200 2131 1325 2210 est,
1388 2148 1595 2212 neque
1651 2129 1733 2194 ab
1790 2150 1891 2211 eo,
1956 2133 2021 2192 et
2072 2129 2232 2213 ipse,

218 2216 453 2302 quibus
510 2215 717 2280 modis
772 2215 1098 2280 amitteret
1145 2220 1295 2280 ante
1342 2217 1948 2301 consolidationem,
2001 2217 2234 2282 iisdem

216 2311 286 2370 et
339 2327 511 2371 nunc
563 2306 708 2389 ipso
762 2304 1020 2388 quidem
1073 2304 1214 2369 iure
1269 2325 1402 2370 non
1458 2305 1740 2387 amittet,
1804 2306 1915 2370 sed
1969 2309 2236 2390 praetor

219 2397 475 2460 secutus
533 2393 894 2476 exemplum
949 2391 1107 2458 iuris
1155 2392 1365 2458 civilis
1409 2393 1639 2458 utilem
1688 2397 2009 2459 actionem
2054 2394 2235 2459 dabit

217 2482 594 2547 fructuario.
671 2485 738 2546 et
770 2483 865 2546 ita
901 2481 1050 2565 <et>
1085 2479 1359 2546 Neratio
1407 2485 1473 2546 et
1508 2481 1807 2547 Aristoni
1849 2482 2102 2548 videtur
2131 2534 2145 2548 .
2174 2531 2189 2548 .
2216 2532 2234 2550 .

403 2567 492 2636 6¹³.
547 2570 622 2634 D.
655 2571 715 2655 7,
742 2572 804 2657 2,
831 2572 891 2654 3,
921 2571 979 2634 2.
1068 2567 1388 2654 Ulpianus
1442 2569 1609 2635 libro
1666 2571 1939 2656 septimo
1988 2571 2235 2637 decimo

222 2659 307 2724 ad
355 2655 681 2724 Sabinum.
733 2695 810 2707 -
859 2657 1010 2724 Non
1059 2658 1268 2724 solum
1299 2707 1315 2722 .
1343 2708 1357 2724 .
1388 2658 1444 2722 si
1489 2659 1738 2724 duobus
1784 2679 1940 2724 usus
1985 2658 2235 2724 fructus

219 2749 504 2832 legetur,
559 2753 658 2812 est
709 2749 809 2814 ius
865 2747 1303 2830 adcrescendi,
1356 2767 1579 2812 verum
1631 2751 1697 2812 et
1742 2749 1799 2812 si
1844 2748 2037 2812 alteri
2080 2769 2236 2812 usus

217 2837 488 2920 fructus,
531 2837 714 2902 alteri
757 2836 997 2902 fundus
1043 2836 1301 2921 legatus
1349 2838 1467 2919 est,
1511 2857 1664 2901 nam
1710 2841 1769 2901 et
1807 2837 2048 2920 reliqua
2082 2837 2246 2903 siout-

218 2946 416 3009 supra
469 2945 656 3008 usque
707 2927 794 2994 ad
839 2928 1060 3010 finem:
1115 2925 1317 2990 isdem
1364 2929 1431 2990 et
1474 2946 1641 2990 nunc
1688 2926 1975 3011 amittet;
2030 2929 2095 2991 et
2140 2927 2238 2991 ita

221 3018 290 3080 et
335 3013 606 3079 Neratio
653 3017 720 3078 et
764 3014 1054 3080 Aristoni
1099 3012 1354 3078 videtur
1381 3063 1396 3079 .
1426 3063 1441 3080 .
1470 3063 1486 3078 .

407 3104 461 3166 7.
517 3101 596 3167 D.
626 3102 684 3182 7,
715 3103 774 3183 8,
806 3104 906 3184 14,
937 3105 993 3168 l.
1083 3100 1407 3186 Ulpianus
1451 3102 1617 3167 libro
1667 3102 1941 3188 septimo
1990 3103 2236 3169 decimo

224 3192 306 3257 ad
345 3188 660 3257 Sabinum
707 3187 805 3278 (P.
833 3189 1054 3276 2581).
1100 3225 1190 3238 —
1235 3239 1251 3256 .
1280 3241 1294 3255 .
1327 3192 1383 3255 si
1417 3213 1539 3257 usu
1576 3189 1792 3257 fructu
1827 3193 2044 3277 legato
2082 3213 2239 3258 usus

223 3281 576 3360 adimatur,
623 3280 843 3345 Aristo
892 3279 1119 3346 scribit
1161 3280 1405 3345 nullam
1454 3299 1595 3345 esse
1639 3281 2135 3366 ademptionem.

405 3369 463 3434 8.
520 3367 596 3432 D.
638 3369 695 3450 7,
737 3370 793 3451 1,
832 3369 890 3452 7,
927 3369 987 3433 3.
1079 3365 1399 3452 Ulpianus
1452 3367 1620 3433 libro
1669 3370 1945 3454 septimo
1992 3369 2240 3435 decimo

371 3567 399 3614 1
443 3559 570 3616 God.
607 3575 728 3614 nec.
