2575 3900
377 165 508 230 452
581 164 646 219 V.
685 163 983 218 NERVAE
1023 164 1118 218 ΕΤ
1154 162 1457 219 TRAIANI
1493 165 1710 220 ΤΕΜΡ.
1746 164 1938 220 IURIS
1977 164 2341 221 CONSULTI

553 332 829 391 Alterum
876 331 1019 391 libri
1063 337 1246 409 caput
1292 332 1365 391 de
1410 333 1667 409 pecunia.
1713 334 1911 393 soluta
1960 334 2147 393 fuisse
2196 332 2265 391 D.
2299 336 2417 407 46,

381 425 440 497 3,
472 425 553 481 78
603 421 750 481 satis
787 420 1104 498 probatum
1143 421 1460 498 pecuniam
1500 422 1657 481 enim
1696 422 1966 483 solvendi
2002 440 2185 482 causa
2216 423 2417 481 tradi-

379 512 536 571 disse
593 510 757 568 aliud
807 510 1120 587 negotium
1165 529 1296 569 esse
1343 518 1523 588 atque
1569 511 1659 570 rei
1702 518 1931 583 certae,
1978 530 2129 589 quae
2176 512 2414 587 speeies

379 599 624 678 dicitur,
678 600 1064 659 traditionem
1105 599 1427 659 Iavolenus
1472 600 1714 661 videtur
1760 601 2103 677 explicasse.
2195 601 2415 659 eodem

377 688 508 748 loco
560 688 713 747 dixit
759 688 830 747 de
878 683 1154 765 ‘pecunia
1196 682 1396 765 pacta'
1446 689 1571 747 sive
1617 709 1689 748 ex
1734 690 2157 767 compromisso
2204 683 2308 769 (D.
2344 693 2413 767 4,

381 779 440 855 8,
471 769 584 857 39)
633 778 759 837 sive
804 770 936 852 ‘pro
980 772 1282 837 libertate'
1326 770 1429 857 (D.
1456 780 1559 853 45,
1595 782 1648 855 1,
1681 772 1857 855 104),
1904 778 2178 837 similiter
2221 781 2410 854 atque

376 823 536 926 li’bro
575 866 737 944 XIV,
781 866 888 925 ubi
932 866 1128 943 legem
1167 864 1433 925 Cinciam
1477 871 1719 945 tractat,
1767 868 1838 925 de
1884 867 2135 943 pecunia
2190 859 2409 948 (dona-

376 955 558 1015 tionis
607 946 816 1037 causa)
863 955 1158 1032 promissa
1203 956 1355 1015 dixit
1400 948 1502 1036 (D.
1534 959 1637 1031 39,
1668 960 1725 1033 5,
1758 948 1888 1037 24).

555 1044 658 1103 Illi
701 1044 851 1122 loce,
899 1063 1016 1122 quo
1063 1044 1267 1122 agitur
1305 1044 1376 1103 de
1414 1064 1585 1104 servo
1622 1064 1731 1121 pro
1768 1045 2048 1104 libertate
2084 1046 2407 1121 pecuniam

375 1136 574 1209 pacm,
621 1152 756 1193 cum
802 1134 1106 1209 sequentis
1153 1133 1293 1192 libri
1338 1152 1407 1193 eo
1454 1134 1667 1211 capite,
1715 1135 1872 1212 quod
1912 1134 1983 1193 de
2020 1135 2253 1211 peculio
2294 1138 2408 1213 est,

375 1223 674 1282 rationem
719 1222 1020 1299 quandam
1066 1222 1434 1281 intercedere
1481 1224 1748 1299 apparet.

1103 1376 1203 1441 De
1247 1378 1677 1460 occupatione?

554 1483 659 1547 59.
724 1480 1106 1565 D.50,16,
1152 1486 1295 1549 112.
1395 1482 1573 1547 Idem
1631 1483 1744 1567 (sc.
1799 1482 2173 1571 Iavolenus)
2228 1485 2403 1551 libro

375 1570 710 1636 undecimo
779 1594 855 1634 ex
910 1570 1156 1637 Cassia
1220 1610 1306 1619 -
1370 1574 1553 1638 Isitus
1605 1574 1921 1675 publicum
1984 1579 2072 1639 est
2133 1580 2403 1659 catenae,

376 1682 505 1762 qua
543 1661 814 1725 maxime
847 1661 1069 1742 fluctus
1103 1667 1429 1727 exaestuat.
1510 1664 1785 1745 idemque
1818 1663 1981 1727 iuris
2016 1668 2103 1728 est
2135 1664 2205 1727 in
2240 1664 2403 1743 lacu,

375 1750 505 1813 nisi
549 1752 604 1813 is
650 1753 809 1813 totus
839 1751 1157 1831 privatus
1175 1756 1278 1817 est.

556 1838 660 1903 60.
724 1836 800 1901 D.
839 1842 952 1922 41,
995 1840 1060 1922 l,
1098 1839 1201 1905 58.
1300 1839 1645 1905 Iavolenus
1701 1840 1869 1905 libro
1924 1840 2262 1905 undecimo
2321 1864 2399 1905 ex

376 1923 623 1992 Cassio.
679 1963 763 1972 —
823 1927 1242 2012 Quaecumque
1294 1951 1391 1996 res
1442 1951 1519 1994 ex
1572 1930 1741 1994 mari
1790 1935 2061 1995 extracta
2105 1935 2218 2013 est,
2270 1953 2401 1996 non

375 2021 519 2081 ante
571 2017 704 2081 eius
755 2016 978 2098 incipit
1028 2038 1152 2083 esse
1193 2020 1305 2100 qui
1348 2020 1643 2101 extraxit,
1699 2041 1887 2102 quam
1932 2021 2217 2085 dominus
2260 2041 2401 2085 eam

361 2125 486 2188 pro
531 2105 808 2170 derelicto
851 2105 1068 2171 habere
1109 2109 1314 2190 coepit.

1039 2265 1140 2331 De
1175 2269 1442 2348 pecunia
1484 2269 1731 2333 soluta?

555 2371 658 2436 61.
725 2371 802 2436 D.
841 2373 955 2456 46,
995 2374 1063 2452 3,
1101 2374 1202 2438 78.
1303 2373 1645 2439 Iavolenus
1700 2375 1868 2439 libro
1923 2375 2260 2440 undecimo
2317 2396 2397 2439 ex

377 2457 616 2525 Cassio.
687 2497 762 2508 --
832 2460 908 2526 Si
936 2422 1164 2526 alieni
1215 2465 1460 2527 nummi
1512 2465 1706 2528 inscio
1760 2465 1851 2529 vel
1904 2466 2095 2529 invito
2149 2465 2395 2528 domino

373 2549 562 2614 soluti
603 2555 765 2627 sunt,
809 2556 1062 2615 manent
1103 2552 1235 2616 eius
1277 2553 1453 2617 cuius
1493 2553 1765 2656 fuerunt.
1859 2554 1918 2618 si
1961 2554 2143 2617 mixti
2186 2557 2394 2635 essent,

374 2639 466 2702 ita
527 2643 599 2703 ut
656 2640 924 2703 discerni
982 2661 1107 2704 non
1161 2647 1437 2725 possent,
1502 2643 1633 2707 eius
1692 2643 1834 2725 fieri
1885 2644 1994 2724 qui
2036 2643 2274 2724 accepit
2324 2643 2394 2706 in

375 2728 552 2792 libris
608 2727 764 2792 Gaii
814 2729 1108 2811 scriptum
1161 2735 1272 2809 est,
1338 2733 1431 2794 ita
1484 2736 1555 2794 ut
1606 2733 1764 2795 actio
1817 2732 2063 2796 domino
2117 2751 2255 2796 cum
2309 2751 2393 2815 ee,

373 2818 484 2896 qui
527 2817 807 2901 dedisset,
847 2816 1010 2897 furti
1053 2824 1419 2900 competeret.

986 2976 1086 3042 De
1127 2997 1439 3042 servorum
1481 2979 1782 3062 ueyotiis?

554 3081 658 3146 62.
714 3081 1032 3167 D.45,1‚
1075 3084 1216 3148 104.
1307 3083 1653 3150 Iavolenus
1708 3085 1874 3150 libro
1930 3086 2265 3151 undecimo
2314 3107 2391 3150 ex

377 3166 621 3234 Cassia
658 3206 746 3217 —
783 3170 940 3237 Gum
984 3192 1195 3237 servus
1226 3175 1561 3254 pecuniam
1600 3195 1717 3258 pro
1756 3175 2026 3240 libertate
2047 3180 2271 3258 pactus
2306 3181 2395 3241 est

374 3264 433 3323 et
491 3259 562 3323 ob
623 3279 760 3323 eam
821 3280 952 3324 rem
1013 3282 1187 3325 reum
1249 3263 1439 3348 dedit,
1517 3265 1799 3345 quamvis
1859 3285 2066 3329 servus
2128 3265 2206 3329 ab
2264 3265 2389 3330 alio

373 3347 796 3412 manumissus
838 3354 950 3428 est,
1005 3371 1147 3414 reus
1191 3354 1394 3415 tamen
1438 3357 1590 3417 recte
1634 3354 2024 3435 obliyabitur,
2070 3355 2222 3434 quia
2264 3374 2388 3419 non

375 3437 721 3520 quaeritur,
793 3458 836 3500 a
901 3458 1016 3520 quo
1080 3441 1585 3524 manumittatur,
1646 3443 1753 3506 sed
1810 3441 2103 3527 ut<rum>
2168 3463 2389 3508 manu·

373 3526 658 3590 mittatur
701 3523 828 3608 <an
873 3527 1062 3609 non).
