2575 3900
478 223 544 277 II.
583 221 1063 278 INCERTORUM
1100 223 1557 282 SENTENTIAE
1596 225 1691 279 ET
1727 224 1939 281 LIBRI.
2091 226 2220 291 563

654 402 716 470 U
711 408 737 467 t
777 403 1135 484 usufructus
1178 405 1426 469 nominc
1469 409 1770 490 caveatur.

380 518 555 585 171⁶?
647 518 723 584 D.
784 519 849 600 7,
895 518 965 603 5,
1025 519 1132 604 10,
1182 521 1238 584 1.
1331 518 1650 602 Ulpianus
1723 519 1889 583 libro
1965 523 2221 604 septua-

188 609 491 693 gensimo
527 629 702 674 nono
741 607 820 672 ad
860 607 1154 673 edictum.
1204 646 1287 654 —-
1320 606 1389 673 Si
1425 629 1580 672 usus
1618 611 1873 672 tantum
1911 609 2222 692 pecuniae

186 699 451 782 legatus
489 698 595 782 sit,
643 697 795 781 quia
838 698 907 761 in
933 697 1056 762 hac
1094 699 1309 781 specie
1346 719 1498 761 usus
1539 696 1976 780 appellatione
2023 698 2220 763 etiam

188 787 482 851 fructum
548 786 866 851 contineri
930 786 1139 871 magis
1205 785 1638 870 accipiendem
1704 789 1819 864 est,
1884 787 2220 871 stipulatio

188 875 325 940 ista
392 876 514 940 erit
578 874 1062 958 interponenda.
1173 879 1238 938 et
1295 874 1555 959 quidam
1620 875 1802 939 aiunt
1865 897 1996 939 non
2071 882 2220 940 ante

189 963 369 1028 hanc
402 963 1263 1050 interponistipulationem,
1303 985 1496 1047 quam
1526 963 1680 1028 data
1705 962 1902 1028 fuerit
1927 965 2219 1047 pecunia.

889 1122 988 1188 Dc
1034 1123 1260 1188 damno
1307 1123 1538 1204 infecto.
1589 1188 1594 1192 ,

382 1241 527 1305 172.
592 1237 669 1303 D.
716 1239 821 1322 39,
867 1240 925 1320 2,
974 1239 1078 1304 32.
1127 1236 1328 1302 Gaius
1376 1239 1542 1304 libro
1591 1238 1940 1304 vicensimo
1991 1242 2217 1303 octavo

200 1328 283 1392 ad
332 1328 611 1394 edictum
658 1327 1069 1412 provinciale.
1116 1364 1201 1372 —
1250 1324 1319 1390 Si
1366 1328 1632 1392 aedibus
1668 1328 1842 1394 ,meis
1887 1327 2219 1410 proximae

201 1417 336 1481 sint
384 1417 573 1482 aedes
622 1438 805 1481 meae
852 1421 918 1481 et
952 1420 1121 1498 tuae,
1169 1417 1516 1501 quaeritur,
1565 1439 1665 1499 an,
1712 1417 1769 1480 si
1816 1415 1940 1480 hae
1985 1416 2217 1480 vitium

198 1505 365 1570 mihi
432 1506 701 1591 faciant,
763 1526 987 1570 cavere
1062 1505 1220 1569 mihi
1291 1504 1521 1569 debeas
1593 1527 1709 1588 pro
1771 1503 2004 1568 damno
2068 1527 2219 1589 pro-

198 1595 486 1678 priarum
518 1616 801 1659 mearum
834 1594 1104 1670 aedium,
1136 1593 1387 1658 scilicet
1412 1615 1530 1677 pro
1560 1615 1684 1678 qua
1712 1596 1896 1677 parte
1925 1593 2218 1657 dominus

202 1683 456 1748 existes,
548 1687 612 1748 et
656 1683 779 1747 hoc
824 1682 1149 1767 plerisque
1195 1683 1423 1766 placet.

383 1772 527 1836 173.
618 1771 694 1836 D.
734 1771 838 1854 39,
885 1770 945 1852 2,
992 1769 1095 1853 24,
1145 1772 1199 1834 7.
1291 1769 1472 1835 Idem
1521 1768 1634 1855 (sc.
1663 1766 2012 1872 Ulpianus)
2051 1769 2217 1835 libro

202 1861 640 1945 octogensimo
689 1861 897 1944 primo
939 1859 1019 1923 ad
1058 1859 1352 1924 edictum.
1405 1896 1480 1906 —
1534 1910 1589 1925 ..
1639 1859 1694 1922 si
1739 1859 1913 1922 furni
1958 1858 2220 1924 nomine

201 1950 419 2015 damni
483 1947 706 2015 infecti
770 1948 964 2014 fuerit
1037 1953 1325 2035 cautum,
1392 1947 1618 2014 deinde
1692 1939 1964 2013 furnarii
2031 1948 2222 2032 culpa

201 2039 506 2104 damnum
546 2038 765 2104 datum
792 2038 1004 2117 fuerit,
1040 2058 1171 2103 non
1201 2039 1416 2103 venire
1445 2040 1513 2102 in
1540 2037 1707 2102 hanc
1738 2037 2219 2118 stipulationem

201 2129 519 2211 plerisque
567 2127 833 2193 videtur.

379 2231 725 2307 Sequuntur
770 2232 945 2290 haec:
995 2225 1263 2289 ‘Cassius
1313 2249 1546 2307 quoque
1594 2229 1723 2288 ait.

384 2332 557 2396 174?
647 2331 725 2396 D.
774 2333 877 2413 39,
924 2333 985 2413 2,
1038 2333 1113 2394 17
1134 2353 1224 2414 pr
1316 2329 1637 2414 Ulpianus
1693 2330 1860 2395 libro
1909 2330 2219 2414 quinqua-

209 2420 496 2505 gensimo
551 2422 745 2484 tertio
822 2420 901 2483 ad
959 2419 1253 2483 edictum.
1324 2455 1399 2465 —
1471 2417 1540 2483 Si
1606 2420 1748 2503 quis
1816 2420 2086 2483 missum
2149 2419 2219 2483 in

204 2508 693 2610 possessionem,
739 2529 883 2572 cum
932 2511 1102 2571 esset
1145 2508 1209 2571 in
1260 2507 1473 2571 aliena
1525 2510 1864 2590 potestate,
1924 2529 2056 2572 non
2115 2507 2220 2571 ad-

208 2596 469 2678 miserit,
497 2597 780 2681 plerique
808 2600 1041 2680 putant
1070 2596 1368 2660 noxalem
1391 2593 1484 2681 (?)
1507 2597 1826 2661 actionem
1856 2617 1930 2660 eo
1961 2597 2218 2661 nomine

206 2708 341 2749 com
392 2688 577 2749 etere.

344 2708 552 2838 p175?
644 2772 720 2837 D.
768 2773 873 2852 39,
918 2774 979 2857 2,
1028 2772 1213 2857 l3pr.
1305 2771 1624 2859 Ulpianus
1681 2773 1847 2838 libro
1906 2772 2214 2859 quinqua-

209 2863 493 2947 gensimo
548 2864 741 2928 tertio
798 2862 875 2927 ad
938 2861 1235 2927 edictum.
1285 2898 1369 2909 —
1418 2862 1543 2938 Qui
1597 2863 1768 2927 bona
1820 2863 1946 2926 fide
2003 2883 2042 2925 a
2085 2883 2216 2927 non

211 2952 461 3017 domino
512 2953 683 3030 emit,
730 2951 1071 3016 videndum
1110 2955 1225 3029 est,
1261 2951 1573 3036 numquid
1611 2952 2039 3035 repromittat,
2083 2973 2216 3017 non

214 3041 402 3106 etiam
450 3041 611 3105 satis
659 3039 781 3107 det.
866 3041 1034 3125 quod
1083 3040 1466 3124 quibusdam
1512 3040 1784 3107 videtur.

872 3199 971 3265 De
1013 3201 1292 3267 incendio
1335 3201 1540 3265 ruina.

383 3318 525 3382 176.
617 3314 691 3381 D.
740 3317 845 3398 47,
890 3315 949 3401 9,
997 3315 1055 3381 5.
1158 3313 1354 3380 Gaius
1412 3316 1580 3380 libro
1639 3316 1944 3381 vicesimo
2000 3316 2212 3399 primo

212 3406 283 3469 ad
342 3404 623 3471 edictum
673 3404 1085 3488 provinciale.
1136 3442 1223 3453 —-
1270 3402 1340 3469 Si
1387 3405 1530 3490 quis
1588 3427 1663 3469 ex
1721 3404 2064 3489 naufragio
2112 3404 2214 3467 vel

214 3514 283 3557 ex
334 3494 628 3560 incendio
674 3495 936 3559 ruinave
983 3497 1305 3558 servatam
1361 3516 1494 3557 rem
1545 3497 1609 3557 et
1669 3492 1796 3558 alio
1843 3493 1986 3558 loco
2045 3493 2214 3576 posi-

214 3586 337 3646 tam
386 3582 779 3646 subtraxerit
824 3586 937 3647 aut
972 3583 1275 3666 rapuerit,
1314 3582 1474 3648 furti
1507 3582 1756 3647 scilicet
1799 3586 1916 3647 aut
1953 3582 2112 3645 alias
2155 3578 2215 3642 vi

1685 3685 1788 3738 36*
