2575 3900
1014 192 1472 249 10.FUF1D1US
2126 194 2254 261 195

228 357 417 421 aliter
473 356 633 420 mihi
688 355 995 420 adversus
1050 359 1116 419 te
1172 354 1452 465 dandam
1497 356 1904 441 petitionem,
1960 379 2153 442 quam
2202 358 2258 422 si

226 446 519 529 legatum
564 443 909 510 redderem.

1024 603 1125 669 De
1166 604 1464 669 arbitriis

407 729 511 793 22.
574 728 654 794 D.
690 729 750 809 4,
780 728 839 805 8,
868 729 971 810 21,
999 728 1059 793 9.
1158 726 1477 811 Ulpianus
1533 728 1700 793 libro
1756 728 1950 795 tertio
2007 729 2258 797 decimo

230 817 310 882 ad
366 817 649 883 edictum
695 816 794 903 (P.
821 813 1001 904 460).
1052 852 1128 863 —
1182 818 1274 881 Si‘
1307 817 1448 901 quis
1496 838 1573 881 ex
1617 818 2060 903 litigatoribus
2111 819 2253 884 ideo

226 927 357 970 non
415 905 718 989 adfuerit,
774 905 945 989 quod
1001 903 1361 969 valetudine
1415 906 1519 970 vel
1575 907 1668 970 rei
1712 906 2012 991 publicae
2058 929 2256 973 causa

227 995 522 1059 absentia
575 994 924 1077 impeditus
982 993 1068 1058 sit
1121 998 1235 1059 aut
1289 994 1676 1079 magistratu
1734 998 1847 1059 aut
1900 995 2031 1060 alia
2080 997 2254 1061 iusta

225 1084 303 1147 de
338 1104 549 1165 causa,
584 1103 859 1166 poenam
888 1082 1205 1147 committi
1231 1081 1539 1147 Proculus
1569 1088 1634 1147 et
1661 1082 2010 1150 Atilicinus
2040 1086 2264 1170 aiunt3·

226 1171 339 1236 sed
386 1173 439 1237 si
486 1174 753 1256 paratus
800 1172 886 1235 sit
929 1171 999 1235 in
1040 1170 1310 1235 eundem
1348 1171 1886 1255 compromittere,
1930 1173 2248 1239 actionem

226 1260 531 1343 denegari
578 1263 690 1325 aut
736 1261 1106 1343 exceptione
1151 1264 1364 1323 tutum
1412 1259 1564 1325 fore.

1074 1492 1394 1501 ————-—-

926 1662 1052 1745 10.
1108 1668 1553 1741 FUFIDIUS

402 1833 506 1909 qui
558 1830 706 1891 iuris
751 1831 981 1907 peritus
1027 1850 1064 1889 a
1112 1829 1259 1891 Gaio
1276 1876 1292 1907 ,
1343 1831 1655 1905 Africano,
1711 1832 1898 1891 Paulo
1943 1831 2246 1905 laudatur,

222 1942 355 1984 cum
406 1921 613 1981 Sabini
658 1924 721 1980 et
762 1918 1035 1982 Atilicini
1078 1938 1369 1996 responsa
1402 1919 1740 1998 rettulisse,
1796 1920 1854 1980 N
1857 1940 1998 1982 erva
2043 1923 2248 1982 autem

220 2011 381 2071 filius
447 2013 654 2070 contra
715 2013 895 2085 atque
957 2009 1059 2068 ille
1125 2010 1380 2070 sensisse
1437 2010 1673 2070 dicatur
1728 2002 1828 2090 (D.
1867 2011 1971 2086 40,
2012 2012 2068 2088 2,
2110 2005 2248 2092 25),

221 2100 400 2158 huius
460 2099 725 2174 aequalis
786 2116 916 2157 esse
968 2098 1025 2155 N
1029 2098 1342 2174 eronisque
1397 2100 1682 2176 principis
1749 2101 1950 2158 aetate
2005 2099 2246 2158 videtur

219 2188 437 2250 vixisse
485 2180 761 2268 (Pernice
807 2186 839 2246 I
887 2188 1017 2246 280
1060 2206 1119 2244 n.
1152 2179 1284 2268 11).
1367 2207 1560 2266 quem,
1598 2206 1733 2249 cum
1771 2187 1991 2247 Fufidii
2027 2206 2244 2248 nomen

220 2278 469 2352 vulgare
508 2275 587 2334 sit
618 2269 980 2355 (Wilmanns
1018 2275 1122 2333 Ex.
1161 2275 1240 2348 II,
1280 2268 1457 2357 329),
1500 2276 1652 2336 nihil
1689 2280 1800 2353 est,
1847 2295 1955 2336 cur
1987 2277 2243 2352 ,eundem

220 2370 402 2441 atque
456 2363 762 2423 Aufidium
826 2363 1038 2423 Chium
1096 2355 1181 2444 (v.
1225 2362 1329 2436 IV,
1361 2358 1430 2445 5)
1503 2369 1783 2441 putemus
1847 2383 1994 2425 esse.
2089 2383 2242 2442 quae

221 2455 291 2512 de
346 2452 578 2512 Fufidio
642 2455 1004 2529 referuntur,
1070 2470 1207 2511 eum
1260 2472 1381 2512 non
1443 2454 1871 2529 respondendO,
1929 2455 2035 2512 sed
2089 2453 2240 2513 iuris

220 2543 624 2602 consultorum
682 2540 979 2616 responsis
1045 2542 1442 2616 proponendis
1503 2560 1745 2618 operam
1803 2541 2035 2600 dedisse
2089 2541 2240 2600 satis

219 2631 499 2690 videntur
542 2629 819 2690 indicare.

856 2805 1371 2876 Quaestionum
1414 2805 1606 2867 libri.

394 2931 706 2991 Laudatur
750 2931 826 2990 ab
862 2930 1149 2990 Africano
1194 2929 1258 2989 in
1301 2929 1732 3000 Quaestionum
1778 2930 1932 2990 libro
1979 2931 2236 2991 secundo

213 3021 438 3082 Fufidii
483 3020 773 3082 secundus
818 3020 971 3080 liber
1017 3018 1463 3096 Quaestionum,
1513 3020 1620 3079 cui'
1654 3019 1823 3097 operi
1867 3020 2064 3080 omnia
2109 3021 2234 3080 eius

216 3112 575 3188 fragmenta,
612 3128 765 3184 quae
800 3127 991 3186 pauca
1026 3111 1183 3184 sunt,
1221 3108 1548 3168 attribuere
1586 3108 1740 3170 licet.
1807 3127 1939 3168 cum
1975 3109 2234 3170 secundo

213 3201 366 3260 libro
425 3201 498 3259 de
543 3200 761 3276 legatis
807 3198 1032 3257 dictum
1079 3215 1207 3256 esse
1254 3200 1568 3274 appareat,
1625 3216 1698 3258 ea
1743 3217 1894 3274 quae
1941 3197 2013 3257 de
2060 3216 2233 3260 servo

214 3289 434 3348 herede
478 3287 845 3346 instituendo
890 3285 1189 3345 Fufidium
1236 3285 1453 3345 dixisse
1499 3287 1774 3361 traditur,
1824 3285 2015 3362 primo
2060 3287 2232 3362 libre,

221 3397 368 3454 quae
425 3378 497 3436 de
554 3375 1039 3452 manumissione,
1093 3375 1193 3434 vel
1247 3375 1502 3434 secundo
1559 3376 1658 3436 vel
1703 3374 1879 3435 tertio
1925 3374 2079 3435 libro
2127 3377 2231 3434 ad-

214 3465 526 3526 scribenda
563 3482 691 3525 esse
727 3465 869 3524 licet
902 3463 1210 3539 suspicari.
1286 3461 1389 3522 sed
1427 3463 1498 3523 de
1535 3483 1599 3522 re
1637 3463 1812 3539 plane
1846 3463 2030 3568 dubia
2065 3467 2232 3524 certa

215 3557 481 3614 statuere
525 3555 679 3616 nole.

1799 3656 1825 3701 1
1833 3655 1864 3702 3
1876 3649 1906 3681 *
