<?xml version="1.0" encoding="UTF-8"?>
<!DOCTYPE html PUBLIC "-//W3C//DTD XHTML 1.0 Transitional//EN"
    "http://www.w3.org/TR/xhtml1/DTD/xhtml1-transitional.dtd">
<html xmlns="http://www.w3.org/1999/xhtml" xml:lang="en" lang="en">
 <head>
  <title>
</title>
<meta http-equiv="Content-Type" content="text/html;charset=utf-8" />
  <meta name='ocr-system' content='tesseract 3.04.00' />
  <meta name='ocr-capabilities' content='ocr_page ocr_carea ocr_par ocr_line ocrx_word'/>
</head>
<body>
  <div class='ocr_page' id='page_1' title='image "./iurisprudentiae00unkngoog_0372.png"; bbox 0 0 2575 3900; ppageno 0'>
   <div class='ocr_carea' id='block_1_1' title="bbox 297 192 2258 258">
    <p class='ocr_par' dir='ltr' id='par_1_1' title="bbox 297 192 2258 258">
     <span class='ocr_line' id='line_1_1' title="bbox 297 192 2258 258; baseline -0.007 0"><span class='ocrx_word' id='word_1_1' title='bbox 297 193 425 258; x_wconf 79' lang='grc'><strong>326</strong></span> <span class='ocrx_word' id='word_1_2' title='bbox 500 195 566 251; x_wconf 87' lang='lat' dir='ltr'><strong>V.</strong></span> <span class='ocrx_word' id='word_1_3' title='bbox 603 193 903 248; x_wconf 86' lang='lat' dir='ltr'><strong>NERVAE</strong></span> <span class='ocrx_word' id='word_1_4' title='bbox 942 193 1035 248; x_wconf 84' lang='grc' dir='ltr'><strong>ΕΤ</strong></span> <span class='ocrx_word' id='word_1_5' title='bbox 1073 193 1379 248; x_wconf 86' lang='lat' dir='ltr'><strong>TRAIANI</strong></span> <span class='ocrx_word' id='word_1_6' title='bbox 1414 193 1630 250; x_wconf 83' lang='lat' dir='ltr'><strong>TEMP.</strong></span> <span class='ocrx_word' id='word_1_7' title='bbox 1667 193 1860 250; x_wconf 84' lang='lat' dir='ltr'><strong>IURIS</strong></span> <span class='ocrx_word' id='word_1_8' title='bbox 1897 192 2258 250; x_wconf 87' lang='lat' dir='ltr'><strong>CONSULTI</strong></span> 
     </span>
    </p>
   </div>
   <div class='ocr_carea' id='block_1_2' title="bbox 293 357 2316 1154">
    <p class='ocr_par' dir='ltr' id='par_1_2' title="bbox 293 357 2316 1154">
     <span class='ocr_line' id='line_1_2' title="bbox 294 357 2315 443; baseline -0.001 -19"><span class='ocrx_word' id='word_1_9' title='bbox 294 359 677 442; x_wconf 79' lang='lat' dir='ltr'><strong>consistere,</strong></span> <span class='ocrx_word' id='word_1_10' title='bbox 734 362 807 422; x_wconf 89' lang='lat' dir='ltr'><strong>ut</strong></span> <span class='ocrx_word' id='word_1_11' title='bbox 860 357 1019 422; x_wconf 89' lang='lat' dir='ltr'><strong>mihi</strong></span> <span class='ocrx_word' id='word_1_12' title='bbox 1076 358 1306 423; x_wconf 86' lang='lat' dir='ltr'><strong>ceteris</strong></span> <span class='ocrx_word' id='word_1_13' title='bbox 1361 357 1654 443; x_wconf 85' lang='lat' dir='ltr'><strong>partibus</strong></span> <span class='ocrx_word' id='word_1_14' title='bbox 1711 357 2060 442; x_wconf 79' lang='lat' dir='ltr'><strong>redemptis</strong></span> <span class='ocrx_word' id='word_1_15' title='bbox 2117 357 2315 422; x_wconf 82' lang='lat' dir='ltr'><strong>etiam</strong></span> 
     </span>
     <span class='ocr_line' id='line_1_3' title="bbox 294 445 2314 533; baseline -0 -21"><span class='ocrx_word' id='word_1_16' title='bbox 294 451 479 514; x_wconf 85' lang='lat' dir='ltr'><strong>tuam</strong></span> <span class='ocrx_word' id='word_1_17' title='bbox 534 451 784 533; x_wconf 81' lang='lat' dir='ltr'><strong>partem</strong></span> <span class='ocrx_word' id='word_1_18' title='bbox 837 450 1167 530; x_wconf 82' lang='lat' dir='ltr'><strong>praestare</strong></span> <span class='ocrx_word' id='word_1_19' title='bbox 1225 446 1478 513; x_wconf 77' lang='lat' dir='ltr'><strong>debeas,</strong></span> <span class='ocrx_word' id='word_1_20' title='bbox 1569 446 1678 512; x_wconf 88' lang='lat' dir='ltr'><strong>sed</strong></span> <span class='ocrx_word' id='word_1_21' title='bbox 1727 447 1784 510; x_wconf 89' lang='lat' dir='ltr'><strong>si</strong></span> <span class='ocrx_word' id='word_1_22' title='bbox 1829 445 2088 531; x_wconf 90' lang='lat' dir='ltr'><strong>quidem</strong></span> <span class='ocrx_word' id='word_1_23' title='bbox 2137 449 2314 511; x_wconf 86' lang='lat' dir='ltr'><strong>certo</strong></span> 
     </span>
     <span class='ocr_line' id='line_1_4' title="bbox 295 535 2310 621; baseline -0.001 -19"><span class='ocrx_word' id='word_1_24' title='bbox 295 537 506 621; x_wconf 86' lang='lat' dir='ltr'><strong>pretio</strong></span> <span class='ocrx_word' id='word_1_25' title='bbox 546 536 847 601; x_wconf 85' lang='lat' dir='ltr'><strong>emendas</strong></span> <span class='ocrx_word' id='word_1_26' title='bbox 874 557 983 600; x_wconf 84' lang='lat' dir='ltr'><strong>eas</strong></span> <span class='ocrx_word' id='word_1_27' title='bbox 1012 535 1472 619; x_wconf 74' lang='lat' dir='ltr'><strong>mandaverim,</strong></span> <span class='ocrx_word' id='word_1_28' title='bbox 1507 535 2004 620; x_wconf 72' lang='lat' dir='ltr'><strong>quanticumque</strong></span> <span class='ocrx_word' id='word_1_29' title='bbox 2035 535 2310 600; x_wconf 87' lang='lat' dir='ltr'><strong>aliorum</strong></span> 
     </span>
     <span class='ocr_line' id='line_1_5' title="bbox 293 624 2312 710; baseline -0.001 -20"><span class='ocrx_word' id='word_1_30' title='bbox 293 629 515 710; x_wconf 84' lang='lat' dir='ltr'><strong>partes</strong></span> <span class='ocrx_word' id='word_1_31' title='bbox 560 625 931 708; x_wconf 71' lang='lat' dir='ltr'><strong>redemeriS,</strong></span> <span class='ocrx_word' id='word_1_32' title='bbox 986 624 1078 690; x_wconf 90' lang='lat' dir='ltr'><strong>sic</strong></span> <span class='ocrx_word' id='word_1_33' title='bbox 1125 628 1191 688; x_wconf 89' lang='lat' dir='ltr'><strong>et</strong></span> <span class='ocrx_word' id='word_1_34' title='bbox 1234 628 1350 690; x_wconf 89' lang='lat' dir='ltr'><strong>tua</strong></span> <span class='ocrx_word' id='word_1_35' title='bbox 1393 646 1543 709; x_wconf 90' lang='lat' dir='ltr'><strong>pars</strong></span> <span class='ocrx_word' id='word_1_36' title='bbox 1591 624 2017 708; x_wconf 72' lang='lat' dir='ltr'><strong>coartabitur,</strong></span> <span class='ocrx_word' id='word_1_37' title='bbox 2063 627 2136 689; x_wconf 93' lang='lat' dir='ltr'><strong>ut</strong></span> <span class='ocrx_word' id='word_1_38' title='bbox 2180 645 2312 689; x_wconf 90' lang='lat' dir='ltr'><strong>non</strong></span> 
     </span>
     <span class='ocr_line' id='line_1_6' title="bbox 296 713 2313 799; baseline -0.001 -21"><span class='ocrx_word' id='word_1_39' title='bbox 296 713 581 779; x_wconf 86' lang='lat' dir='ltr'><strong>abundet</strong></span> <span class='ocrx_word' id='word_1_40' title='bbox 627 713 915 779; x_wconf 84' lang='lat' dir='ltr'><strong>mandati</strong></span> <span class='ocrx_word' id='word_1_41' title='bbox 961 714 1416 799; x_wconf 86' lang='lat' dir='ltr'><strong>quantitatem,</strong></span> <span class='ocrx_word' id='word_1_42' title='bbox 1461 714 1527 778; x_wconf 88' lang='lat' dir='ltr'><strong>in</strong></span> <span class='ocrx_word' id='word_1_43' title='bbox 1575 734 1767 798; x_wconf 84' lang='lat' dir='ltr'><strong>quam</strong></span> <span class='ocrx_word' id='word_1_44' title='bbox 1814 713 1940 778; x_wconf 89' lang='lat' dir='ltr'><strong>tibi</strong></span> <span class='ocrx_word' id='word_1_45' title='bbox 1975 713 2313 792; x_wconf 88' lang='lat' dir='ltr'><strong>emendum</strong></span> 
     </span>
     <span class='ocr_line' id='line_1_7' title="bbox 293 801 2311 885; baseline -0.001 -18"><span class='ocrx_word' id='word_1_46' title='bbox 293 806 505 868; x_wconf 87' lang='lat' dir='ltr'><strong>totum</strong></span> <span class='ocrx_word' id='word_1_47' title='bbox 571 803 901 883; x_wconf 80' lang='lat' dir='ltr'><strong>mandavi3</strong></span> <span class='ocrx_word' id='word_1_48' title='bbox 968 801 1069 867; x_wconf 86' lang='lat' dir='ltr'><strong>sin</strong></span> <span class='ocrx_word' id='word_1_49' title='bbox 1135 807 1354 868; x_wconf 86' lang='lat' dir='ltr'><strong>autem</strong></span> <span class='ocrx_word' id='word_1_50' title='bbox 1417 801 1596 866; x_wconf 91' lang='lat' dir='ltr'><strong>nullo</strong></span> <span class='ocrx_word' id='word_1_51' title='bbox 1660 805 1838 868; x_wconf 87' lang='lat' dir='ltr'><strong>certo</strong></span> <span class='ocrx_word' id='word_1_52' title='bbox 1899 801 2106 885; x_wconf 88' lang='lat' dir='ltr'><strong>pretio</strong></span> <span class='ocrx_word' id='word_1_53' title='bbox 2163 823 2311 867; x_wconf 91' lang='lat' dir='ltr'><strong>con-</strong></span> 
     </span>
     <span class='ocr_line' id='line_1_8' title="bbox 294 890 2307 975; baseline -0.001 -19"><span class='ocrx_word' id='word_1_54' title='bbox 294 892 524 958; x_wconf 86' lang='lat' dir='ltr'><strong>stituto</strong></span> <span class='ocrx_word' id='word_1_55' title='bbox 579 915 785 958; x_wconf 88' lang='lat' dir='ltr'><strong>emere</strong></span> <span class='ocrx_word' id='word_1_56' title='bbox 832 890 956 956; x_wconf 89' lang='lat' dir='ltr'><strong>tibi</strong></span> <span class='ocrx_word' id='word_1_57' title='bbox 1001 892 1441 956; x_wconf 80' lang='lat' dir='ltr'><strong>mandaverim</strong></span> <span class='ocrx_word' id='word_1_58' title='bbox 1485 894 1685 975; x_wconf 88' lang='lat' dir='ltr'><strong>tuque</strong></span> <span class='ocrx_word' id='word_1_59' title='bbox 1733 912 1810 954; x_wconf 85' lang='lat' dir='ltr'><strong>ex</strong></span> <span class='ocrx_word' id='word_1_60' title='bbox 1856 890 2125 955; x_wconf 83' lang='lat' dir='ltr'><strong>diversis</strong></span> <span class='ocrx_word' id='word_1_61' title='bbox 2173 912 2307 974; x_wconf 88' lang='lat' dir='ltr'><strong>pre·</strong></span> 
     </span>
     <span class='ocr_line' id='line_1_9' title="bbox 296 978 2316 1066; baseline -0.002 -20"><span class='ocrx_word' id='word_1_62' title='bbox 296 981 407 1046; x_wconf 87' lang='lat' dir='ltr'><strong>tiis</strong></span> <span class='ocrx_word' id='word_1_63' title='bbox 454 986 673 1066; x_wconf 88' lang='lat' dir='ltr'><strong>partes</strong></span> <span class='ocrx_word' id='word_1_64' title='bbox 719 983 1081 1046; x_wconf 90' lang='lat' dir='ltr'><strong>ceterorum</strong></span> <span class='ocrx_word' id='word_1_65' title='bbox 1128 980 1498 1061; x_wconf 86' lang='lat' dir='ltr'><strong>redemeris,</strong></span> <span class='ocrx_word' id='word_1_66' title='bbox 1555 985 1621 1043; x_wconf 92' lang='lat' dir='ltr'><strong>et</strong></span> <span class='ocrx_word' id='word_1_67' title='bbox 1665 983 1844 1044; x_wconf 89' lang='lat' dir='ltr'><strong>tuam</strong></span> <span class='ocrx_word' id='word_1_68' title='bbox 1891 983 2147 1062; x_wconf 87' lang='lat' dir='ltr'><strong>partem</strong></span> <span class='ocrx_word' id='word_1_69' title='bbox 2193 978 2316 1042; x_wconf 85' lang='lat' dir='ltr'><strong>viri</strong></span> 
     </span>
     <span class='ocr_line' id='line_1_10' title="bbox 298 1067 1976 1154; baseline 0 -20"><span class='ocrx_word' id='word_1_70' title='bbox 298 1070 452 1136; x_wconf 92' lang='lat' dir='ltr'><strong>boni</strong></span> <span class='ocrx_word' id='word_1_71' title='bbox 502 1071 823 1136; x_wconf 87' lang='lat' dir='ltr'><strong>arbitratu</strong></span> <span class='ocrx_word' id='word_1_72' title='bbox 870 1070 1212 1134; x_wconf 83' lang='lat' dir='ltr'><strong>aestimato</strong></span> <span class='ocrx_word' id='word_1_73' title='bbox 1259 1068 1469 1154; x_wconf 88' lang='lat' dir='ltr'><strong>pretio</strong></span> <span class='ocrx_word' id='word_1_74' title='bbox 1517 1067 1654 1133; x_wconf 87' lang='lat' dir='ltr'><strong>dari</strong></span> <span class='ocrx_word' id='word_1_75' title='bbox 1703 1072 1976 1154; x_wconf 87' lang='lat' dir='ltr'><strong>oportet.</strong></span> 
     </span>
    </p>
   </div>
   <div class='ocr_carea' id='block_1_3' title="bbox 636 1247 1966 1315">
    <p class='ocr_par' dir='ltr' id='par_1_3' title="bbox 636 1247 1966 1315">
     <span class='ocr_line' id='line_1_11' title="bbox 636 1247 1966 1315; baseline -0.005 0"><span class='ocrx_word' id='word_1_76' title='bbox 636 1247 737 1315; x_wconf 84' lang='lat' dir='ltr'><strong>De</strong></span> <span class='ocrx_word' id='word_1_77' title='bbox 780 1247 1107 1312; x_wconf 79' lang='lat' dir='ltr'><strong>donatione</strong></span> <span class='ocrx_word' id='word_1_78' title='bbox 1151 1248 1311 1313; x_wconf 79' lang='lat' dir='ltr'><strong>inter</strong></span> <span class='ocrx_word' id='word_1_79' title='bbox 1353 1248 1555 1312; x_wconf 77' lang='lat' dir='ltr'><strong>virum</strong></span> <span class='ocrx_word' id='word_1_80' title='bbox 1599 1251 1657 1311; x_wconf 78' lang='lat' dir='ltr'><strong>et</strong></span> <span class='ocrx_word' id='word_1_81' title='bbox 1698 1265 1966 1310; x_wconf 81' lang='lat' dir='ltr'><strong>uxorem.</strong></span> 
     </span>
    </p>
   </div>
   <div class='ocr_carea' id='block_1_4' title="bbox 288 1359 2314 2604">
    <p class='ocr_par' dir='ltr' id='par_1_4' title="bbox 288 1359 2314 2604">
     <span class='ocr_line' id='line_1_12' title="bbox 472 1359 2313 1446; baseline -0.002 -19"><span class='ocrx_word' id='word_1_82' title='bbox 472 1363 577 1427; x_wconf 84' lang='grc'><strong>42.</strong></span> <span class='ocrx_word' id='word_1_83' title='bbox 625 1363 707 1428; x_wconf 91' lang='lat' dir='ltr'><strong>D.</strong></span> <span class='ocrx_word' id='word_1_84' title='bbox 732 1364 840 1445; x_wconf 82' lang='lat'><strong>24,</strong></span> <span class='ocrx_word' id='word_1_85' title='bbox 871 1366 927 1446; x_wconf 89' lang='lat'><strong>1,</strong></span> <span class='ocrx_word' id='word_1_86' title='bbox 955 1364 1059 1428; x_wconf 88' lang='lat'><strong>44.</strong></span> <span class='ocrx_word' id='word_1_87' title='bbox 1110 1361 1458 1427; x_wconf 86' lang='lat' dir='ltr'><strong>&#39;Neratius</strong></span> <span class='ocrx_word' id='word_1_88' title='bbox 1505 1361 1671 1425; x_wconf 88' lang='lat' dir='ltr'><strong>libro</strong></span> <span class='ocrx_word' id='word_1_89' title='bbox 1722 1361 1945 1446; x_wconf 87' lang='lat' dir='ltr'><strong>quinto</strong></span> <span class='ocrx_word' id='word_1_90' title='bbox 1993 1359 2313 1424; x_wconf 88' lang='lat' dir='ltr'><strong>Membra·</strong></span> 
     </span>
     <span class='ocr_line' id='line_1_13' title="bbox 289 1449 2312 1534; baseline -0.002 -18"><span class='ocrx_word' id='word_1_91' title='bbox 289 1473 537 1517; x_wconf 88' lang='lat' dir='ltr'><strong>narum.</strong></span> <span class='ocrx_word' id='word_1_92' title='bbox 592 1488 668 1500; x_wconf 90' lang='lat'>—</span> <span class='ocrx_word' id='word_1_93' title='bbox 719 1449 788 1517; x_wconf 82' lang='lat' dir='ltr'><strong>Si</strong></span> <span class='ocrx_word' id='word_1_94' title='bbox 844 1458 1185 1516; x_wconf 86' lang='lat' dir='ltr'><strong>extraneus</strong></span> <span class='ocrx_word' id='word_1_95' title='bbox 1240 1473 1376 1514; x_wconf 88' lang='lat' dir='ltr'><strong>rem</strong></span> <span class='ocrx_word' id='word_1_96' title='bbox 1431 1450 1568 1515; x_wconf 81' lang='lat' dir='ltr'><strong>viri·</strong></span> <span class='ocrx_word' id='word_1_97' title='bbox 1609 1451 1919 1534; x_wconf 82' lang='lat' dir='ltr'><strong>ignorans</strong></span> <span class='ocrx_word' id='word_1_98' title='bbox 1976 1450 2111 1513; x_wconf 87' lang='lat' dir='ltr'><strong>eius</strong></span> <span class='ocrx_word' id='word_1_99' title='bbox 2171 1470 2312 1512; x_wconf 86' lang='lat' dir='ltr'><strong>esse</strong></span> 
     </span>
     <span class='ocr_line' id='line_1_14' title="bbox 295 1539 2311 1624; baseline -0.002 -20"><span class='ocrx_word' id='word_1_100' title='bbox 295 1542 628 1624; x_wconf 85' lang='lat' dir='ltr'><strong>ignoranti</strong></span> <span class='ocrx_word' id='word_1_101' title='bbox 673 1541 878 1624; x_wconf 86' lang='lat' dir='ltr'><strong>uxori,</strong></span> <span class='ocrx_word' id='word_1_102' title='bbox 926 1561 1000 1606; x_wconf 88' lang='lat' dir='ltr'><strong>ac</strong></span> <span class='ocrx_word' id='word_1_103' title='bbox 1045 1562 1125 1604; x_wconf 91' lang='lat' dir='ltr'><strong>ne</strong></span> <span class='ocrx_word' id='word_1_104' title='bbox 1171 1540 1310 1603; x_wconf 81' lang='lat' dir='ltr'><strong>viro</strong></span> <span class='ocrx_word' id='word_1_105' title='bbox 1359 1539 1615 1624; x_wconf 91' lang='lat' dir='ltr'><strong>quidem</strong></span> <span class='ocrx_word' id='word_1_106' title='bbox 1663 1539 1902 1604; x_wconf 88' lang='lat' dir='ltr'><strong>sciente</strong></span> <span class='ocrx_word' id='word_1_107' title='bbox 1949 1559 2090 1603; x_wconf 89' lang='lat' dir='ltr'><strong>eam</strong></span> <span class='ocrx_word' id='word_1_108' title='bbox 2130 1558 2311 1602; x_wconf 89' lang='lat' dir='ltr'><strong>suam</strong></span> 
     </span>
     <span class='ocr_line' id='line_1_15' title="bbox 294 1627 2312 1712; baseline -0.002 -18"><span class='ocrx_word' id='word_1_109' title='bbox 294 1651 455 1712; x_wconf 86' lang='lat' dir='ltr'><strong>esse,</strong></span> <span class='ocrx_word' id='word_1_110' title='bbox 502 1629 857 1712; x_wconf 85' lang='lat' dir='ltr'><strong>donaverit,</strong></span> <span class='ocrx_word' id='word_1_111' title='bbox 901 1629 1131 1693; x_wconf 85' lang='lat' dir='ltr'><strong>mulier</strong></span> <span class='ocrx_word' id='word_1_112' title='bbox 1174 1633 1347 1693; x_wconf 84' lang='lat' dir='ltr'><strong>recte</strong></span> <span class='ocrx_word' id='word_1_113' title='bbox 1393 1650 1534 1693; x_wconf 91' lang='lat' dir='ltr'><strong>eam</strong></span> <span class='ocrx_word' id='word_1_114' title='bbox 1584 1628 1934 1711; x_wconf 86' lang='lat' dir='ltr'><strong>usucapiet.</strong></span> <span class='ocrx_word' id='word_1_115' title='bbox 2016 1627 2312 1712; x_wconf 86' lang='lat' dir='ltr'><strong>idemque</strong></span> 
     </span>
     <span class='ocr_line' id='line_1_16' title="bbox 289 1714 2310 1802; baseline -0.002 -20"><span class='ocrx_word' id='word_1_116' title='bbox 289 1718 447 1783; x_wconf 86' lang='lat' dir='ltr'><strong>iuris</strong></span> <span class='ocrx_word' id='word_1_117' title='bbox 497 1719 645 1800; x_wconf 92' lang='lat' dir='ltr'><strong>erit,</strong></span> <span class='ocrx_word' id='word_1_118' title='bbox 700 1719 755 1784; x_wconf 91' lang='lat' dir='ltr'><strong>si</strong></span> <span class='ocrx_word' id='word_1_119' title='bbox 800 1718 875 1802; x_wconf 82' lang='lat' dir='ltr'><strong>ie,</strong></span> <span class='ocrx_word' id='word_1_120' title='bbox 922 1718 1030 1802; x_wconf 91' lang='lat' dir='ltr'><strong>qui</strong></span> <span class='ocrx_word' id='word_1_121' title='bbox 1076 1719 1143 1782; x_wconf 93' lang='lat' dir='ltr'><strong>in</strong></span> <span class='ocrx_word' id='word_1_122' title='bbox 1190 1720 1513 1801; x_wconf 85' lang='lat' dir='ltr'><strong>potestate</strong></span> <span class='ocrx_word' id='word_1_123' title='bbox 1559 1717 1680 1782; x_wconf 85' lang='lat' dir='ltr'><strong>viri</strong></span> <span class='ocrx_word' id='word_1_124' title='bbox 1727 1720 1884 1801; x_wconf 86' lang='lat' dir='ltr'><strong>erat,</strong></span> <span class='ocrx_word' id='word_1_125' title='bbox 1930 1714 2194 1780; x_wconf 89' lang='lat' dir='ltr'><strong>credens</strong></span> <span class='ocrx_word' id='word_1_126' title='bbox 2239 1736 2310 1779; x_wconf 79' lang='lat' dir='ltr'><strong>se</strong></span> 
     </span>
     <span class='ocr_line' id='line_1_17' title="bbox 291 1803 2309 1892; baseline -0.002 -19"><span class='ocrx_word' id='word_1_127' title='bbox 291 1810 543 1892; x_wconf 86' lang='lat' dir='ltr'><strong>patrem</strong></span> <span class='ocrx_word' id='word_1_128' title='bbox 600 1807 884 1873; x_wconf 85' lang='lat' dir='ltr'><strong>familias</strong></span> <span class='ocrx_word' id='word_1_129' title='bbox 941 1827 1081 1871; x_wconf 85' lang='lat' dir='ltr'><strong>esse</strong></span> <span class='ocrx_word' id='word_1_130' title='bbox 1136 1807 1318 1871; x_wconf 85' lang='lat' dir='ltr'><strong>uxori</strong></span> <span class='ocrx_word' id='word_1_131' title='bbox 1372 1806 1577 1891; x_wconf 88' lang='lat' dir='ltr'><strong>patris</strong></span> <span class='ocrx_word' id='word_1_132' title='bbox 1633 1806 1986 1872; x_wconf 80' lang='lat' dir='ltr'><strong>donaverit.</strong></span> <span class='ocrx_word' id='word_1_133' title='bbox 2080 1803 2192 1870; x_wconf 84' lang='lat' dir='ltr'><strong>sed</strong></span> <span class='ocrx_word' id='word_1_134' title='bbox 2253 1805 2309 1868; x_wconf 87' lang='lat' dir='ltr'><strong>si</strong></span> 
     </span>
     <span class='ocr_line' id='line_1_18' title="bbox 288 1893 2313 1981; baseline -0.002 -19"><span class='ocrx_word' id='word_1_135' title='bbox 288 1896 392 1962; x_wconf 82' lang='lat' dir='ltr'><strong>vir</strong></span> <span class='ocrx_word' id='word_1_136' title='bbox 447 1897 737 1962; x_wconf 86' lang='lat' dir='ltr'><strong>rescierit</strong></span> <span class='ocrx_word' id='word_1_137' title='bbox 792 1918 975 1962; x_wconf 86' lang='lat' dir='ltr'><strong>suam</strong></span> <span class='ocrx_word' id='word_1_138' title='bbox 1028 1917 1163 1960; x_wconf 87' lang='lat' dir='ltr'><strong>rem</strong></span> <span class='ocrx_word' id='word_1_139' title='bbox 1220 1915 1388 1979; x_wconf 88' lang='lat' dir='ltr'><strong>esse,</strong></span> <span class='ocrx_word' id='word_1_140' title='bbox 1443 1896 1819 1981; x_wconf 88' lang='lat' dir='ltr'><strong>priusquam</strong></span> <span class='ocrx_word' id='word_1_141' title='bbox 1875 1893 2313 1979; x_wconf 87' lang='lat' dir='ltr'><strong>usucapiatur,</strong></span> 
     </span>
     <span class='ocr_line' id='line_1_19' title="bbox 289 1983 2314 2071; baseline -0.001 -21"><span class='ocrx_word' id='word_1_142' title='bbox 289 1986 738 2071; x_wconf 85' lang='lat' dir='ltr'><strong>vindicareque</strong></span> <span class='ocrx_word' id='word_1_143' title='bbox 795 2008 935 2050; x_wconf 89' lang='lat' dir='ltr'><strong>eam</strong></span> <span class='ocrx_word' id='word_1_144' title='bbox 991 1986 1230 2068; x_wconf 88' lang='lat' dir='ltr'><strong>poterit</strong></span> <span class='ocrx_word' id='word_1_145' title='bbox 1284 2006 1399 2064; x_wconf 89' lang='lat' dir='ltr'><strong>nec</strong></span> <span class='ocrx_word' id='word_1_146' title='bbox 1454 1984 1629 2049; x_wconf 85' lang='lat' dir='ltr'><strong>volet</strong></span> <span class='ocrx_word' id='word_1_147' title='bbox 1683 1989 1750 2048; x_wconf 93' lang='lat' dir='ltr'><strong>et</strong></span> <span class='ocrx_word' id='word_1_148' title='bbox 1801 1985 1922 2049; x_wconf 91' lang='lat' dir='ltr'><strong>hoc</strong></span> <span class='ocrx_word' id='word_1_149' title='bbox 1968 1988 2033 2048; x_wconf 89' lang='lat' dir='ltr'><strong>et</strong></span> <span class='ocrx_word' id='word_1_150' title='bbox 2076 1983 2314 2048; x_wconf 87' lang='lat' dir='ltr'><strong>mulier</strong></span> 
     </span>
     <span class='ocr_line' id='line_1_20' title="bbox 288 2072 2307 2160; baseline -0.002 -20"><span class='ocrx_word' id='word_1_151' title='bbox 288 2077 561 2160; x_wconf 83' lang='lat' dir='ltr'><strong>noverit,</strong></span> <span class='ocrx_word' id='word_1_152' title='bbox 607 2076 1115 2157; x_wconf 88' lang='lat' dir='ltr'><strong>interrumpetur</strong></span> <span class='ocrx_word' id='word_1_153' title='bbox 1161 2073 1503 2157; x_wconf 82' lang='lat' dir='ltr'><strong>possessiO,</strong></span> <span class='ocrx_word' id='word_1_154' title='bbox 1551 2073 1702 2159; x_wconf 88' lang='lat' dir='ltr'><strong>quia</strong></span> <span class='ocrx_word' id='word_1_155' title='bbox 1749 2072 2009 2138; x_wconf 76' lang='lat' dir='ltr'><strong>transiit</strong></span> <span class='ocrx_word' id='word_1_156' title='bbox 2054 2073 2120 2136; x_wconf 90' lang='lat' dir='ltr'><strong>in</strong></span> <span class='ocrx_word' id='word_1_157' title='bbox 2160 2094 2307 2137; x_wconf 89' lang='lat' dir='ltr'><strong>cau-</strong></span> 
     </span>
     <span class='ocr_line' id='line_1_21' title="bbox 294 2160 2311 2245; baseline -0.003 -16"><span class='ocrx_word' id='word_1_158' title='bbox 294 2186 434 2229; x_wconf 89' lang='lat' dir='ltr'><strong>sam</strong></span> <span class='ocrx_word' id='word_1_159' title='bbox 482 2166 563 2230; x_wconf 90' lang='lat' dir='ltr'><strong>ab</strong></span> <span class='ocrx_word' id='word_1_160' title='bbox 612 2186 687 2229; x_wconf 93' lang='lat' dir='ltr'><strong>eo</strong></span> <span class='ocrx_word' id='word_1_161' title='bbox 734 2164 944 2228; x_wconf 83' lang='lat' dir='ltr'><strong>factae</strong></span> <span class='ocrx_word' id='word_1_162' title='bbox 994 2162 1382 2227; x_wconf 85' lang='lat' dir='ltr'><strong>donationis.</strong></span> <span class='ocrx_word' id='word_1_163' title='bbox 1463 2162 1666 2245; x_wconf 85' lang='lat' dir='ltr'><strong>ipsius</strong></span> <span class='ocrx_word' id='word_1_164' title='bbox 1713 2160 2000 2226; x_wconf 86' lang='lat' dir='ltr'><strong>mulieris</strong></span> <span class='ocrx_word' id='word_1_165' title='bbox 2038 2161 2311 2225; x_wconf 86' lang='lat' dir='ltr'><strong>scientia</strong></span> 
     </span>
     <span class='ocr_line' id='line_1_22' title="bbox 290 2249 2313 2339; baseline -0.002 -22"><span class='ocrx_word' id='word_1_166' title='bbox 290 2254 561 2339; x_wconf 87' lang='lat' dir='ltr'><strong>propius</strong></span> <span class='ocrx_word' id='word_1_167' title='bbox 618 2256 743 2331; x_wconf 90' lang='lat' dir='ltr'><strong>est,</strong></span> <span class='ocrx_word' id='word_1_168' title='bbox 802 2258 876 2316; x_wconf 90' lang='lat' dir='ltr'><strong>ut</strong></span> <span class='ocrx_word' id='word_1_169' title='bbox 929 2252 1181 2316; x_wconf 89' lang='lat' dir='ltr'><strong>nullum</strong></span> <span class='ocrx_word' id='word_1_170' title='bbox 1238 2250 1654 2335; x_wconf 87' lang='lat' dir='ltr'><strong>adquisitioni</strong></span> <span class='ocrx_word' id='word_1_171' title='bbox 1708 2250 1976 2316; x_wconf 90' lang='lat' dir='ltr'><strong>dominii</strong></span> <span class='ocrx_word' id='word_1_172' title='bbox 2023 2250 2157 2313; x_wconf 86' lang='lat' dir='ltr'><strong>eius</strong></span> <span class='ocrx_word' id='word_1_173' title='bbox 2204 2249 2313 2313; x_wconf 91' lang='lat' dir='ltr'><strong>ad-</strong></span> 
     </span>
     <span class='ocr_line' id='line_1_23' title="bbox 288 2339 2311 2425; baseline -0.002 -19"><span class='ocrx_word' id='word_1_174' title='bbox 288 2343 463 2406; x_wconf 90' lang='lat' dir='ltr'><strong>ferat</strong></span> <span class='ocrx_word' id='word_1_175' title='bbox 516 2340 1074 2425; x_wconf 85' lang='lat' dir='ltr'><strong>impedimentum3</strong></span> <span class='ocrx_word' id='word_1_176' title='bbox 1130 2363 1259 2405; x_wconf 92' lang='lat' dir='ltr'><strong>non</strong></span> <span class='ocrx_word' id='word_1_177' title='bbox 1316 2341 1487 2404; x_wconf 90' lang='lat' dir='ltr'><strong>enim</strong></span> <span class='ocrx_word' id='word_1_178' title='bbox 1536 2339 1904 2405; x_wconf 90' lang='lat' dir='ltr'><strong>omnimodo</strong></span> <span class='ocrx_word' id='word_1_179' title='bbox 1953 2360 2185 2403; x_wconf 82' lang='lat' dir='ltr'><strong>uxores</strong></span> <span class='ocrx_word' id='word_1_180' title='bbox 2232 2359 2311 2401; x_wconf 85' lang='lat' dir='ltr'><strong>ex</strong></span> 
     </span>
     <span class='ocr_line' id='line_1_24' title="bbox 290 2426 2310 2513; baseline -0.003 -17"><span class='ocrx_word' id='word_1_181' title='bbox 290 2430 480 2496; x_wconf 92' lang='lat' dir='ltr'><strong>bonis</strong></span> <span class='ocrx_word' id='word_1_182' title='bbox 518 2430 823 2513; x_wconf 84' lang='lat' dir='ltr'><strong>virorum,</strong></span> <span class='ocrx_word' id='word_1_183' title='bbox 870 2430 982 2495; x_wconf 86' lang='lat' dir='ltr'><strong>sed</strong></span> <span class='ocrx_word' id='word_1_184' title='bbox 1022 2451 1099 2494; x_wconf 86' lang='lat' dir='ltr'><strong>ex</strong></span> <span class='ocrx_word' id='word_1_185' title='bbox 1137 2451 1332 2495; x_wconf 86' lang='lat' dir='ltr'><strong>causa</strong></span> <span class='ocrx_word' id='word_1_186' title='bbox 1371 2427 1741 2493; x_wconf 87' lang='lat' dir='ltr'><strong>donationis</strong></span> <span class='ocrx_word' id='word_1_187' title='bbox 1781 2429 1862 2492; x_wconf 89' lang='lat' dir='ltr'><strong>ab</strong></span> <span class='ocrx_word' id='word_1_188' title='bbox 1900 2427 2062 2511; x_wconf 87' lang='lat' dir='ltr'><strong>ipsis</strong></span> <span class='ocrx_word' id='word_1_189' title='bbox 2099 2426 2310 2492; x_wconf 85' lang='lat' dir='ltr'><strong>factae.</strong></span> 
     </span>
     <span class='ocr_line' id='line_1_25' title="bbox 291 2518 1257 2604; baseline -0.001 -22"><span class='ocrx_word' id='word_1_190' title='bbox 291 2519 628 2604; x_wconf 83' lang='lat' dir='ltr'><strong>adquirere</strong></span> <span class='ocrx_word' id='word_1_191' title='bbox 675 2518 1040 2603; x_wconf 77' lang='lat' dir='ltr'><strong>prohibItae</strong></span> <span class='ocrx_word' id='word_1_192' title='bbox 1088 2521 1257 2583; x_wconf 89' lang='lat' dir='ltr'><strong>sunt.</strong></span> 
     </span>
    </p>
   </div>
   <div class='ocr_carea' id='block_1_5' title="bbox 1106 2696 1503 2761">
    <p class='ocr_par' dir='ltr' id='par_1_5' title="bbox 1106 2696 1503 2761">
     <span class='ocr_line' id='line_1_26' title="bbox 1106 2696 1503 2761; baseline -0.005 0"><span class='ocrx_word' id='word_1_193' title='bbox 1106 2696 1204 2761; x_wconf 83' lang='lat' dir='ltr'><strong>De</strong></span> <span class='ocrx_word' id='word_1_194' title='bbox 1246 2697 1503 2760; x_wconf 72' lang='lat' dir='ltr'><strong>iniuria.</strong></span> 
     </span>
    </p>
   </div>
   <div class='ocr_carea' id='block_1_6' title="bbox 290 2798 2313 3152">
    <p class='ocr_par' dir='ltr' id='par_1_6' title="bbox 290 2798 2313 3152">
     <span class='ocr_line' id='line_1_27' title="bbox 468 2798 2313 2885; baseline -0.003 -17"><span class='ocrx_word' id='word_1_195' title='bbox 468 2804 573 2869; x_wconf 86' lang='lat'><strong>43.</strong></span> <span class='ocrx_word' id='word_1_196' title='bbox 622 2802 699 2867; x_wconf 92' lang='lat' dir='ltr'><strong>D.</strong></span> <span class='ocrx_word' id='word_1_197' title='bbox 727 2803 833 2884; x_wconf 84' lang='lat'><strong>47,</strong></span> <span class='ocrx_word' id='word_1_198' title='bbox 866 2804 965 2885; x_wconf 89' lang='lat'><strong>10,</strong></span> <span class='ocrx_word' id='word_1_199' title='bbox 994 2804 1100 2868; x_wconf 88' lang='lat'><strong>41.</strong></span> <span class='ocrx_word' id='word_1_200' title='bbox 1174 2802 1478 2867; x_wconf 85' lang='lat' dir='ltr'><strong>Neratius</strong></span> <span class='ocrx_word' id='word_1_201' title='bbox 1516 2801 1683 2865; x_wconf 90' lang='lat' dir='ltr'><strong>libro</strong></span> <span class='ocrx_word' id='word_1_202' title='bbox 1725 2801 1950 2884; x_wconf 89' lang='lat' dir='ltr'><strong>quinto</strong></span> <span class='ocrx_word' id='word_1_203' title='bbox 1989 2798 2313 2864; x_wconf 89' lang='lat' dir='ltr'><strong>Membra·</strong></span> 
     </span>
     <span class='ocr_line' id='line_1_28' title="bbox 290 2889 2311 2973; baseline -0.002 -16"><span class='ocrx_word' id='word_1_204' title='bbox 290 2913 542 2957; x_wconf 86' lang='lat' dir='ltr'><strong>narum.</strong></span> <span class='ocrx_word' id='word_1_205' title='bbox 594 2927 667 2937; x_wconf 93' lang='lat'><em>-</em></span> <span class='ocrx_word' id='word_1_206' title='bbox 722 2891 931 2973; x_wconf 89' lang='lat' dir='ltr'><strong>Pater,</strong></span> <span class='ocrx_word' id='word_1_207' title='bbox 978 2892 1155 2955; x_wconf 88' lang='lat' dir='ltr'><strong>cuius</strong></span> <span class='ocrx_word' id='word_1_208' title='bbox 1203 2891 1337 2954; x_wconf 88' lang='lat' dir='ltr'><strong>filio</strong></span> <span class='ocrx_word' id='word_1_209' title='bbox 1383 2890 1560 2953; x_wconf 86' lang='lat' dir='ltr'><strong>facta</strong></span> <span class='ocrx_word' id='word_1_210' title='bbox 1602 2895 1700 2953; x_wconf 90' lang='lat' dir='ltr'><strong>est</strong></span> <span class='ocrx_word' id='word_1_211' title='bbox 1736 2889 1986 2973; x_wconf 88' lang='lat' dir='ltr'><strong>iniuria,</strong></span> <span class='ocrx_word' id='word_1_212' title='bbox 2034 2908 2168 2953; x_wconf 92' lang='lat' dir='ltr'><strong>non</strong></span> <span class='ocrx_word' id='word_1_213' title='bbox 2206 2892 2311 2953; x_wconf 90' lang='lat' dir='ltr'><strong>est</strong></span> 
     </span>
     <span class='ocr_line' id='line_1_29' title="bbox 290 2978 2311 3064; baseline -0.002 -19"><span class='ocrx_word' id='word_1_214' title='bbox 290 2979 758 3064; x_wconf 84' lang='lat' dir='ltr'><strong>impedienduS,</strong></span> <span class='ocrx_word' id='word_1_215' title='bbox 814 3002 937 3064; x_wconf 90' lang='lat' dir='ltr'><strong>quo</strong></span> <span class='ocrx_word' id='word_1_216' title='bbox 996 2980 1207 3043; x_wconf 87' lang='lat' dir='ltr'><strong>minus</strong></span> <span class='ocrx_word' id='word_1_217' title='bbox 1266 2979 1514 3044; x_wconf 88' lang='lat' dir='ltr'><strong>duobus</strong></span> <span class='ocrx_word' id='word_1_218' title='bbox 1570 2979 1819 3044; x_wconf 88' lang='lat' dir='ltr'><strong>iudiciis</strong></span> <span class='ocrx_word' id='word_1_219' title='bbox 1877 2984 1941 3043; x_wconf 87' lang='lat' dir='ltr'><strong>et</strong></span> <span class='ocrx_word' id='word_1_220' title='bbox 1987 3000 2169 3043; x_wconf 90' lang='lat' dir='ltr'><strong>suam</strong></span> <span class='ocrx_word' id='word_1_221' title='bbox 2215 2978 2311 3042; x_wconf 91' lang='lat' dir='ltr'><strong>in-</strong></span> 
     </span>
     <span class='ocr_line' id='line_1_30' title="bbox 291 3066 1287 3152; baseline -0.004 -18"><span class='ocrx_word' id='word_1_222' title='bbox 291 3070 526 3134; x_wconf 89' lang='lat' dir='ltr'><strong>iuriam</strong></span> <span class='ocrx_word' id='word_1_223' title='bbox 574 3073 993 3152; x_wconf 83' lang='lat' dir='ltr'><strong>persequatur</strong></span> <span class='ocrx_word' id='word_1_224' title='bbox 1042 3072 1105 3131; x_wconf 91' lang='lat' dir='ltr'><strong>et</strong></span> <span class='ocrx_word' id='word_1_225' title='bbox 1152 3066 1287 3130; x_wconf 87' lang='lat' dir='ltr'><strong>filii.</strong></span> 
     </span>
    </p>
   </div>
   <div class='ocr_carea' id='block_1_7' title="bbox 469 3176 977 3257">
    <p class='ocr_par' dir='ltr' id='par_1_7' title="bbox 469 3176 977 3257">
     <span class='ocr_line' id='line_1_31' title="bbox 469 3176 977 3257; baseline -0.004 -18"><span class='ocrx_word' id='word_1_226' title='bbox 469 3179 541 3239; x_wconf 88' lang='lat' dir='ltr'><strong>cf.</strong></span> <span class='ocrx_word' id='word_1_227' title='bbox 584 3176 711 3237; x_wconf 86' lang='lat' dir='ltr'><strong>Gai.</strong></span> <span class='ocrx_word' id='word_1_228' title='bbox 745 3181 800 3257; x_wconf 84' lang='lat'><strong>3,</strong></span> <span class='ocrx_word' id='word_1_229' title='bbox 833 3181 977 3237; x_wconf 81' lang='lat'><strong>221.</strong></span> 
     </span>
    </p>
   </div>
   <div class='ocr_carea' id='block_1_8' title="bbox 675 3348 1872 3433">
    <p class='ocr_par' dir='ltr' id='par_1_8' title="bbox 675 3348 1872 3433">
     <span class='ocr_line' id='line_1_32' title="bbox 675 3348 1872 3433; baseline -0.003 -17"><span class='ocrx_word' id='word_1_230' title='bbox 675 3398 686 3409; x_wconf 85' lang='lat'>-</span> <span class='ocrx_word' id='word_1_231' title='bbox 737 3351 835 3416; x_wconf 88' lang='lat' dir='ltr'><strong>De</strong></span> <span class='ocrx_word' id='word_1_232' title='bbox 880 3351 1255 3433; x_wconf 69' lang='lat' dir='ltr'><strong>adquirendo</strong></span> <span class='ocrx_word' id='word_1_233' title='bbox 1299 3372 1509 3415; x_wconf 76' lang='lat' dir='ltr'><strong>rerum</strong></span> <span class='ocrx_word' id='word_1_234' title='bbox 1553 3348 1872 3415; x_wconf 72' lang='lat' dir='ltr'><strong>dominio?</strong></span> 
     </span>
    </p>
   </div>
   <div class='ocr_carea' id='block_1_9' title="bbox 322 3464 2313 3640">
    <p class='ocr_par' dir='ltr' id='par_1_9' title="bbox 322 3464 2313 3640">
     <span class='ocr_line' id='line_1_33' title="bbox 471 3464 2312 3549; baseline -0.001 -18"><span class='ocrx_word' id='word_1_235' title='bbox 471 3468 575 3531; x_wconf 88' lang='lat'><strong>44.</strong></span> <span class='ocrx_word' id='word_1_236' title='bbox 623 3464 700 3530; x_wconf 91' lang='lat' dir='ltr'><strong>D.</strong></span> <span class='ocrx_word' id='word_1_237' title='bbox 730 3468 832 3548; x_wconf 85' lang='lat'><strong>41,</strong></span> <span class='ocrx_word' id='word_1_238' title='bbox 867 3467 1053 3549; x_wconf 64' lang='lat'><strong>1,14.</strong></span> <span class='ocrx_word' id='word_1_239' title='bbox 1144 3464 1451 3531; x_wconf 88' lang='lat' dir='ltr'><strong>Neratius</strong></span> <span class='ocrx_word' id='word_1_240' title='bbox 1499 3466 1666 3529; x_wconf 91' lang='lat' dir='ltr'><strong>libro</strong></span> <span class='ocrx_word' id='word_1_241' title='bbox 1716 3466 1942 3549; x_wconf 91' lang='lat' dir='ltr'><strong>quinto</strong></span> <span class='ocrx_word' id='word_1_242' title='bbox 1989 3465 2312 3531; x_wconf 87' lang='lat' dir='ltr'><strong>Membra·</strong></span> 
     </span>
     <span class='ocr_line' id='line_1_34' title="bbox 322 3553 2313 3640; baseline -0.001 -19"><span class='ocrx_word' id='word_1_243' title='bbox 322 3577 537 3621; x_wconf 52' lang='lat' dir='ltr'><strong>nrum.</strong></span> <span class='ocrx_word' id='word_1_244' title='bbox 592 3591 667 3602; x_wconf 90' lang='lat'><strong>—</strong></span> <span class='ocrx_word' id='word_1_245' title='bbox 722 3554 907 3633; x_wconf 83' lang='lat' dir='ltr'><strong>Quod</strong></span> <span class='ocrx_word' id='word_1_246' title='bbox 952 3556 1022 3619; x_wconf 93' lang='lat' dir='ltr'><strong>in</strong></span> <span class='ocrx_word' id='word_1_247' title='bbox 1067 3555 1254 3619; x_wconf 87' lang='lat' dir='ltr'><strong>litore</strong></span> <span class='ocrx_word' id='word_1_248' title='bbox 1304 3556 1445 3640; x_wconf 90' lang='lat' dir='ltr'><strong>quis</strong></span> <span class='ocrx_word' id='word_1_249' title='bbox 1490 3553 1941 3639; x_wconf 87' lang='lat' dir='ltr'><strong>aedificaverit,</strong></span> <span class='ocrx_word' id='word_1_250' title='bbox 1987 3555 2121 3621; x_wconf 88' lang='lat' dir='ltr'><strong>eius</strong></span> <span class='ocrx_word' id='word_1_251' title='bbox 2160 3555 2313 3639; x_wconf 80' lang='lat' dir='ltr'><strong>erit3</strong></span> 
     </span>
    </p>
   </div>
  </div>
 </body>
</html>
