2575 3900
427 219 492 276 V.
535 220 733 286 QUOD
775 219 1115 274 ‘DICITUR’
1158 218 1302 274 VEL
1344 219 1611 275 ‘VULGO
1648 218 1979 274 DICITUR’.
2109 219 2241 284 593

393 385 496 448 27.
547 383 620 449 D.
668 385 727 465 8,
775 384 834 465 6,
882 385 940 449 3.
1034 381 1236 447 Gaius
1283 383 1451 447 libro
1502 383 1779 466 septimo
1827 382 1907 446 ad
1964 382 2243 447 edietum

211 473 626 557 provinciale.
675 509 759 520 —
807 472 956 536 Iura
990 473 1403 556 praediorum
1441 475 1651 536 morte
1680 474 1746 535 et
1774 471 2006 554 eapitis
2046 471 2242 536 demi·

210 563 481 627 untione
526 583 661 626 non
706 560 916 645 perire
961 561 1161 645 vulgo
1206 560 1519 625 traditum
1566 565 1684 625 est.

669 795 686 810 ·
729 765 786 821 2.
840 760 948 820 Ad
984 760 1302 820 edietum
1347 761 1730 837 praetoris,

621 879 721 945 De
765 881 1172 964 coquitoribus
1217 885 1275 945 et
1305 881 1832 963 procuratoribus.

388 1005 518 1071 28?
564 1005 641 1070 D.
693 1006 793 1087 12,
839 1006 900 1087 3,
950 1007 1006 1070 7.
1088 1003 1410 1088 Ulpianus
1459 1004 1627 1070 libro
1676 1009 1904 1070 octavo
1954 1005 2033 1069 ad
2082 1005 2244 1071 edie-

208 1098 365 1158 tum.
419 1130 494 1141 —-
545 1091 768 1178 ango
805 1095 1242 1178 praesumitur
1279 1095 1476 1158 alium
1514 1095 1584 1158 in
1620 1095 1804 1158 litem
1842 1098 1987 1159 non·
2011 1094 2243 1160 debere

210 1184 425 1248 iurare
473 1205 666 1268 quam
714 1184 1045 1247 dominum
1093 1182 1244 1248 litis.

390 1273 494 1337 29.
560 1270 638 1337 D.
685 1273 746 1356 3,
793 1272 852 1356 3,
902 1273 1004 1340 12.
1095 1270 1297 1336 Gaius
1351 1272 1515 1336 libro
1570 1272 1765 1336 tertio
1828 1271 1909 1336 ad
1958 1271 2242 1337 edietum

207 1362 623 1444 provinciale.
674 1397 752 1408 -—-
955 1361 1185 1425 dieitur
1240 1360 1591 1444 aliquando
1638 1361 1996 1444 cogendum
2041 1363 2242 1445 coym‘-

207 1447 437 1513 torem¹
483 1451 788 1514 iudicium
846 1450 1165 1532 accipere,
1219 1450 1421 1513 veluti
1479 1452 1530 1514 si
1579 1449 1879 1514 dominus
1934 1473 2239 1534 praesens

210 1559 345 1602 non
393 1539 478 1602 sit
525 1544 592 1602 et
641 1547 820 1602 actor
867 1537 1168 1603 adfirmat
1212 1544 1424 1602 tractu
1471 1539 1781 1622 temporis
1827 1538 2120 1604 futurum
2166 1542 2241 1603 ut

205 1648 309 1690 res
356 1632 596 1711 pereat.

383 1715 488 1784 30.
547 1714 626 1780 D.
686 1716 786 1798 17,
844 1716 902 1799 1,
957 1716 1019 1798 8,
1081 1716 1142 1781 3.
1233 1713 1556 1798 Ulpianus
1617 1714 1786 1780 libro
1851 1716 2239 1802 trigensimo

200 1805 414 1889 primo
462 1803 541 1868 ad
591 1803 888 1869 edictum.
940 1841 1017 1850 —
1071 1853 1087 1869 .
1115 1853 1128 1868 .
1185 1825 1575 1889 quamquam
1622 1853 1637 1868 .
1666 1851 1684 1868 .
1729 1804 1928 1888 vulgo
1986 1806 2239 1870 dicatur

201 1898 688 1978 procuratorem
747 1896 898 1958 ante
945 1893 1127 1959 litem
1171 1897 1608 1959 contestatam
1663 1893 1873 1959 faeere
1937 1916 2236 1978 procura-

203 1989 415 2048 torem
462 2005 591 2047 non
639 2005 847 2067 posse.

474 2160 575 2226 De
618 2164 988 2243 defendendo
1033 2184 1098 2228 eo
1143 2164 1319 2227 ouius
1362 2163 1612 2227 nomine
1644 2162 1786 2244 quis
1828 2162 1978 2243 ayit.

377 2286 480 2349 31.
529 2286 607 2350 D.
653 2287 761 2369 26,
810 2288 868 2368 7,
914 2288 1019 2352 23.
1111 2285 1439 2369 Ulpianus
1495 2286 1664 2350 libro
1713 2308 1886 2350 nono
1935 2285 2016 2349 ad
2063 2286 2230 2351 edie-

201 2378 359 2438 tum.
401 2410 485 2419 —
513 2373 733 2458 Vulgo
782 2375 1169 2439 observatur
1212 2397 1295 2439 ne
1341 2378 1521 2438 tutor
1566 2380 1791 2438 caveat
1835 2378 2046 2438 ratam
2093 2397 2228 2440 rem

204 2462 521 2546 pupillum
569 2463 965 2545 habiturum,
1001 2463 1168 2549 ‚quia
1210 2485 1350 2527 rem
1395 2461 1465 2525 in
1512 2462 1820 2527 iudicium
1870 2464 2139 2528 deducit.

508 2640 607 2705 De
652 2640 946 2705 bonorum
980 2642 1360 2723 possessione
1402 2649 1615 2705 contra
1660 2640 1917 2705 tabulas,

375 2766 477 2829 32.
524 2764 602 2829 D.
649 2765 754 2843 37,
799 2766 862 2848 4,
913 2765 1009 2830 19.
1065 2802 1142 2813 -
1194 2813 1251 2830 ..
1291 2764 1750 2848 Tryphoninus
1790 2764 1958 2828 libro
1998 2765 2227 2851 quinto

199 2852 443 2917 decimo
504 2852 1039 2937 Disputationum
1085 2904 1100 2919 .
1141 2904 1155 2919 .
1208 2891 1282 2900 -
1338 2905 1352 2919 .
1390 2902 1404 2917 .
1460 2855 1657 2938 volgo
1715 2853 1951 2917 dieitur
2005 2855 2226 2920 liberis

200 2942 416 3006 datam
464 2943 782 3007 bonorum
831 2943 1305 3026 possessionem
1352 2952 1575 3007 contra
1620 2944 1868 3027 lignum
1915 2964 2073 3011 esse.

341 3082 359 3112 ¹
402 3082 554 3137 Trib.
594 3083 1027 3152 procuratorem.

1012 3352 1405 3380 -ψ-

305 3688 496 3735 Iurispr.
527 3689 762 3727 antehadr.
790 3688 887 3727 rell.
917 3689 986 3727 ed.
1016 3689 1216 3728 Bremer.
1258 3689 1322 3739 ΙΙ,
1344 3692 1378 3729 2.
1724 3682 1792 3730 38
