2575 3900
14 3492 23 3601 v———v

754 197 803 242 4.
844 188 901 242 C.
931 185 1219 241 CASSIUS
1256 184 1628 241 LONGINUS
2115 184 2196 246 61

173 353 650 433 iusiurandum,
704 355 780 415 ut
833 351 909 414 de
962 350 1106 436 ipso
1163 351 1501 414 contractu
1550 353 1614 412 et
1660 349 1736 412 de
1782 369 1876 430 re,
1934 369 2066 413 non
2112 347 2186 410 de

174 463 453 525 persona
497 440 769 504 iurantis
816 445 1135 523 ageretur.
1162 467 1177 479 ·

350 552 517 621 Quae
553 552 789 625 inclusi,
825 550 1071 610 Pei-nice
1109 549 1375 609 eicienda
1409 550 1661 610 monuit.
1718 549 1790 608 ef.
1827 549 1888 608 Z.
1927 549 1982 607 d.
2023 549 2188 611 Sam-

180 642 264 702 St.
308 641 432 701 XII
482 641 603 700 128
652 660 708 699 n.

349 828 449 886 De
491 827 955 901 stipulationibus
996 841 1297 884 servorum
1339 827 1704 899 filiorumque
1745 826 2023 899 familias,

354 956 462 1019 97.
510 953 649 1020 Gai.
677 953 913 1035 3‚103.
966 989 1041 999 —
1092 1003 1106 1017 .
1138 1004 1150 1017 .
1187 953 1440 1017 inutilis
1489 958 1588 1017 est
1634 953 1985 1037 stipulati0,
2033 953 2087 1017 si
2134 952 2193 1016 ei

180 1045 315 1109 dari
364 1044 764 1127 stipulamur,
810 1041 989 1106 euius
1037 1043 1163 1106 iuri
1210 1041 1483 1106 subiecti
1529 1063 1660 1106 non
1708 1063 1946 1106 sumuS.
2028 1041 2192 1106 unde

176 1131 343 1197 illud
411 1132 773 1214 quaesitum
847 1134 970 1214 est,
1046 1131 1101 1195 si
1163 1130 1308 1214 quis
1375 1130 1497 1195 sibi
1572 1134 1638 1194 et
1703 1129 1762 1194 ei
1826 1130 2005 1194 cuius
2070 1129 2195 1194 iuri

178 1222 510 1286 subiectus
556 1241 687 1284 non
733 1221 860 1304 est,
907 1219 1042 1283 dari
1090 1219 1456 1303 stipuletur,
1501 1217 1570 1282 in
1617 1222 1935 1302 quantum
1979 1217 2196 1283 valeat

180 1308 540 1394 stipulatio,
638 1307 849 1372 nostri
907 1312 1354 1393 praeceptores
1410 1312 1644 1391 putant
1700 1308 1771 1371 in
1825 1307 2194 1372 universum

180 1399 397 1464 valere
456 1402 521 1460 et
575 1397 843 1482 proinde
900 1397 957 1460 ei
1016 1396 1141 1461 soli
1194 1397 1309 1481 qui
1356 1396 1704 1480 stipulatus
1751 1397 1864 1479 sit,
1922 1396 2195 1460 solidum
2323 1479 2330 1486 ,

180 1486 435 1566 deberi,
480 1488 672 1569 atque
720 1486 777 1549 si
824 1485 1112 1548 extranei
1159 1506 1412 1566 nomen,
1438 1506 1573 1549 non
1619 1485 1975 1549 adiecisset.

364 1573 472 1638 98.
527 1573 604 1638 D.
642 1573 747 1654 45,
785 1574 846 1656 3,
882 1573 942 1656 9,
976 1575 1031 1638 1.
1093 1572 1414 1657 Ulpianus
1453 1573 1618 1638 libro
1657 1573 2196 1659 quadragensimo

188 1667 425 1728 octavo
480 1660 561 1726 ad
609 1660 916 1727 Sabinum
966 1659 1065 1748 (P.
1103 1659 1352 1747 25920).
1397 1699 1482 1709 ———
1531 1659 1628 1746 Si,
1683 1684 1826 1726 cum
1883 1662 2041 1726 duos
2088 1663 2201 1726 do-

184 1752 401 1816 minos
469 1772 691 1814 servus
754 1751 1049 1834 haberet,
1114 1751 1461 1833 stipulatus
1525 1750 1720 1817 fuerit
1781 1750 1878 1814 illi
1931 1754 2044 1814 aut
2098 1751 2201 1815 illi

183 1840 350 1922 (ex)
399 1839 677 1903 dominis
734 1841 893 1922 suis,
957 1839 1322 1924 quaesitum
1387 1844 1511 1923 est,
1575 1861 1658 1904 an
1715 1840 2030 1904 consistat
2089 1839 2199 1904 sti-

182 1929 455 2013 pulatio.
549 1925 812 1993 Cassius
865 1928 1159 1993 inutilem
1207 1950 1346 1993 esse
1392 1929 1878 2014 stipulationem
1924 1928 2201 2011 scripsit.

366 2018 468 2082 99.
537 2016 613 2082 Ι).
661 2017 777 2102 45,
824 2017 889 2099 3,
935 2017 1039 2083 25.
1159 2017 1510 2083 Venuleius
1582 2018 1749 2083 libro
1825 2018 2198 2083 duodecimo

191 2105 701 2189 Stipulationum
742 2106 841 2191 (Ρ.
872 2104 1007 2191 69).
1044 2143 1131 2153 -
1171 2103 1238 2171 Si
1276 2128 1498 2171 servus
1539 2106 1965 2172 hereditarius
2005 2108 2202 2191 stipu-

188 2195 363 2258 latus
426 2194 627 2257 fuerit
691 2198 755 2259 et
816 2192 1185 2277 sponsores¹
1246 2195 1564 2280 acceperit
1622 2200 1970 2279 posteaque
2028 2196 2202 2259 adita

186 2282 388 2347 fuerit
431 2282 785 2367 hereditas,
838 2284 1196 2367 dubitatur,
1242 2289 1459 2348 utrum
1508 2307 1585 2349 ex
1632 2285 1731 2348 die
1777 2284 2200 2367 interpositae

189 2371 630 2455 stipulationis
702 2376 959 2456 tempus
1033 2372 1216 2436 cedat
1291 2396 1372 2437 an
1440 2395 1517 2438 ex
1581 2373 1758 2438 adita
1820 2372 2200 2456 hereditate3

188 2462 345 2525 item
404 2460 458 2523 si
517 2482 737 2525 servus
793 2462 957 2545 eiUS,
1010 2460 1121 2545 qui
1176 2462 1343 2545 apud
1401 2461 1619 2526 hostes
1667 2462 1776 2544 sit,
1833 2460 2201 2544 sponsores²

192 2548 531 2632 acceperit.
628 2554 692 2612 et
747 2546 1009 2613 Cassius
1074 2549 1402 2614 existimat
1461 2553 1716 2633 tempus
1773 2571 1850 2613 ex
1905 2570 1978 2613 eo
2038 2571 2206 2614 eom-

190 2636 575 2721 putandum,
620 2658 698 2699 ex
745 2659 869 2721 quo
917 2638 1024 2722 agi
1063 2658 1205 2701 cum
1244 2638 1338 2701 eis
1375 2640 1678 2722 potuerit,
1723 2637 1787 2700 id
1827 2640 1923 2701 est
1961 2658 2038 2699 ex
2076 2658 2203 2719 quo

192 2725 461 2789 adeatur
510 2724 833 2791 hereditas
880 2732 995 2790 aut
1038 2725 1438 2811 postliminio
1487 2725 1782 2790 dominus
1828 2729 2204 2790 revertatur.

372 2813 520 2878 100.
601 2813 678 2878 D.
723 2814 831 2897 45,
876 2814 935 2893 3,
983 2816 1043 2880 6.
1150 2814 1544 2898 Pomponius
1617 2815 1780 2879 libro
1855 2813 2204 2880 vicensimo
2324 2864 2327 2867 -

194 2905 376 2967 sexto
434 2902 515 2965 ad
573 2900 889 2967 Sabinum
945 2900 1047 2989 (P.
1081 2900 1259 2989 726).
1307 2940 1390 2950 -—
1441 2902 1670 2969 Ofilius
1726 2906 1896 2968 recte
1952 2902 2207 2968 dicebat

193 2996 256 3055 et
311 2991 575 3073 fiduciae
618 3012 809 3056 causa
856 2991 1199 3074 mancipi&
1256 2993 1624 3077 accipiendo
1669 2993 1773 3058 vel
1825 3013 1963 3057 cum
2018 2994 2205 3058 credi-

192 3085 321 3144 tore
380 3079 476 3143 vel
537 3100 675 3143 cum
728 3082 925 3147 amico
986 3079 1362 3147 οοφίὐνασίέαε3
1416 3103 1604 3166 posse
1663 3081 1786 3147 soli
1841 3082 1899 3145 ei
1957 3082 2207 3165 adquiri

193 3166 306 3254 (so.
344 3189 462 3251 per
497 3189 750 3232 servum
790 3169 1243 3255 communem),
1281 3170 1393 3254 qui
1428 3170 1643 3255 iussit3
1681 3190 1846 3255 quae
1886 3170 2207 3235 sententia

192 3261 255 3321 et
303 3254 515 3321 Cassii
562 3260 629 3320 et
674 3254 897 3322 Sabini
943 3258 1191 3324 dicitur.

338 3418 366 3465 1
409 3412 562 3468 Trib.
599 3412 968 3471 fideiussores.

335 3489 367 3536 2
410 3483 562 3539 Trib.
592 3502 695 3553 per
727 3485 1084 3541 traditionem
1121 3486 1445 3556 accipiendo
1482 3487 1572 3540 vel
1610 3485 1938 3555 deponendo
1968 3502 2210 3541 commo-

190 3554 509 3625 dandoque.
588 3554 884 3626 Pomponii
916 3558 1077 3613 verba
1111 3575 1148 3611 a
1184 3557 1405 3613 Lenelio
1440 3559 1691 3611 restituta
1727 3557 1996 3612 videntur.
