2575 3900
380 174 510 239 506
1106 173 1661 230 AomTAMENTA.

555 343 724 402 Paul.
811 341 885 399 D.
946 343 1056 419 35,
1117 343 1180 418 2,
1233 345 1297 417 1,
1358 345 1393 402 9
1472 336 1727 403 ‘veteres
1782 344 2079 419 putabant
2137 389 2151 402 .
2184 389 2197 402 .
2233 389 2247 402 .
2299 345 2418 403 sed

357 433 583 492 -Aristo
631 450 668 490 a
711 434 982 491 veterum
1028 430 1303 506 opinione
1348 432 1612 492 recessit.

554 520 722 581 Paul.
743 512 836 601 (P)
874 521 938 578 in
965 518 1102 578 Vat.
1139 519 1210 578 fr.
1246 516 1285 594 ξ
1311 521 1344 578 1
1388 514 1473 578 ‘et
1510 524 1741 580 veteres
1778 524 1997 598 putant
2033 524 2095 580 et
2134 521 2412 582 Sabinus

378 613 440 669 et
487 608 726 672 Cassius
773 601 1080 668 scribunt'.
1834 629 1837 632 ·

554 697 865 757 Iustinian.
957 696 1021 756 O.
1069 699 1126 769 6,
1175 698 1275 775 26,
1319 700 1399 756 10
1438 717 1526 772 pr.
1583 693 1994 758 ‘dubitabatur
2040 699 2204 774 apud
2246 700 2411 760 anti·

379 807 528 865 quos
575 788 780 865 legum
825 789 1097 846 auctores
1294 786 1524 862 placuit
1569 780 1832 846 Sabino'.

407 891 416 894 ·
554 875 869 935 Iustinian.
941 872 1006 933 O.
1038 877 1096 950 6,
1127 876 1228 950 29,
1268 876 1305 934 3
1347 869 1664 934 ‘certatum
1714 878 1808 935 est
1845 875 2006 952 apud
2042 879 2279 936 veteres
2317 924 2331 936 .
2357 925 2406 937 ..

377 970 610 1027 veteres
658 957 840 1022 animi
884 963 1116 1023 turbati
1163 966 1307 1023 sunt
1354 1009 1367 1022 .
1401 1011 1413 1022 .
1445 1009 1457 1022 .
1498 963 1804 1023 Sabiniani
1840 960 2310 1024 existimabant?

555 1051 1040 1130 Designabantur
1067 1053 1257 1130 igitur
1288 1057 1561 1111 veterum
1597 1052 1832 1112 nomine
1864 1053 2138 1129 inprimis
2166 1053 2406 1114 liberae

376 1143 465 1202 rei
508 1142 782 1218 publicae
826 1141 1253 1200 iurisconsulti.
1312 1141 1471 1216 quod
1505 1141 1879 1201 Iustinianus
1923 1145 2196 1217 posteros
2246 1163 2401 1220 quo-

377 1250 492 1309 que
541 1229 745 1290 eodem
790 1229 1025 1289 nomine
1072 1228 1444 1307 designabat,
1486 1231 1707 1289 mirum
1753 1250 1871 1290 non
1918 1234 2023 1290 est.

554 1326 803 1387 Veteres
850 1346 966 1386 non
1012 1327 1187 1386 modo
1233 1327 1611 1403 respondisse
1658 1327 1937 1388 dicuntur
1980 1321 2147 1408 (Ulp.
2184 1329 2260 1388 D.
2294 1333 2403 1406 13,

381 1420 437 1495 6,
469 1419 526 1494 5,
558 1419 614 1478 9.
681 1418 783 1494 41,
815 1420 868 1489 2,
902 1418 960 1489 3,
996 1417 1093 1475 18.
1161 1419 1264 1492 42,
1294 1417 1353 1492 4,
1386 1420 1441 1494 7,
1475 1418 1553 1476 13
1595 1410 1851 1477 ‘veteres
1886 1413 2401 1500 responderunt'),

379 1507 482 1566 sed
521 1506 703 1565 etiam
741 1505 1044 1580 scripsisse
1085 1495 1412 1584 (Masurius
1443 1503 1695 1564 Sabinus
1736 1500 1861 1582 ‘ait,
1897 1507 2213 1582 plerosque
2245 1507 2401 1566 iuris

376 1594 595 1654 veteris
663 1599 936 1653 auctores
993 1641 1005 1652 .
1048 1639 1060 1651 .
1102 1640 1115 1654 .
1172 1587 1499 1669 scripsisse'
1578 1592 1730 1654 Gell.
1788 1597 1854 1669 5,
1902 1596 2009 1670 19,
2061 1596 2159 1653 14.
2264 1590 2400 1656 ‘hoc

377 1687 610 1743 veteres
667 1675 1055 1758 scripserunt'
1101 1681 1232 1757 Gai,
1281 1684 1337 1755 3,
1387 1684 1530 1742 202.
1590 1677 1775 1758 ‘apud
1819 1687 2054 1744 veteres
2106 1685 2401 1760 scriptum

379 1766 488 1832 est’
557 1771 669 1831 Gai
709 1774 775 1848 3,
817 1773 959 1832 180.
1053 1764 1365 1847 ‘scriptum
1430 1775 1523 1830 est
1584 1773 1744 1848 apud
1807 1764 2059 1832 veteres’
2131 1773 2399 1834 Marcell.

376 1861 452 1920 D.
495 1861 596 1937 41,
639 1863 695 1937 2,
739 1862 838 1936 19,
881 1857 965 1935 1).
1056 1859 1286 1918 Gellius
1343 1863 1403 1918 et
1459 1854 1721 1920 ‘veteres
1778 1861 2096 1937 scriptores
2151 1857 2396 1922 laudat’

377 1941 466 2030 (5,
507 1952 564 2024 6,
605 1942 718 2027 27)
765 1951 827 2008 et
873 1942 1080 2008 ‘libros
1125 1953 1399 2009 veterum
1443 1943 1595 2009 iuris
1641 1944 1996 2026 peritorum'
2044 1941 2132 2032 (4,
2168 1954 2229 2029 2,
2263 1944 2397 2033 13).

553 2048 643 2105 Ea
705 2048 941 2104 tantum
994 2047 1333 2122 fragmenta
1396 2047 1694 2124 proposui,
1760 2066 1911 2124 quae
1976 2050 2251 2108 veterum
2326 2051 2398 2109 de

373 2136 506 2195 iure
555 2134 900 2210 sententiaS,
946 2153 1065 2194 non
1102 2154 1256 2212 quae
1294 2135 1445 2195 alias
1481 2154 1687 2195 eorum
1724 2136 2027 2212 opiniones
2064 2137 2162 2195 vel
2200 2156 2399 2198 mores

374 2225 669 2301 referunt,
719 2223 922 2301 qualia
968 2227 1108 2283 sunt
1152 2224 1224 2283 D.
1268 2228 1323 2303 1,
1374 2226 1471 2298 13,
1524 2227 1555 2283 1
1607 2243 1694 2300 pr.
1748 2226 1847 2297 21,
1898 2228 1953 2302 1,
2003 2227 2083 2285 23
2137 2228 2191 2285 2.
2290 2229 2395 2305 23,

380 2316 432 2389 1,
475 2316 530 2373 2.
605 2315 710 2391 49,
760 2314 861 2390 16,
911 2314 1011 2391 13,
1059 2314 1114 2374 4.
1192 2314 1295 2385 50,
1346 2316 1444 2387 16,
1497 2315 1638 2371 144.

969 2523 1023 2586 1.
1074 2521 1182 2585 Ad
1229 2522 1347 2585 ius
1389 2522 1796 2605 publicum.

1073 2644 1175 2710 De
1213 2646 1391 2729 yenio
1436 2650 1495 2710 et
1537 2646 1685 2710 lare.

555 2772 610 2836 1.
657 2770 984 2836 Censorin.
1033 2769 1090 2835 d.
1136 2791 1196 2833 n.
1243 2770 1303 2852 3,
1351 2772 1409 2835 2.
1462 2805 1536 2815 -
1587 2769 1881 2833 Eundem
1929 2791 2067 2835 esse
2116 2769 2396 2837 Genium

375 2866 439 2925 et
483 2858 718 2924 Larem
767 2859 956 2923 multi
1002 2862 1250 2922 veteres
1298 2858 1733 2941 prodiderunt.

550 2971 624 3030 ef.
669 2971 700 3029 1
742 2991 800 3045 p.
852 2972 993 3031 262.

1059 3123 1159 3189 De
1200 3125 1354 3189 viris
1396 3125 1700 3190 vocandis.

551 3249 610 3312 2.
657 3246 937 3313 Macrob.
985 3246 1118 3314 Sat.
1178 3249 1235 3327 1,
1285 3249 1386 3330 16,
1431 3248 1531 3314 19.
1569 3286 1653 3295 -
1692 3248 1985 3313 vitabant
2021 3251 2271 3313 veteres
2310 3249 2397 3313 ad

372 3336 546 3400 viros
593 3335 906 3400 vocandos
955 3337 1151 3401 etiam
1197 3337 1333 3401 dies
1380 3338 1489 3421 qui
1536 3340 1751 3401 essent
1786 3336 1996 3402 notati
2049 3338 2243 3403 rebus
2283 3337 2394 3402 ad·

372 3424 598 3514 yersiS,
641 3423 935 3489 vitabant
981 3425 1178 3489 etiam
1222 3424 1419 3489 feriis.

551 3535 622 3594 cf.
668 3533 700 3593 I
742 3554 797 3609 p.
851 3536 993 3594 124.
