<?xml version="1.0" encoding="UTF-8"?>
<!DOCTYPE html PUBLIC "-//W3C//DTD XHTML 1.0 Transitional//EN"
    "http://www.w3.org/TR/xhtml1/DTD/xhtml1-transitional.dtd">
<html xmlns="http://www.w3.org/1999/xhtml" xml:lang="en" lang="en">
 <head>
  <title>
</title>
<meta http-equiv="Content-Type" content="text/html;charset=utf-8" />
  <meta name='ocr-system' content='tesseract 3.04.00' />
  <meta name='ocr-capabilities' content='ocr_page ocr_carea ocr_par ocr_line ocrx_word'/>
</head>
<body>
  <div class='ocr_page' id='page_1' title='image "./iurisprudentiae00unkngoog_0617.png"; bbox 0 0 2575 3900; ppageno 0'>
   <div class='ocr_carea' id='block_1_1' title="bbox 557 165 2294 234">
    <p class='ocr_par' dir='ltr' id='par_1_1' title="bbox 557 165 2294 234">
     <span class='ocr_line' id='line_1_1' title="bbox 557 165 2294 234; baseline 0.006 -14"><span class='ocrx_word' id='word_1_1' title='bbox 557 166 623 220; x_wconf 90' lang='grc' dir='ltr'><strong>ΙΙ,</strong></span> <span class='ocrx_word' id='word_1_2' title='bbox 660 165 1140 222; x_wconf 83' lang='lat' dir='ltr'><strong>INCERTORUM</strong></span> <span class='ocrx_word' id='word_1_3' title='bbox 1177 165 1636 222; x_wconf 85' lang='lat' dir='ltr'><strong>SENTENTIAE</strong></span> <span class='ocrx_word' id='word_1_4' title='bbox 1673 167 1767 222; x_wconf 88' lang='grc' dir='ltr'><strong>ΕΤ</strong></span> <span class='ocrx_word' id='word_1_5' title='bbox 1804 165 2017 221; x_wconf 84' lang='lat' dir='ltr'><strong>LIBRI.</strong></span> <span class='ocrx_word' id='word_1_6' title='bbox 2161 167 2294 234; x_wconf 78' lang='lat'><strong>559</strong></span> 
     </span>
    </p>
   </div>
   <div class='ocr_carea' id='block_1_2' title="bbox 281 329 2295 660">
    <p class='ocr_par' dir='ltr' id='par_1_2' title="bbox 281 329 2295 660">
     <span class='ocr_line' id='line_1_2' title="bbox 282 329 2295 431; baseline 0.003 -39"><span class='ocrx_word' id='word_1_7' title='bbox 282 332 350 392; x_wconf 91' lang='lat' dir='ltr'><strong>et</strong></span> <span class='ocrx_word' id='word_1_8' title='bbox 378 329 736 431; x_wconf 76' lang='lat' dir='ltr'>ignorante</span> <span class='ocrx_word' id='word_1_9' title='bbox 784 330 1148 394; x_wconf 82' lang='lat' dir='ltr'><strong>adversario</strong></span> <span class='ocrx_word' id='word_1_10' title='bbox 1197 329 1628 394; x_wconf 70' lang='lat' dir='ltr'><strong>constituitur.</strong></span> <span class='ocrx_word' id='word_1_11' title='bbox 1720 331 1872 415; x_wconf 89' lang='lat' dir='ltr'><strong>quin</strong></span> <span class='ocrx_word' id='word_1_12' title='bbox 1911 331 2103 396; x_wconf 87' lang='lat' dir='ltr'><strong>etiam</strong></span> <span class='ocrx_word' id='word_1_13' title='bbox 2144 337 2295 398; x_wconf 87' lang='lat' dir='ltr'><strong>sunt</strong></span> 
     </span>
     <span class='ocr_line' id='line_1_3' title="bbox 284 418 2292 520; baseline 0.003 -39"><span class='ocrx_word' id='word_1_14' title='bbox 284 418 392 501; x_wconf 89' lang='lat' dir='ltr'><strong>qui</strong></span> <span class='ocrx_word' id='word_1_15' title='bbox 441 421 673 502; x_wconf 81' lang='lat' dir='ltr'><strong>putant</strong></span> <span class='ocrx_word' id='word_1_16' title='bbox 721 441 866 482; x_wconf 91' lang='lat' dir='ltr'><strong>eum</strong></span> <span class='ocrx_word' id='word_1_17' title='bbox 885 439 1166 520; x_wconf 35' lang='lat' dir='ltr'><strong>‘quoque</strong></span> <span class='ocrx_word' id='word_1_18' title='bbox 1219 423 1701 501; x_wconf 90' lang='lat' dir='ltr'><strong>procuratorem</strong></span> <span class='ocrx_word' id='word_1_19' title='bbox 1746 419 1964 503; x_wconf 83' lang='lat' dir='ltr'><strong>videri,</strong></span> <span class='ocrx_word' id='word_1_20' title='bbox 2012 421 2113 486; x_wconf 89' lang='lat' dir='ltr'><strong>cui</strong></span> <span class='ocrx_word' id='word_1_21' title='bbox 2159 442 2292 487; x_wconf 89' lang='lat' dir='ltr'><strong>non</strong></span> 
     </span>
     <span class='ocr_line' id='line_1_4' title="bbox 283 506 2290 594; baseline 0.003 -25"><span class='ocrx_word' id='word_1_22' title='bbox 283 507 370 570; x_wconf 87' lang='lat' dir='ltr'><strong>sit</strong></span> <span class='ocrx_word' id='word_1_23' title='bbox 407 506 799 590; x_wconf 88' lang='lat' dir='ltr'><strong>mandatum,</strong></span> <span class='ocrx_word' id='word_1_24' title='bbox 847 507 902 571; x_wconf 87' lang='lat' dir='ltr'><strong>si</strong></span> <span class='ocrx_word' id='word_1_25' title='bbox 941 507 1130 572; x_wconf 92' lang='lat' dir='ltr'><strong>modo</strong></span> <span class='ocrx_word' id='word_1_26' title='bbox 1168 507 1341 571; x_wconf 88' lang='lat' dir='ltr'><strong>bona</strong></span> <span class='ocrx_word' id='word_1_27' title='bbox 1375 507 1500 571; x_wconf 89' lang='lat' dir='ltr'><strong>fide</strong></span> <span class='ocrx_word' id='word_1_28' title='bbox 1540 507 1801 573; x_wconf 82' lang='lat' dir='ltr'><strong>accedat</strong></span> <span class='ocrx_word' id='word_1_29' title='bbox 1838 507 1918 572; x_wconf 89' lang='lat' dir='ltr'><strong>ad</strong></span> <span class='ocrx_word' id='word_1_30' title='bbox 1941 510 2290 594; x_wconf 87' lang='lat' dir='ltr'><strong>negotium</strong></span> 
     </span>
     <span class='ocr_line' id='line_1_5' title="bbox 281 586 1868 660; baseline 0.001 -2"><span class='ocrx_word' id='word_1_31' title='bbox 281 598 349 659; x_wconf 89' lang='lat' dir='ltr'><strong>et</strong></span> <span class='ocrx_word' id='word_1_32' title='bbox 395 599 618 660; x_wconf 82' lang='lat' dir='ltr'><strong>caveat</strong></span> <span class='ocrx_word' id='word_1_33' title='bbox 662 599 871 660; x_wconf 90' lang='lat' dir='ltr'><strong>ratam</strong></span> <span class='ocrx_word' id='word_1_34' title='bbox 918 618 1052 660; x_wconf 91' lang='lat' dir='ltr'><strong>rem</strong></span> <span class='ocrx_word' id='word_1_35' title='bbox 1099 586 1431 660; x_wconf 88' lang='lat' dir='ltr'><strong>dominum</strong></span> <span class='ocrx_word' id='word_1_36' title='bbox 1476 596 1868 660; x_wconf 89' lang='lat' dir='ltr'><strong>habiturum.</strong></span> 
     </span>
    </p>
   </div>
   <div class='ocr_carea' id='block_1_3' title="bbox 277 709 2293 1236">
    <p class='ocr_par' dir='ltr' id='par_1_3' title="bbox 277 709 2293 1236">
     <span class='ocr_line' id='line_1_6' title="bbox 463 709 2290 794; baseline 0.002 -21"><span class='ocrx_word' id='word_1_37' title='bbox 463 709 606 774; x_wconf 83' lang='lat'><strong>151.</strong></span> <span class='ocrx_word' id='word_1_38' title='bbox 697 710 774 775; x_wconf 92' lang='lat' dir='ltr'><strong>D.</strong></span> <span class='ocrx_word' id='word_1_39' title='bbox 823 711 881 790; x_wconf 89' lang='lat'><strong>3,</strong></span> <span class='ocrx_word' id='word_1_40' title='bbox 928 712 988 794; x_wconf 99' lang='lat'><strong>3,</strong></span> <span class='ocrx_word' id='word_1_41' title='bbox 1039 713 1090 775; x_wconf 95' lang='lat'><strong><em>1</em></strong></span> <span class='ocrx_word' id='word_1_42' title='bbox 1182 710 1500 794; x_wconf 84' lang='lat' dir='ltr'><strong>Ulpianus</strong></span> <span class='ocrx_word' id='word_1_43' title='bbox 1566 711 1731 775; x_wconf 91' lang='lat' dir='ltr'><strong>libro</strong></span> <span class='ocrx_word' id='word_1_44' title='bbox 1776 732 1948 775; x_wconf 90' lang='lat' dir='ltr'><strong>nono</strong></span> <span class='ocrx_word' id='word_1_45' title='bbox 1996 711 2078 776; x_wconf 91' lang='lat' dir='ltr'><strong>ad</strong></span> <span class='ocrx_word' id='word_1_46' title='bbox 2125 712 2290 778; x_wconf 91' lang='lat' dir='ltr'><strong>edic·</strong></span> 
     </span>
     <span class='ocr_line' id='line_1_7' title="bbox 277 797 2291 886; baseline 0.001 -25"><span class='ocrx_word' id='word_1_47' title='bbox 277 802 437 864; x_wconf 90' lang='lat' dir='ltr'><strong>tum.</strong></span> <span class='ocrx_word' id='word_1_48' title='bbox 481 835 554 844; x_wconf 93' lang='lat'><strong>-—-</strong></span> <span class='ocrx_word' id='word_1_49' title='bbox 598 847 613 863; x_wconf 96' lang='lat'><strong>.</strong></span> <span class='ocrx_word' id='word_1_50' title='bbox 644 849 656 862; x_wconf 91' lang='lat'><strong>.</strong></span> <span class='ocrx_word' id='word_1_51' title='bbox 686 848 702 866; x_wconf 95' lang='lat'><strong>.</strong></span> <span class='ocrx_word' id='word_1_52' title='bbox 742 800 1032 883; x_wconf 86' lang='lat' dir='ltr'><strong>quamvis</strong></span> <span class='ocrx_word' id='word_1_53' title='bbox 1072 797 1350 884; x_wconf 88' lang='lat' dir='ltr'><strong>quidam,</strong></span> <span class='ocrx_word' id='word_1_54' title='bbox 1386 803 1462 863; x_wconf 90' lang='lat' dir='ltr'><strong>ut</strong></span> <span class='ocrx_word' id='word_1_55' title='bbox 1488 798 1883 882; x_wconf 85' lang='lat' dir='ltr'><strong>Pomponius</strong></span> <span class='ocrx_word' id='word_1_56' title='bbox 2048 800 2291 886; x_wconf 84' lang='lat' dir='ltr'><strong>scribit,</strong></span> 
     </span>
     <span class='ocr_line' id='line_1_8' title="bbox 277 887 2288 972; baseline 0.001 -22"><span class='ocrx_word' id='word_1_57' title='bbox 277 908 408 951; x_wconf 89' lang='lat' dir='ltr'><strong>non</strong></span> <span class='ocrx_word' id='word_1_58' title='bbox 467 890 697 971; x_wconf 89' lang='lat' dir='ltr'><strong>putent</strong></span> <span class='ocrx_word' id='word_1_59' title='bbox 751 887 939 952; x_wconf 90' lang='lat' dir='ltr'><strong>unius</strong></span> <span class='ocrx_word' id='word_1_60' title='bbox 997 889 1089 951; x_wconf 91' lang='lat' dir='ltr'><strong>rei</strong></span> <span class='ocrx_word' id='word_1_61' title='bbox 1134 888 1507 952; x_wconf 88' lang='lat' dir='ltr'><strong>mandatum</strong></span> <span class='ocrx_word' id='word_1_62' title='bbox 1558 887 2012 971; x_wconf 87' lang='lat' dir='ltr'><strong>suscipientem</strong></span> <span class='ocrx_word' id='word_1_63' title='bbox 2060 910 2288 972; x_wconf 87' lang='lat' dir='ltr'><strong>procu·</strong></span> 
     </span>
     <span class='ocr_line' id='line_1_9' title="bbox 279 975 2293 1060; baseline 0.001 -21"><span class='ocrx_word' id='word_1_64' title='bbox 279 980 564 1040; x_wconf 85' lang='lat' dir='ltr'><strong>ratorem</strong></span> <span class='ocrx_word' id='word_1_65' title='bbox 603 997 759 1060; x_wconf 86' lang='lat' dir='ltr'><strong>esse,</strong></span> <span class='ocrx_word' id='word_1_66' title='bbox 795 976 983 1042; x_wconf 88' lang='lat' dir='ltr'><strong>sicuti</strong></span> <span class='ocrx_word' id='word_1_67' title='bbox 1018 998 1098 1040; x_wconf 88' lang='lat' dir='ltr'><strong>ne</strong></span> <span class='ocrx_word' id='word_1_68' title='bbox 1127 977 1182 1041; x_wconf 91' lang='lat' dir='ltr'><strong>is</strong></span> <span class='ocrx_word' id='word_1_69' title='bbox 1221 976 1497 1060; x_wconf 88' lang='lat' dir='ltr'><strong>quidem,</strong></span> <span class='ocrx_word' id='word_1_70' title='bbox 1539 975 1648 1060; x_wconf 84' lang='lat' dir='ltr'><strong>qui</strong></span> <span class='ocrx_word' id='word_1_71' title='bbox 1684 998 1821 1040; x_wconf 91' lang='lat' dir='ltr'><strong>rem</strong></span> <span class='ocrx_word' id='word_1_72' title='bbox 1848 977 2293 1060; x_wconf 85' lang='lat' dir='ltr'><strong>perferendam</strong></span> 
     </span>
     <span class='ocr_line' id='line_1_10' title="bbox 280 1064 2289 1150; baseline 0.001 -22"><span class='ocrx_word' id='word_1_73' title='bbox 280 1064 382 1128; x_wconf 83' lang='lat' dir='ltr'><strong>vel</strong></span> <span class='ocrx_word' id='word_1_74' title='bbox 431 1064 773 1148; x_wconf 90' lang='lat' dir='ltr'><strong>epistulam</strong></span> <span class='ocrx_word' id='word_1_75' title='bbox 821 1065 922 1131; x_wconf 80' lang='lat' dir='ltr'><strong>vel</strong></span> <span class='ocrx_word' id='word_1_76' title='bbox 966 1065 1265 1129; x_wconf 88' lang='lat' dir='ltr'><strong>nuntium</strong></span> <span class='ocrx_word' id='word_1_77' title='bbox 1313 1065 1757 1149; x_wconf 85' lang='lat' dir='ltr'><strong>perferendum</strong></span> <span class='ocrx_word' id='word_1_78' title='bbox 1800 1066 2098 1149; x_wconf 83' lang='lat' dir='ltr'><strong>suscepit,</strong></span> <span class='ocrx_word' id='word_1_79' title='bbox 2145 1089 2289 1150; x_wconf 88' lang='lat' dir='ltr'><strong>pro·</strong></span> 
     </span>
     <span class='ocr_line' id='line_1_11' title="bbox 278 1151 841 1236; baseline 0.005 -20"><span class='ocrx_word' id='word_1_80' title='bbox 278 1151 414 1236; x_wconf 89' lang='lat' dir='ltr'><strong>prie</strong></span> <span class='ocrx_word' id='word_1_81' title='bbox 463 1154 841 1236; x_wconf 90' lang='lat' dir='ltr'><strong>appellatur.</strong></span> 
     </span>
    </p>
   </div>
   <div class='ocr_carea' id='block_1_4' title="bbox 749 1331 1835 1412">
    <p class='ocr_par' dir='ltr' id='par_1_4' title="bbox 749 1331 1835 1412">
     <span class='ocr_line' id='line_1_12' title="bbox 749 1331 1835 1412; baseline -0.001 -17"><span class='ocrx_word' id='word_1_82' title='bbox 749 1331 925 1411; x_wconf 77' lang='lat' dir='ltr'><strong>Quod</strong></span> <span class='ocrx_word' id='word_1_83' title='bbox 966 1335 1158 1395; x_wconf 77' lang='lat' dir='ltr'><strong>metus</strong></span> <span class='ocrx_word' id='word_1_84' title='bbox 1203 1351 1391 1394; x_wconf 79' lang='lat' dir='ltr'><strong>causa</strong></span> <span class='ocrx_word' id='word_1_85' title='bbox 1430 1336 1663 1412; x_wconf 73' lang='lat' dir='ltr'><strong>yestum</strong></span> <span class='ocrx_word' id='word_1_86' title='bbox 1707 1332 1835 1395; x_wconf 80' lang='lat' dir='ltr'><strong>erit.</strong></span> 
     </span>
    </p>
   </div>
   <div class='ocr_carea' id='block_1_5' title="bbox 277 1453 2290 1892">
    <p class='ocr_par' dir='ltr' id='par_1_5' title="bbox 277 1453 2290 1892">
     <span class='ocr_line' id='line_1_13' title="bbox 459 1453 2290 1539; baseline 0.002 -22"><span class='ocrx_word' id='word_1_87' title='bbox 459 1455 602 1519; x_wconf 83' lang='lat'><strong>152.</strong></span> <span class='ocrx_word' id='word_1_88' title='bbox 677 1454 753 1519; x_wconf 89' lang='lat' dir='ltr'><strong>D.</strong></span> <span class='ocrx_word' id='word_1_89' title='bbox 801 1455 863 1539; x_wconf 94' lang='lat'><strong>4,</strong></span> <span class='ocrx_word' id='word_1_90' title='bbox 899 1454 960 1536; x_wconf 82' lang='lat'><strong>2,</strong></span> <span class='ocrx_word' id='word_1_91' title='bbox 996 1455 1057 1536; x_wconf 87' lang='lat'><strong>9,</strong></span> <span class='ocrx_word' id='word_1_92' title='bbox 1096 1455 1154 1518; x_wconf 80' lang='lat'><strong>2.</strong></span> <span class='ocrx_word' id='word_1_93' title='bbox 1246 1453 1563 1536; x_wconf 89' lang='lat' dir='ltr'><strong>Ulpianus</strong></span> <span class='ocrx_word' id='word_1_94' title='bbox 1610 1453 1775 1518; x_wconf 87' lang='lat' dir='ltr'><strong>libro</strong></span> <span class='ocrx_word' id='word_1_95' title='bbox 1824 1454 2161 1520; x_wconf 90' lang='lat' dir='ltr'><strong>undecimo</strong></span> <span class='ocrx_word' id='word_1_96' title='bbox 2209 1455 2290 1520; x_wconf 90' lang='lat' dir='ltr'><strong>ad</strong></span> 
     </span>
     <span class='ocr_line' id='line_1_14' title="bbox 280 1540 2289 1627; baseline 0.001 -23"><span class='ocrx_word' id='word_1_97' title='bbox 280 1540 576 1607; x_wconf 89' lang='lat' dir='ltr'><strong>edictum.</strong></span> <span class='ocrx_word' id='word_1_98' title='bbox 616 1579 704 1591; x_wconf 90' lang='lat'><strong>--</strong></span> <span class='ocrx_word' id='word_1_99' title='bbox 743 1593 757 1607; x_wconf 96' lang='lat'><strong>.</strong></span> <span class='ocrx_word' id='word_1_100' title='bbox 787 1595 798 1607; x_wconf 92' lang='lat'><strong>.</strong></span> <span class='ocrx_word' id='word_1_101' title='bbox 830 1592 844 1606; x_wconf 96' lang='lat'><strong>.</strong></span> <span class='ocrx_word' id='word_1_102' title='bbox 890 1541 1285 1625; x_wconf 88' lang='lat' dir='ltr'><strong>Pomponius</strong></span> <span class='ocrx_word' id='word_1_103' title='bbox 1336 1541 1559 1606; x_wconf 88' lang='lat' dir='ltr'><strong>scribit</strong></span> <span class='ocrx_word' id='word_1_104' title='bbox 1605 1542 1913 1626; x_wconf 91' lang='lat' dir='ltr'><strong>quosdam</strong></span> <span class='ocrx_word' id='word_1_105' title='bbox 1953 1592 1966 1606; x_wconf 94' lang='lat'><strong>.</strong></span> <span class='ocrx_word' id='word_1_106' title='bbox 1998 1591 2011 1605; x_wconf 94' lang='lat'><strong>.</strong></span> <span class='ocrx_word' id='word_1_107' title='bbox 2059 1549 2289 1627; x_wconf 90' lang='lat' dir='ltr'><strong>putare</strong></span> 
     </span>
     <span class='ocr_line' id='line_1_15' title="bbox 280 1630 2290 1713; baseline 0 -20"><span class='ocrx_word' id='word_1_108' title='bbox 280 1630 477 1694; x_wconf 87' lang='lat' dir='ltr'><strong>etiam</strong></span> <span class='ocrx_word' id='word_1_109' title='bbox 523 1632 690 1695; x_wconf 85' lang='lat' dir='ltr'><strong>servi</strong></span> <span class='ocrx_word' id='word_1_110' title='bbox 736 1631 1308 1694; x_wconf 90' lang='lat' dir='ltr'><strong>manumissionem</strong></span> <span class='ocrx_word' id='word_1_111' title='bbox 1344 1633 1445 1694; x_wconf 82' lang='lat' dir='ltr'><strong>vel</strong></span> <span class='ocrx_word' id='word_1_112' title='bbox 1493 1630 1765 1694; x_wconf 88' lang='lat' dir='ltr'><strong>aedificii</strong></span> <span class='ocrx_word' id='word_1_113' title='bbox 1803 1631 2290 1713; x_wconf 85' lang='lat' dir='ltr'><strong>depositionem,</strong></span> 
     </span>
     <span class='ocr_line' id='line_1_16' title="bbox 280 1718 2288 1803; baseline 0 -21"><span class='ocrx_word' id='word_1_114' title='bbox 280 1741 473 1803; x_wconf 88' lang='lat' dir='ltr'><strong>quam</strong></span> <span class='ocrx_word' id='word_1_115' title='bbox 512 1721 652 1803; x_wconf 90' lang='lat' dir='ltr'><strong>quis</strong></span> <span class='ocrx_word' id='word_1_116' title='bbox 702 1723 962 1785; x_wconf 90' lang='lat' dir='ltr'><strong>coactus</strong></span> <span class='ocrx_word' id='word_1_117' title='bbox 1000 1719 1171 1801; x_wconf 86' lang='lat' dir='ltr'><strong>fecit,</strong></span> <span class='ocrx_word' id='word_1_118' title='bbox 1220 1718 1300 1782; x_wconf 95' lang='lat' dir='ltr'><strong>ad</strong></span> <span class='ocrx_word' id='word_1_119' title='bbox 1339 1719 1812 1783; x_wconf 87' lang='lat' dir='ltr'><strong>restitutionem</strong></span> <span class='ocrx_word' id='word_1_120' title='bbox 1858 1719 2047 1782; x_wconf 89' lang='lat' dir='ltr'><strong>huius</strong></span> <span class='ocrx_word' id='word_1_121' title='bbox 2098 1720 2288 1785; x_wconf 90' lang='lat' dir='ltr'><strong>edicti</strong></span> 
     </span>
     <span class='ocr_line' id='line_1_17' title="bbox 277 1809 936 1892; baseline 0.005 -22"><span class='ocrx_word' id='word_1_122' title='bbox 277 1809 733 1892; x_wconf 84' lang='lat' dir='ltr'><strong>porrigendam</strong></span> <span class='ocrx_word' id='word_1_123' title='bbox 783 1829 936 1873; x_wconf 90' lang='lat' dir='ltr'><strong>esse.</strong></span> 
     </span>
    </p>
   </div>
   <div class='ocr_carea' id='block_1_6' title="bbox 278 1911 2287 2265">
    <p class='ocr_par' dir='ltr' id='par_1_6' title="bbox 278 1911 2287 2265">
     <span class='ocr_line' id='line_1_18' title="bbox 462 1911 2286 1999; baseline 0.001 -21"><span class='ocrx_word' id='word_1_124' title='bbox 462 1913 606 1979; x_wconf 83' lang='lat'><strong>153.</strong></span> <span class='ocrx_word' id='word_1_125' title='bbox 698 1913 775 1982; x_wconf 89' lang='lat' dir='ltr'><strong>D.</strong></span> <span class='ocrx_word' id='word_1_126' title='bbox 835 1915 896 1997; x_wconf 90' lang='lat'><strong>4,</strong></span> <span class='ocrx_word' id='word_1_127' title='bbox 950 1915 1010 1999; x_wconf 82' lang='lat'><strong>2,</strong></span> <span class='ocrx_word' id='word_1_128' title='bbox 1068 1915 1170 1995; x_wconf 88' lang='lat'><strong>14,</strong></span> <span class='ocrx_word' id='word_1_129' title='bbox 1224 1912 1285 1979; x_wconf 83' lang='lat'><strong>5.</strong></span> <span class='ocrx_word' id='word_1_130' title='bbox 1374 1911 1692 1997; x_wconf 88' lang='lat' dir='ltr'><strong>Ulpianus</strong></span> <span class='ocrx_word' id='word_1_131' title='bbox 1740 1913 1905 1979; x_wconf 91' lang='lat' dir='ltr'><strong>libro</strong></span> <span class='ocrx_word' id='word_1_132' title='bbox 1950 1914 2286 1980; x_wconf 90' lang='lat' dir='ltr'><strong>undecimo</strong></span> 
     </span>
     <span class='ocr_line' id='line_1_19' title="bbox 281 2002 2285 2088; baseline -0 -19"><span class='ocrx_word' id='word_1_133' title='bbox 281 2003 361 2069; x_wconf 90' lang='lat' dir='ltr'><strong>ad</strong></span> <span class='ocrx_word' id='word_1_134' title='bbox 407 2004 704 2068; x_wconf 88' lang='lat' dir='ltr'><strong>edictum.</strong></span> <span class='ocrx_word' id='word_1_135' title='bbox 745 2040 822 2050; x_wconf 90' lang='lat'><strong>—-</strong></span> <span class='ocrx_word' id='word_1_136' title='bbox 876 2055 932 2069; x_wconf 90' lang='lat'><strong>..</strong></span> <span class='ocrx_word' id='word_1_137' title='bbox 971 2004 1228 2088; x_wconf 90' lang='lat' dir='ltr'><strong>quidam</strong></span> <span class='ocrx_word' id='word_1_138' title='bbox 1275 2006 1509 2087; x_wconf 85' lang='lat' dir='ltr'><strong>putant</strong></span> <span class='ocrx_word' id='word_1_139' title='bbox 1557 2004 1728 2069; x_wconf 91' lang='lat' dir='ltr'><strong>bona</strong></span> <span class='ocrx_word' id='word_1_140' title='bbox 1763 2002 1885 2067; x_wconf 89' lang='lat' dir='ltr'><strong>fide</strong></span> <span class='ocrx_word' id='word_1_141' title='bbox 1933 2008 2285 2087; x_wconf 90' lang='lat' dir='ltr'><strong>emptorem</strong></span> 
     </span>
     <span class='ocr_line' id='line_1_20' title="bbox 281 2093 2287 2177; baseline 0 -21"><span class='ocrx_word' id='word_1_142' title='bbox 281 2094 361 2157; x_wconf 90' lang='lat' dir='ltr'><strong>ab</strong></span> <span class='ocrx_word' id='word_1_143' title='bbox 410 2115 484 2157; x_wconf 90' lang='lat' dir='ltr'><strong>eo</strong></span> <span class='ocrx_word' id='word_1_144' title='bbox 533 2094 644 2177; x_wconf 89' lang='lat' dir='ltr'><strong>qui</strong></span> <span class='ocrx_word' id='word_1_145' title='bbox 697 2114 831 2157; x_wconf 90' lang='lat' dir='ltr'><strong>rem</strong></span> <span class='ocrx_word' id='word_1_146' title='bbox 889 2093 1108 2157; x_wconf 89' lang='lat' dir='ltr'><strong>intulit</strong></span> <span class='ocrx_word' id='word_1_147' title='bbox 1163 2095 1640 2176; x_wconf 85' lang='lat' dir='ltr'><strong>comparantem</strong></span> <span class='ocrx_word' id='word_1_148' title='bbox 1701 2114 1831 2157; x_wconf 90' lang='lat' dir='ltr'><strong>non</strong></span> <span class='ocrx_word' id='word_1_149' title='bbox 1903 2093 2107 2156; x_wconf 88' lang='lat' dir='ltr'><strong>teneri</strong></span> <span class='ocrx_word' id='word_1_150' title='bbox 2168 2114 2287 2157; x_wconf 83' lang='lat' dir='ltr'><strong>nec</strong></span> 
     </span>
     <span class='ocr_line' id='line_1_21' title="bbox 278 2180 1963 2265; baseline 0.001 -20"><span class='ocrx_word' id='word_1_151' title='bbox 278 2204 423 2246; x_wconf 89' lang='lat' dir='ltr'><strong>eum</strong></span> <span class='ocrx_word' id='word_1_152' title='bbox 475 2184 584 2265; x_wconf 91' lang='lat' dir='ltr'><strong>qui</strong></span> <span class='ocrx_word' id='word_1_153' title='bbox 630 2184 798 2247; x_wconf 90' lang='lat' dir='ltr'><strong>dono</strong></span> <span class='ocrx_word' id='word_1_154' title='bbox 846 2182 1092 2263; x_wconf 87' lang='lat' dir='ltr'><strong>accepit</strong></span> <span class='ocrx_word' id='word_1_155' title='bbox 1135 2182 1237 2244; x_wconf 83' lang='lat' dir='ltr'><strong>vel</strong></span> <span class='ocrx_word' id='word_1_156' title='bbox 1285 2180 1389 2245; x_wconf 88' lang='lat' dir='ltr'><strong>cui</strong></span> <span class='ocrx_word' id='word_1_157' title='bbox 1434 2202 1535 2243; x_wconf 89' lang='lat' dir='ltr'><strong>res</strong></span> <span class='ocrx_word' id='word_1_158' title='bbox 1582 2181 1799 2264; x_wconf 85' lang='lat' dir='ltr'><strong>legata</strong></span> <span class='ocrx_word' id='word_1_159' title='bbox 1846 2183 1963 2246; x_wconf 88' lang='lat' dir='ltr'><strong>est.</strong></span> 
     </span>
    </p>
   </div>
   <div class='ocr_carea' id='block_1_7' title="bbox 279 2310 2289 2715">
    <p class='ocr_par' dir='ltr' id='par_1_7' title="bbox 279 2310 2289 2715">
     <span class='ocr_line' id='line_1_22' title="bbox 454 2310 821 2385; baseline -0.003 -17"><span class='ocrx_word' id='word_1_160' title='bbox 454 2310 524 2370; x_wconf 87' lang='lat' dir='ltr'><strong>cf.</strong></span> <span class='ocrx_word' id='word_1_161' title='bbox 571 2330 626 2385; x_wconf 90' lang='lat' dir='ltr'><strong>p.</strong></span> <span class='ocrx_word' id='word_1_162' title='bbox 677 2311 821 2368; x_wconf 81' lang='grc'><strong>241.</strong></span> 
     </span>
     <span class='ocr_line' id='line_1_23' title="bbox 1034 2418 1537 2483; baseline -0.004 0"><span class='ocrx_word' id='word_1_163' title='bbox 1034 2418 1134 2483; x_wconf 80' lang='lat' dir='ltr'><strong>De</strong></span> <span class='ocrx_word' id='word_1_164' title='bbox 1175 2418 1311 2483; x_wconf 84' lang='lat' dir='ltr'><strong>dolo</strong></span> <span class='ocrx_word' id='word_1_165' title='bbox 1354 2418 1537 2482; x_wconf 84' lang='lat' dir='ltr'><strong>malo.</strong></span> 
     </span>
     <span class='ocr_line' id='line_1_24' title="bbox 460 2540 2289 2626; baseline 0.001 -21"><span class='ocrx_word' id='word_1_166' title='bbox 460 2541 603 2606; x_wconf 88' lang='grc'><strong>154.</strong></span> <span class='ocrx_word' id='word_1_167' title='bbox 694 2541 770 2607; x_wconf 94' lang='lat' dir='ltr'><strong>D.</strong></span> <span class='ocrx_word' id='word_1_168' title='bbox 816 2543 877 2625; x_wconf 93' lang='lat'><strong>4,</strong></span> <span class='ocrx_word' id='word_1_169' title='bbox 923 2542 982 2625; x_wconf 89' lang='lat'><strong>3,</strong></span> <span class='ocrx_word' id='word_1_170' title='bbox 1032 2543 1133 2626; x_wconf 88' lang='lat'><strong>18,</strong></span> <span class='ocrx_word' id='word_1_171' title='bbox 1170 2541 1226 2606; x_wconf 83' lang='lat'><strong>5.</strong></span> <span class='ocrx_word' id='word_1_172' title='bbox 1318 2540 1557 2605; x_wconf 90' lang='lat' dir='ltr'><strong>Paulus</strong></span> <span class='ocrx_word' id='word_1_173' title='bbox 1611 2542 1777 2605; x_wconf 90' lang='lat' dir='ltr'><strong>libro</strong></span> <span class='ocrx_word' id='word_1_174' title='bbox 1823 2540 2157 2605; x_wconf 85' lang='lat' dir='ltr'><strong>undecimo</strong></span> <span class='ocrx_word' id='word_1_175' title='bbox 2206 2543 2289 2607; x_wconf 87' lang='lat' dir='ltr'><strong>ad</strong></span> 
     </span>
     <span class='ocr_line' id='line_1_25' title="bbox 279 2629 2289 2715; baseline -0 -20"><span class='ocrx_word' id='word_1_176' title='bbox 279 2630 573 2695; x_wconf 85' lang='lat' dir='ltr'><strong>edictum.</strong></span> <span class='ocrx_word' id='word_1_177' title='bbox 635 2667 718 2676; x_wconf 94' lang='lat'><strong>—-</strong></span> <span class='ocrx_word' id='word_1_178' title='bbox 787 2629 855 2695; x_wconf 83' lang='lat' dir='ltr'><strong>Si</strong></span> <span class='ocrx_word' id='word_1_179' title='bbox 921 2652 1204 2713; x_wconf 83' lang='lat' dir='ltr'><strong>servum,</strong></span> <span class='ocrx_word' id='word_1_180' title='bbox 1277 2652 1465 2715; x_wconf 88' lang='lat' dir='ltr'><strong>quem</strong></span> <span class='ocrx_word' id='word_1_181' title='bbox 1523 2635 1593 2694; x_wconf 91' lang='lat' dir='ltr'><strong>tu</strong></span> <span class='ocrx_word' id='word_1_182' title='bbox 1658 2629 1817 2693; x_wconf 86' lang='lat' dir='ltr'><strong>mihi</strong></span> <span class='ocrx_word' id='word_1_183' title='bbox 1878 2630 2289 2713; x_wconf 74' lang='lat' dir='ltr'><strong>promiseraS,</strong></span> 
     </span>
    </p>
   </div>
   <div class='ocr_carea' id='block_1_8' title="bbox 280 2716 2286 2893">
    <p class='ocr_par' dir='ltr' id='par_1_8' title="bbox 280 2716 2286 2893">
     <span class='ocr_line' id='line_1_26' title="bbox 281 2716 2286 2803; baseline 0 -21"><span class='ocrx_word' id='word_1_184' title='bbox 281 2719 444 2783; x_wconf 89' lang='lat' dir='ltr'><strong>alius</strong></span> <span class='ocrx_word' id='word_1_185' title='bbox 493 2719 816 2803; x_wconf 84' lang='lat' dir='ltr'><strong>occiderit,</strong></span> <span class='ocrx_word' id='word_1_186' title='bbox 863 2720 938 2784; x_wconf 92' lang='lat' dir='ltr'><strong>de</strong></span> <span class='ocrx_word' id='word_1_187' title='bbox 984 2720 1130 2784; x_wconf 93' lang='lat' dir='ltr'><strong>dolo</strong></span> <span class='ocrx_word' id='word_1_188' title='bbox 1179 2720 1352 2784; x_wconf 87' lang='lat' dir='ltr'><strong>malo</strong></span> <span class='ocrx_word' id='word_1_189' title='bbox 1397 2720 1711 2783; x_wconf 89' lang='lat' dir='ltr'><strong>actionem</strong></span> <span class='ocrx_word' id='word_1_190' title='bbox 1750 2716 2001 2801; x_wconf 78' lang='lat' dir='ltr'><strong>(mihi)</strong></span> <span class='ocrx_word' id='word_1_191' title='bbox 2036 2718 2101 2780; x_wconf 88' lang='lat' dir='ltr'><strong>in</strong></span> <span class='ocrx_word' id='word_1_192' title='bbox 2140 2741 2286 2783; x_wconf 92' lang='lat' dir='ltr'><strong>eum</strong></span> 
     </span>
     <span class='ocr_line' id='line_1_27' title="bbox 280 2807 2285 2893; baseline 0 -22"><span class='ocrx_word' id='word_1_193' title='bbox 280 2807 554 2871; x_wconf 89' lang='lat' dir='ltr'><strong>dandam</strong></span> <span class='ocrx_word' id='word_1_194' title='bbox 595 2808 884 2893; x_wconf 88' lang='lat' dir='ltr'><strong>plerique</strong></span> <span class='ocrx_word' id='word_1_195' title='bbox 921 2858 933 2872; x_wconf 91' lang='lat'><strong>.</strong></span> <span class='ocrx_word' id='word_1_196' title='bbox 967 2860 978 2872; x_wconf 94' lang='lat'><strong>.</strong></span> <span class='ocrx_word' id='word_1_197' title='bbox 1016 2811 1269 2893; x_wconf 81' lang='lat' dir='ltr'><strong>putant,</strong></span> <span class='ocrx_word' id='word_1_198' title='bbox 1318 2808 1467 2891; x_wconf 86' lang='lat' dir='ltr'><strong>quia</strong></span> <span class='ocrx_word' id='word_1_199' title='bbox 1503 2816 1575 2872; x_wconf 90' lang='lat' dir='ltr'><strong>tu</strong></span> <span class='ocrx_word' id='word_1_200' title='bbox 1612 2828 1651 2871; x_wconf 91' lang='lat' dir='ltr'><strong>a</strong></span> <span class='ocrx_word' id='word_1_201' title='bbox 1687 2829 1789 2871; x_wconf 87' lang='lat' dir='ltr'><strong>me</strong></span> <span class='ocrx_word' id='word_1_202' title='bbox 1829 2807 2139 2871; x_wconf 87' lang='lat' dir='ltr'><strong>liberatus</strong></span> <span class='ocrx_word' id='word_1_203' title='bbox 2180 2809 2285 2873; x_wconf 77' lang='lat' dir='ltr'><strong>siS.</strong></span> 
     </span>
    </p>
   </div>
   <div class='ocr_carea' id='block_1_9' title="bbox 944 3001 1596 3083">
    <p class='ocr_par' dir='ltr' id='par_1_9' title="bbox 944 3001 1596 3083">
     <span class='ocr_line' id='line_1_28' title="bbox 944 3001 1596 3083; baseline 0 -16"><span class='ocrx_word' id='word_1_204' title='bbox 944 3001 1042 3067; x_wconf 82' lang='lat' dir='ltr'><strong>De</strong></span> <span class='ocrx_word' id='word_1_205' title='bbox 1087 3004 1279 3083; x_wconf 76' lang='lat' dir='ltr'><strong>capite</strong></span> <span class='ocrx_word' id='word_1_206' title='bbox 1322 3003 1596 3067; x_wconf 68' lang='lat' dir='ltr'><strong>minutia</strong></span> 
     </span>
    </p>
   </div>
   <div class='ocr_carea' id='block_1_10' title="bbox 462 3124 2283 3212">
    <p class='ocr_par' dir='ltr' id='par_1_10' title="bbox 462 3124 2283 3212">
     <span class='ocr_line' id='line_1_29' title="bbox 462 3124 2283 3212; baseline -0.002 -19"><span class='ocrx_word' id='word_1_207' title='bbox 462 3127 605 3193; x_wconf 85' lang='lat'><strong>155.</strong></span> <span class='ocrx_word' id='word_1_208' title='bbox 695 3127 773 3191; x_wconf 93' lang='lat' dir='ltr'><strong>D.</strong></span> <span class='ocrx_word' id='word_1_209' title='bbox 832 3128 932 3210; x_wconf 86' lang='grc'><strong>15,</strong></span> <span class='ocrx_word' id='word_1_210' title='bbox 991 3129 1047 3209; x_wconf 82' lang='grc'><strong>1,</strong></span> <span class='ocrx_word' id='word_1_211' title='bbox 1101 3127 1206 3190; x_wconf 82' lang='grc'><strong>42.</strong></span> <span class='ocrx_word' id='word_1_212' title='bbox 1306 3125 1484 3190; x_wconf 92' lang='lat' dir='ltr'><strong>Idem</strong></span> <span class='ocrx_word' id='word_1_213' title='bbox 1542 3124 1655 3212; x_wconf 88' lang='lat' dir='ltr'><strong>(se.</strong></span> <span class='ocrx_word' id='word_1_214' title='bbox 1714 3124 2062 3211; x_wconf 89' lang='lat' dir='ltr'><strong>Ulpianus)</strong></span> <span class='ocrx_word' id='word_1_215' title='bbox 2119 3127 2283 3190; x_wconf 92' lang='lat' dir='ltr'><strong>libro</strong></span> 
     </span>
    </p>
   </div>
   <div class='ocr_carea' id='block_1_11' title="bbox 279 3214 2283 3390">
    <p class='ocr_par' dir='ltr' id='par_1_11' title="bbox 279 3214 2283 3390">
     <span class='ocr_line' id='line_1_30' title="bbox 279 3214 2283 3299; baseline -0.001 -18"><span class='ocrx_word' id='word_1_216' title='bbox 279 3217 650 3281; x_wconf 90' lang='lat' dir='ltr'><strong>duodecimo</strong></span> <span class='ocrx_word' id='word_1_217' title='bbox 699 3218 778 3280; x_wconf 89' lang='lat' dir='ltr'><strong>ad</strong></span> <span class='ocrx_word' id='word_1_218' title='bbox 825 3218 1118 3281; x_wconf 90' lang='lat' dir='ltr'><strong>edictum.</strong></span> <span class='ocrx_word' id='word_1_219' title='bbox 1165 3252 1252 3271; x_wconf 87' lang='lat'><strong>-—.</strong></span> <span class='ocrx_word' id='word_1_220' title='bbox 1296 3214 1372 3279; x_wconf 89' lang='lat' dir='ltr'><strong>In</strong></span> <span class='ocrx_word' id='word_1_221' title='bbox 1424 3215 1872 3299; x_wconf 84' lang='lat' dir='ltr'><strong>adrogatorem</strong></span> <span class='ocrx_word' id='word_1_222' title='bbox 1911 3215 1986 3278; x_wconf 96' lang='lat' dir='ltr'><strong>de</strong></span> <span class='ocrx_word' id='word_1_223' title='bbox 2033 3215 2283 3299; x_wconf 88' lang='lat' dir='ltr'><strong>peculio</strong></span> 
     </span>
     <span class='ocr_line' id='line_1_31' title="bbox 279 3305 1666 3390; baseline -0.001 -22"><span class='ocrx_word' id='word_1_224' title='bbox 279 3307 596 3369; x_wconf 87' lang='lat' dir='ltr'><strong>actionem</strong></span> <span class='ocrx_word' id='word_1_225' title='bbox 644 3306 915 3369; x_wconf 88' lang='lat' dir='ltr'><strong>dandam</strong></span> <span class='ocrx_word' id='word_1_226' title='bbox 962 3305 1224 3390; x_wconf 88' lang='lat' dir='ltr'><strong>quidam</strong></span> <span class='ocrx_word' id='word_1_227' title='bbox 1272 3355 1285 3367; x_wconf 92' lang='lat'><strong>.</strong></span> <span class='ocrx_word' id='word_1_228' title='bbox 1317 3355 1373 3369; x_wconf 95' lang='lat'><strong>..</strong></span> <span class='ocrx_word' id='word_1_229' title='bbox 1420 3308 1666 3388; x_wconf 76' lang='lat' dir='ltr'><strong>putant.</strong></span> 
     </span>
    </p>
   </div>
   <div class='ocr_carea' id='block_1_12' title="bbox 279 3428 2281 3582">
    <p class='ocr_par' dir='ltr' id='par_1_12' title="bbox 279 3428 2281 3582">
     <span class='ocr_line' id='line_1_32' title="bbox 454 3428 2281 3510; baseline -0.002 -19"><span class='ocrx_word' id='word_1_230' title='bbox 454 3428 748 3510; x_wconf 71' lang='lat' dir='ltr'><strong>‘quamvis</strong></span> <span class='ocrx_word' id='word_1_231' title='bbox 797 3433 1050 3493; x_wconf 82' lang='lat' dir='ltr'><strong>Sabinus</strong></span> <span class='ocrx_word' id='word_1_232' title='bbox 1098 3437 1159 3493; x_wconf 88' lang='lat' dir='ltr'><strong>et</strong></span> <span class='ocrx_word' id='word_1_233' title='bbox 1205 3432 1444 3493; x_wconf 86' lang='lat' dir='ltr'><strong>Cassius</strong></span> <span class='ocrx_word' id='word_1_234' title='bbox 1502 3453 1572 3492; x_wconf 85' lang='lat' dir='ltr'><strong>ex</strong></span> <span class='ocrx_word' id='word_1_235' title='bbox 1619 3436 1755 3491; x_wconf 88' lang='lat' dir='ltr'><strong>ante</strong></span> <span class='ocrx_word' id='word_1_236' title='bbox 1819 3435 1989 3508; x_wconf 86' lang='lat' dir='ltr'><strong>gesto</strong></span> <span class='ocrx_word' id='word_1_237' title='bbox 2053 3432 2125 3489; x_wconf 88' lang='lat' dir='ltr'><strong>de</strong></span> <span class='ocrx_word' id='word_1_238' title='bbox 2178 3450 2281 3505; x_wconf 88' lang='lat' dir='ltr'><strong>pe-</strong></span> 
     </span>
     <span class='ocr_line' id='line_1_33' title="bbox 279 3513 1842 3582; baseline -0.001 -2"><span class='ocrx_word' id='word_1_239' title='bbox 279 3522 438 3581; x_wconf 88' lang='lat' dir='ltr'><strong>culio</strong></span> <span class='ocrx_word' id='word_1_240' title='bbox 486 3522 778 3582; x_wconf 88' lang='lat' dir='ltr'><strong>actionem</strong></span> <span class='ocrx_word' id='word_1_241' title='bbox 821 3540 941 3581; x_wconf 88' lang='lat' dir='ltr'><strong>non</strong></span> <span class='ocrx_word' id='word_1_242' title='bbox 987 3540 1114 3582; x_wconf 86' lang='lat' dir='ltr'><strong>esse</strong></span> <span class='ocrx_word' id='word_1_243' title='bbox 1162 3522 1417 3581; x_wconf 90' lang='lat' dir='ltr'><strong>dandam</strong></span> <span class='ocrx_word' id='word_1_244' title='bbox 1463 3513 1842 3582; x_wconf 85' lang='lat' dir='ltr'><strong>existiment&#39;.</strong></span> 
     </span>
    </p>
   </div>
  </div>
 </body>
</html>
