2575 3900
862 182 912 233 6.
956 173 1286 230 IAVOLEN
1296 174 1377 229 US
1414 172 1708 229 PRISCUS
2160 171 2293 236 423

276 360 484 406 servus
537 360 676 404 oiim
726 340 932 405 heredi
983 359 1114 404 meo
1159 358 1468 403 annorum
1510 342 1731 420 septem
1776 356 1991 419 operas
2034 336 2295 418 solverit,

278 430 429 495 liber
490 428 634 493 esto'
700 434 758 493 et
817 429 875 493 is
935 447 1142 493 servus
1198 428 1371 491 intra
1429 432 1651 509 septem
1703 446 1902 490 annos
1953 426 2023 489 in
2067 425 2295 489 iudicio

266 518 513 601 publico
567 522 716 583 esset
766 522 822 582 et
862 518 1152 599 septimus
1195 536 1403 580 annus
1439 516 1847 597 praeterisset,
1906 513 2158 579 Servius
2201 514 2299 579 ait

281 628 420 671 eum
480 627 606 672 non
670 606 921 671 liberari
977 606 1202 685 debere,
1266 604 1499 686 Labeo,
1562 608 1620 667 et
1669 604 1728 667 si
1772 607 1985 686 postea
2029 602 2299 667 solvisset

275 716 586 762 annorum
613 700 832 777 septem
857 714 1090 777 operas,
1127 694 1383 759 liberum
1405 694 1710 774 futuram.
1757 693 1919 775 quod
1950 712 2161 756 veram
2188 696 2291 755 est.

457 785 559 850 85.
613 782 690 849 D.
719 783 855 849 ibid
885 786 924 864 ἓ
953 784 1014 848 4.
1062 819 1146 828 -
1195 782 1293 847 ‘Si
1337 782 1581 847 Stichus
1626 782 1841 846 Attiae
1894 781 2065 845 mille
2108 800 2294 844 num-

275 893 410 938 mos
471 874 723 951 dederit,
783 872 932 937 liber
993 871 1158 936 esto'.
1255 872 1439 935 Attia
1488 872 1623 936 vivo
1680 874 1953 935 testatore
2014 870 2295 934 decessit:

276 984 404 1027 non
451 981 625 1045 posse
671 959 946 1027 Stichum
992 961 1249 1025 liberum
1294 980 1417 1025 esse
1462 960 1661 1023 Labeo
1711 958 1934 1041 Ofilius
1976 959 2297 1039 responde-

277 1056 458 1128 runt,·
511 1050 844 1129 Trebatius,
889 1052 946 1115 si
985 1055 1128 1114 ante
1163 1054 1582 1113 testamentum
1614 1048 1851 1128 saetam
1886 1047 2067 1111 Attia
2102 1048 2294 1112 deees·

276 1142 466 1223 sisset,
512 1141 672 1204 idem
683 1159 706 1217 ,·
750 1140 809 1204 si
841 1144 1075 1221 postea,
1119 1158 1257 1203 eum
1305 1138 1562 1201 liberum
1604 1137 1907 1217 futuram.
1989 1136 2296 1200 Labeonis

275 1234 336 1293 et
379 1229 553 1309 Ofilii
604 1230 905 1293 sententia
956 1228 1259 1292 rationem
1312 1228 1555 1308 quidem
1608 1226 1809 1310 habet,
1860 1226 1967 1289 sed
2006 1224 2117 1289 hoe
2160 1226 2297 1288 iure

275 1319 536 1397 utimur,
581 1322 653 1381 ut
693 1318 752 1382 is
794 1336 1001 1382 servus
1043 1337 1119 1380 ex
1164 1320 1512 1380 testa-mento
1558 1315 1709 1379 liber
1752 1316 1851 1379 sit.

457 1406 561 1471 86.
628 1405 704 1471 Ι).
743 1404 895 1470 ibid.
933 1408 972 1486 ξ
1015 1412 1074 1469 5.
1137 1441 1211 1449 -
1275 1402 1352 1469 Si
1407 1423 1616 1468 servus
1668 1422 1883 1485 operas
1934 1401 2294 1486 [extraneo]

275 1497 426 1560 dare
477 1496 684 1559 iussus
735 1499 908 1574 esset,
966 1492 1375 1577 (extraneus)
1414 1493 1627 1557 nullus
1671 1493 1917 1556 nomine
1952 1492 2112 1557 servi
2146 1512 2296 1556 suas

277 1604 491 1666 operas
553 1584 757 1647 dando
814 1583 1070 1648 liberare
1123 1602 1366 1646 servam
1408 1586 1621 1663 potest.
1695 1582 1857 1662 qaod
1915 1581 1983 1643 in
2026 1582 2296 1663 pecunia

275 1674 458 1738 aliter
511 1672 886 1749 observatur,
941 1675 1141 1753 aspote
1193 1691 1333 1735 eum
1386 1675 1711 1735 extraneus
1757 1689 1875 1751 pro
1930 1689 1995 1733 eo
2052 1668 2295 1753 [servo]

278 1763 484 1827 dando
517 1761 853 1843 pecuniam
895 1779 1134 1824 servum
1181 1759 1478 1823 liberaret.

456 1850 557 1915 87.
605 1847 683 1913 D.
701 1850 806 1928 40,
831 1852 887 1935 1,
907 1846 1009 1913 26.
1074 1847 1413 1912 Iavolenus
1451 1847 1617 1912 libro
1657 1850 1887 1931 quarto
1924 1868 2000 1910 ex
2024 1847 2293 1930 posteri-

278 1939 496 2005 oribus
524 1937 863 2004 Labeonis,
896 1973 980 1984 —
1009 1936 1266 2003 Servum
1298 1938 1609 2019 furiosum
1645 1937 1817 2002 omni
1837 1957 2051 2018 yenere
2078 1957 2298 2001 manu-

275 2030 534 2094 missum
579 2029 665 2094 ad
706 2029 1042 2093 libertatem
1076 2028 1335 2111 perduoi
1365 2032 1555 2109 putat
1584 2045 1763 2109 posse
1812 2026 2028 2090 Labeo.
2088 2093 2099 2104 ‚

967 2195 1068 2260 De
1111 2196 1353 2260 liberali
1396 2215 1601 2261 eausa.

456 2304 557 2369 88.
605 2301 808 2386 D.40,
834 2303 930 2384 12,
951 2304 1056 2368 42.
1122 2300 1338 2366 Labeo
1367 2302 1533 2368 libro
1564 2305 1790 2384 quarto
1810 2296 2296 2385 posteriorum}

285 2427 358 2438 -
421 2389 492 2456 Si
540 2413 758 2456 servus
807 2413 994 2476 quem
1042 2411 1289 2455 emeras
1340 2391 1416 2454 ad
1463 2390 1829 2455 libertatem
1875 2388 2298 2473 proclamarit

277 2483 347 2548 et
384 2479 465 2544 ab
502 2479 713 2544 iudice
748 2502 1087 2564 perperam
1125 2501 1242 2562 pro
1280 2500 1355 2543 eo
1395 2478 1745 2543 iudicatum
1782 2480 1880 2542 est
1908 2481 1973 2541 et
1998 2477 2295 2542 dominus

276 2567 415 2632 eius
451 2569 618 2632 servi
647 2573 799 2652 post
826 2590 961 2633 rem
993 2572 1220 2633 eontra
1247 2573 1313 2633 te
1342 2567 1694 2632 iudicatam
1721 2571 1786 2630 te
1812 2565 2112 2629 heredem
2142 2565 2298 2630 feeit

283 2661 396 2720 aut
433 2656 562 2721 alio
603 2678 728 2740 quo
769 2657 1024 2721 nomine
1060 2657 1116 2721 is
1153 2661 1305 2722 tuus
1343 2677 1482 2720 esse
1520 2656 1853 2740 coepisset,
1894 2657 2111 2739 petere
2150 2674 2297 2718 eum

279 2749 461 2810 tuum
509 2767 650 2810 esse
696 2745 933 2828 poteris
981 2767 1098 2810 neo
1141 2745 1264 2810 tibi
1305 2745 1593 2810 obstabit
1628 2745 1721 2808 rei
1758 2743 2077 2807 iudicatae
2115 2763 2296 2826 prae-

277 2834 566 2918 scriptio.
654 2833 1015 2899 Iavolenus:
1062 2834 1223 2899 haee
1269 2855 1421 2898 vera
1466 2836 1632 2898 sunt.

454 2927 724 2989 Iavoleni
769 2927 1098 2988 orationem
1143 2927 1540 2988 Tribonianus
1586 2926 1824 2988 videtur
1868 2927 2151 2985 mutasse.

865 3091 964 3156 De
1005 3093 1303 3176 emptione
1346 3093 1701 3157 venditione.

923 3212 1017 3272 De
1058 3213 1366 3272 hereditate
1408 3213 1655 3271 vendita.

455 3315 555 3380 89.
611 3313 690 3379 D.
723 3313 823 3396 18,
851 3314 911 3394 4,
941 3314 1045 3378 24.
1126 3311 1345 3378 Labeo
1385 3312 1551 3376 libro
1597 3316 1823 3396 quarto
1864 3310 2296 3394 posteriorum

277 3425 316 3467 a
363 3401 664 3469 Iavoleno
713 3402 1227 3486 epitomatorum.
1266 3437 1352 3449 —
1388 3400 1802 3467 Hereditatem
1839 3399 2109 3465 Cornelii
2152 3419 2295 3463 ven-

421 3555 449 3602 1
489 3566 564 3605 sc.
604 3567 638 3602 a
674 3549 936 3603 Iavoleno
977 3547 1425 3618 epitomatorum.
