2575 3900
752 184 800 232 4.
842 178 899 232 C.
930 177 1217 233 CASSIUS
1255 177 1624 234 LONGINUS
2113 181 2198 246 49

200 339 409 406 Celsus
476 341 701 405 scribit
752 340 961 426 magis
1016 341 1398 425 supellectili
1455 341 1934 407 adnumeranda
1989 347 2054 408 et
2107 344 2202 410 ita

202 427 495 494 Sabinum
542 434 608 493 et
652 427 950 494 Cassium
994 433 1241 513 putare.

924 621 1019 680 De
1054 637 1213 694 penu
1257 621 1462 694 legata.

358 739 465 804 49.
515 738 940 823 D.33,9‚5pr.
1024 737 1260 802 Paulus
1297 735 1465 803 libr'o
1505 743 1732 823 quarto
1771 740 1849 804 ad
1889 739 2200 806 Sabinum

193 826 281 910 (P.
304 826 527 914 1677).
564 863 652 874 —-
687 826 835 892 Non
874 848 1065 891 omne
1102 827 1273 910 quod
1311 827 1558 891 bibitur
1592 827 1660 891 in
1697 849 1862 911 penu
1900 828 2200 896 habetur:

192 916 431 1000 alioqui
477 937 735 980 necesse
780 921 900 1000 est,
944 920 1016 980 ut
1062 916 1283 980 omnia
1324 916 1791 981 medicamenta
1829 937 1989 1001 quae
2025 918 2200 983 bibe-

189 1010 406 1070 rentur
461 1005 928 1070 contineantur.
1019 1003 1233 1086 itaque
1288 1025 1366 1068 ea
1419 1004 1675 1068 demum
1727 1008 1988 1088 penoris
2043 1028 2201 1092 esse,

189 1115 344 1176 quae
387 1093 602 1158 alendi
639 1115 831 1158 causa
866 1093 1257 1170 biberentur,
1297 1114 1422 1175 quo
1452 1093 1519 1157 in
1546 1114 1811 1158 numero
1839 1094 2200 1160 antidotum

190 1203 319 1246 non
367 1186 483 1246 est.
575 1185 639 1246 et
684 1203 838 1246 sane
884 1202 1030 1246 vere
1078 1178 1341 1245 Cassius
1388 1183 1604 1247 sensit.

878 1382 972 1440 De
1010 1383 1251 1455 ,ommis
1296 1382 1511 1454 legatis.

359 1500 465 1566 50.
524 1499 603 1564 D.
631 1500 734 1574 34,
763 1501 823 1580 2,
854 1499 956 1581 19,
990 1500 1087 1564 19.
1168 1498 1490 1582 Ulpianus
1526 1498 1690 1564 libro
1727 1501 2077 1567 vicensimo
2119 1503 2193 1567 ad

182 1587 492 1654 Sabinum
532 1587 630 1674 (P.
649 1588 871 1672 2606).
908 1624 993 1635 —
1030 1587 1322 1653 Murrina
1368 1635 1383 1651 .
1407 1635 1422 1652 .
1463 1609 1619 1652 vasa
1654 1589 1723 1653 in
1761 1591 2029 1674 gemmis
2069 1613 2198 1657 nou

178 1699 318 1742 esse
368 1674 634 1741 Cassius
681 1677 922 1742 scribit.

383 1877 478 1936 De
520 1881 670 1936 veste
712 1878 925 1936 mundo
970 1879 1324 1937 ornamentis
1366 1878 1738 1938 muliebribus
1783 1879 1996 1953 leqatis.

359 1996 465 2063 51.
514 1996 592 2061 D.
621 1996 726 2080 34,
754 1998 813 2073 2,
842 1997 901 2062 8.
987 1995 1167 2061 Idem
1216 1993 1332 2082 (sc.
1369 1994 1638 2084 Paulus)
1683 1997 1851 2063 libro
1897 2020 2069 2064 nono
2120 1998 2200 2064 ad

176 2084 510 2151 Plautium
562 2084 660 2167 (P.
701 2082 916 2171 1171).
967 2120 1042 2130 —
1096 2085 1388 2149 Plautius
1442 2135 1454 2148 .
1501 2085 1732 2150 Mulier
1784 2087 1879 2152 ita
1932 2087 2201 2172 legavit:

176 2173 494 2259 ‘quisquis
541 2173 703 2237 mihi
747 2173 932 2237 heres
980 2173 1120 2252 erit,
1166 2172 1376 2237 Titiae
1422 2179 1667 2240 vestem
1715 2172 1978 2259 [meam]
2018 2198 2200 2240 mun-

175 2263 330 2327 dum
353 2267 856 2345 ornamentaque
876 2260 1221 2326 muliebria.
1240 2262 1508 2327 damnas
1530 2268 1669 2329 esto
1691 2263 1883 2330 dare?
1932 2263 2200 2331 Cassius

176 2353 285 2436 ait,
328 2352 386 2416 si
426 2372 560 2415 non
596 2355 935 2434 appareret
971 2350 1121 2433 quid
1158 2351 1487 2435 sensisset,
1523 2373 1782 2417 omnem
1816 2357 2065 2418 vestem
2104 2375 2199 2417 se-

171 2440 458 2505 cundum
505 2439 703 2503 verba
747 2438 1123 2503 testamenti
1166 2441 1454 2523 legatam
1499 2440 1721 2505 videri.

357 2561 433 2619 cf.
460 2559 628 2619 Paul.
660 2558 717 2620 s,
748 2561 814 2636 3,
846 2561 910 2634 e,
939 2560 1041 2619 so.

913 2736 1008 2795 De
1044 2736 1208 2795 libris
1253 2736 1468 2809 legatis,

359 2854 463 2919 52.
510 2853 590 2918 D.
618 2854 720 2931 32,
748 2854 834 2919 52
850 2877 943 2938 pr.
1022 2853 1340 2939 Ulpianus
1377 2853 1541 2918 libro
1578 2854 1927 2920 vicensimo
1966 2858 2196 2939 quarto

171 2944 251 3008 ad
314 2941 632 3008 Sabinum
688 2940 786 3029 (P.
828 2941 1051 3030 2661).
1108 2980 1190 2991 —-
1247 2994 1262 3009 .
1293 2989 1308 3005 .
1339 2992 1354 3007 .
1409 2942 1606 3007 Gaius
1655 2940 1916 3008 Cassius
1975 2943 2199 3011 scribit

170 3031 400 3097 deberi
446 3035 510 3095 et
556 3033 963 3097 membranas
1009 3032 1193 3097 libris
1238 3031 1490 3116 legatis,

357 3150 527 3209 Paul.
561 3150 619 3212 S.
650 3155 707 3225 3,
740 3156 796 3231 6,
826 3154 925 3213 87.
1016 3152 1213 3212 Libris
1259 3150 1476 3230 legatis
1524 3198 1536 3211 .
1567 3198 1580 3211 .
1610 3195 1625 3210 .
1670 3153 2048 3212 membranae
2095 3196 2110 3213 .
2139 3198 2153 3212 .
2184 3198 2200 3214 .

168 3240 568 3300 continentur
614 3287 625 3300 .
657 3286 671 3299 .
702 3288 713 3299 .

360 3348 465 3414 53.
507 3348 585 3413 D.
606 3347 756 3415 ibid.
775 3351 891 3431 §3
923 3386 1008 3397 --
1036 3349 1289 3415 Libris.
1311 3350 1586 3435 .legatis
1614 3350 2036 3416 bibliothecas
2066 3373 2199 3416 non

169 3436 499 3503 contineri
546 3436 823 3503 Sabinus
880 3439 1118 3504 scribit.
1208 3440 1377 3503 idem
1434 3441 1499 3503 et
1545 3436 1831 3521 Cassius3
1887 3440 1982 3503 ait
2028 3440 2199 3503 enim

168 3526 589 3633 membranas
646 3550 807 3611 quae
858 3529 1131 3613 scriptae
1178 3529 1335 3611 sint,
1390 3526 1732 3635 contineri,
1789 3528 2025 3610 <puras
2072 3547 2202 3590 non

276 3638 481 3688 Itu-ism.
508 3641 743 3682 maantehd
770 3640 867 3681 19.11
896 3640 1356 3691 dBmer.112
1746 3636 1780 3681 4
