2575 3900
320 195 450 258 534
1048 195 1603 253 ADDITAMENTA.

323 358 747 422 substitutum
796 358 1135 424 admittere
1174 361 1238 424 et
1276 361 1554 444 amplius
1594 359 1674 425 ad
1712 359 2060 426 cretionem
2098 363 2342 426 reverti

320 467 452 511 non
499 467 709 531 posse.

419 556 595 706 Mgd
647 558 1035 620 Proculianos
1091 559 1276 620 Graius
1336 559 1576 620 videtur
1636 561 1948 638 respicere.
2032 562 2104 620 cf.
2151 561 2242 640 Π,
2301 566 2339 620 2

319 668 376 722 p.
546 690 561 706 .

708 773 801 831 De
843 778 1012 847 rupto
1057 775 1146 832 vel
1191 775 1360 833 irrito
1404 775 1557 848 facto
1601 778 1949 835 testamento.

501 891 629 955 15⁴?
684 891 761 956 D.
790 891 902 973 49,
936 893 1044 976 15,
1076 893 1161 956 10
1179 915 1274 976 pr.
1338 891 1737 976 Papinianus
1783 892 1949 957 libro
1991 892 2343 957 vicensimo

321 1001 493 1044 nono
546 979 1032 1056 Quaestionum.
1074 1019 1162 1029 —
1218 981 1411 1045 Pater
1465 981 1767 1045 instituto
1821 981 2138 1065 impuberi
2203 981 2343 1046 filio

322 1068 744 1132 substituerat
781 1072 847 1133 et
885 1069 966 1134 ab
1004 1071 1303 1135 hostibus
1342 1075 1568 1154 captus
1607 1068 1698 1133 ibi
1737 1070 2031 1134 decessit.
2111 1073 2343 1153 postea

321 1156 619 1222 defuncto
666 1157 997 1241 impubere
1043 1159 1408 1244 legitimum
1448 1159 1706 1224 admitti
1745 1158 2130 1241 quibusdam
2165 1158 2341 1224 vide-

319 1244 508 1310 batur
563 1267 766 1330 neque
819 1247 1078 1312 tabulas
1136 1249 1446 1312 secundas
1498 1247 1564 1311 in
1614 1247 1748 1310 eius
1795 1268 2074 1331 persona
2119 1247 2338 1312 locum

323 1332 584 1419 habere,
628 1335 737 1419 qui
785 1335 931 1400 vivo
978 1339 1163 1419 patre
1210 1336 1312 1400 sui
1357 1336 1517 1402 iuris
1564 1335 1828 1400 effectus
1873 1335 2122 1400 fuisset.

925 1512 1025 1579 De
1070 1514 1357 1596 leyitimis
1401 1512 1730 1579 heredibus,

501 1634 627 1700 16?
676 1634 752 1700 D.
784 1636 844 1719 5,
871 1638 932 1719 4,
962 1639 1018 1702 3.
1076 1638 1316 1702 Paulus
1354 1637 1524 1702 libro
1564 1639 1838 1721 septimo
1877 1636 1957 1701 ad
1986 1635 2334 1704 Plautium.

325 1761 400 1772 —
436 1773 451 1788 .
482 1775 497 1788 .
526 1775 540 1789 .
580 1726 737 1788 iuris
782 1730 1073 1790 auctores
1111 1727 1523 1790 medietatem
1562 1725 1887 1809 quandam
1925 1726 2127 1790 secuti
2166 1731 2338 1809 sunt,

318 1819 393 1878 ut
446 1814 610 1895 quod
658 1814 792 1877 fieri
839 1835 968 1878 non
1023 1835 1165 1880 raro
1221 1815 1566 1879 admodum
1620 1817 1861 1898 potest,
1915 1814 2340 1899 intuerentur,

318 1902 382 1965 id
451 1903 550 1966 est
617 1902 765 1985 quia
830 1902 968 1967 fieri
1034 1907 1320 1990 poterat,
1379 1908 1455 1969 ut
1509 1903 1850 1989 tregemini
1906 1909 2340 1989 nascerentur,

321 1994 617 2076 quartam
662 1994 915 2074 partem
963 1994 1295 2076 superstiti
1342 1993 1477 2058 filio
1526 1992 2021 2074 adsignaverint.

501 2098 601 2163 17.
648 2096 725 2161 D.
752 2098 858 2179 46,
878 2098 937 2182 3,
956 2098 1062 2165 36.
1124 2099 1419 2164 Iulianus
1461 2099 1628 2163 libro
1668 2100 1878 2182 primo
1917 2099 1997 2163 ad
2034 2097 2341 2164 Urseium

320 2186 644 2251 Ferocem.
691 2223 773 2234 —-
824 2185 893 2251 Si
946 2193 1129 2272 pater
1192 2210 1372 2253 meus
1438 2192 1790 2271 praegnate
1854 2209 2049 2253 uxore
2109 2188 2343 2253 relicta

323 2275 665 2339 decesserit
728 2279 793 2341 et
857 2297 933 2339 ex
998 2297 1190 2341 causa
1244 2276 1632 2341 hereditaria
1685 2280 1895 2341 totum
1949 2277 2099 2360 hoc,
2164 2277 2339 2360 quod

320 2365 496 2448 patri
551 2386 693 2429 meo
751 2365 1037 2429 debitum
1095 2366 1351 2449 fuisset,
1404 2366 1740 2450 petissem,
1804 2364 1967 2428 nihil
2030 2386 2131 2428 me
2188 2387 2337 2430 con·

322 2454 671 2535 sumpsisse
739 2452 997 2537 quidam
1064 2455 1443 2519 existimant
1509 2453 1579 2537 <,
1626 2454 1679 2517 si
1743 2457 2083 2537 postumus
2140 2460 2338 2518 natus

320 2541 473 2624 sit>3
538 2543 592 2605 si
660 2563 849 2608 nemo
914 2546 1103 2606 natus
1171 2544 1283 2625 sit,
1349 2546 1521 2608 recte
1586 2565 1687 2607 me
1754 2543 1988 2627 egisse,
2055 2541 2204 2625 quia
2269 2542 2342 2605 in

321 2651 535 2694 rerum
581 2639 813 2696 natura
860 2653 1079 2694 verum
1115 2631 1350 2695 fuisset
1387 2653 1488 2696 me
1528 2631 1736 2696 solum
1773 2632 2072 2695 heredem
2120 2630 2342 2695 fuisse.

499 2739 626 2803 18⁵.
673 2736 749 2801 D.
772 2738 993 2820 38‚10,
1019 2738 1243 2822 10,15.
1310 2736 1490 2801 Idem
1525 2736 1637 2820 (sc.
1664 2734 1934 2824 Paulus)
1962 2737 2127 2801 libro
2167 2738 2336 2821 sing.

323 2825 399 2888 de
456 2826 778 2909 gradibus
832 2862 904 2871 -
958 2876 971 2889 .
1016 2875 1031 2890 .
1078 2878 1089 2891 .
1149 2827 1258 2911 qui
1323 2849 1400 2889 ex
1464 2825 1773 2890 fratribus
1838 2827 1940 2891 vel
2005 2826 2338 2890 sororibus

319 2918 688 2979 nascuntur.
750 2937 907 2999 quos
938 2914 1193 2997 quidam
1220 2916 1315 2979 ita
1344 2915 1790 2999 distinxerunt,
1820 2918 1892 2978 ut
1921 2935 2030 2979 eos
2061 2913 2340 2998 quidem,

322 3002 433 3085 qui
479 3024 555 3066 ex
602 3005 909 3067 fratribus
955 3004 1094 3068 nati
1142 3008 1308 3087 sunt,
1353 3003 1588 3068 fratres
1625 3004 1950 3087 patrueles
1998 3003 2339 3089 appellent,

324 3090 479 3154 item
510 3114 635 3174 eas,
664 3114 826 3175 quae
858 3115 934 3156 ex
961 3092 1268 3157 fratribus
1299 3096 1490 3157 natae
1521 3094 1688 3165 sunt,
1718 3114 1969 3157 sorores
1994 3091 2339 3176 patrueleS,

323 3202 400 3244 ex
445 3180 645 3245 fratre
694 3186 909 3246 autem
957 3187 1021 3245 et
1067 3203 1282 3246 sorore
1323 3181 1626 3246 amitinos
1665 3182 1986 3264 amitinae,
2032 3202 2140 3246 eos
2180 3202 2337 3245 vero

320 3274 385 3332 et
446 3290 581 3351 eas,
644 3270 753 3352 qui
814 3291 1054 3353 quaeve
1109 3292 1187 3333 ex
1240 3272 1568 3335 sororibus
1633 3270 1774 3334 nati
1839 3272 2110 3334 nataeve
2166 3274 2338 3351 sunt,

324 3358 743 3431 consobrinos
788 3358 1206 3423 consobrinas
1245 3360 1428 3443 quasi
1467 3358 1946 3442 consororinos3
1996 3358 2105 3423 sed
2141 3358 2338 3442 pleri-

322 3468 443 3530 que
489 3447 609 3511 hos
658 3468 877 3511 omnes
925 3447 1343 3513 consobrinos
1391 3453 1642 3514 vocant.

497 3557 569 3616 cf.
614 3557 645 3615 I
688 3578 744 3633 p.
786 3556 956 3617 413.'
