2575 3900
364 189 487 252 128
518 189 611 245 ΙΙΙ.
632 187 784 244 GAII
804 186 1100 243 CLAUDII
1116 186 1385 245 NERON.
1405 187 1688 243 GALBAE
1709 187 2138 244 TEMP.1URJS
2167 186 2310 244 CON
2315 187 2372 242 S.

357 357 597 416 nostros
640 350 1045 433 intelleyimus
1080 351 1300 416 hberos
1333 370 1472 429 esse,
1517 351 1760 416 etiamsi
1792 371 1984 433 neque
2015 351 2373 416 auctoritate

356 460 561 521 neque*
590 440 887 522 diynitate
928 460 1119 521 neque
1164 439 1400 504 viribus
1440 439 1614 504 nobis
1643 459 1834 522 pares
1876 436 2072 522 sunt1,
2125 440 2214 504 sic
2257 458 2372 521 coe,

360 531 469 611 qui
502 529 881 594 maiestatem
914 533 1194 593 nostram
1226 529 1476 593 comiter
1508 547 1862 593 conservare
1895 529 2118 610 debent,
2157 527 2372 593 {cheros

356 637 479 682 esse
519 617 987 699 intelleyendum
1028 621 1130 682 est.

538 717 587 766 3.
650 706 745 770 At
794 707 960 788 fiunt
1008 706 1181 788 apud
1228 724 1344 770 nos
1392 705 1486 770 rei
1535 725 1610 769 ex
1661 705 2006 770 οὑυίἰαίῶιω
2045 704 2374 786 foederatis

358 799 418 859 et
457 795 527 859 in
573 814 670 860 eos
713 795 1037 859 damnatos
1080 794 1649 859 animadvertimus.

540 905 832 965 Proculus
876 903 1121 982 respicit
1164 905 1420 964 fortasse
1459 905 1534 964 ad
1579 905 2162 965 senatusconsultum
2197 903 2370 964 Pom-

360 994 537 1071 ponio
578 998 638 1054 et
674 993 829 1054 Rufo
869 1011 1016 1054 coss.
1046 985 1129 1075 (a.
1162 990 1271 1072 17)
1302 995 1546 1066 factum,
1585 1012 1700 1072 quo
1739 995 2002 1070 cavetur,
2037 995 2110 1052 ut
2145 992 2370 1052 mathe-

364 1083 599 1143 maticis
645 1081 958 1142 Chaldaeis
1014 1083 1219 1142 ariolis
1273 1085 1336 1140 et
1389 1081 1625 1154 ceteris,
1683 1082 1787 1160 qui
1814 1081 2024 1145 ,simile
2070 1081 2371 1157 inceptum

356 1172 645 1248 fecerunt,
686 1189 839 1248 aqua
886 1173 947 1230 et
990 1171 1115 1248 igni
1161 1169 1559 1230 interdicatur
1604 1170 1918 1246 omniaque
1962 1170 2121 1229 bona
2165 1189 2371 1229 eorum

359 1261 762 1337 publicentur,
784 1262 870 1319 ‹et
914 1259 966 1318 si
1014 1262 1391 1317 externarum
1438 1259 1708 1336 gentium
1753 1259 1886 1336 quis
1927 1258 1990 1317 id
2026 1258 2253 1336 fecerit,
2297 1260 2370 1316 ut

358 1350 420 1408 in
462 1367 601 1409 eum
638 1348 1165 1407 animadvertatur.
1211 1346 1422 1406 Collat.
1448 1347 1546 1422 15,
1569 1349 1627 1423 2,
1650 1350 1706 1406 1.
1752 1347 1826 1406 cf.
1855 1347 2097 1407 Sueton.
2136 1344 2263 1407 Tib.
2286 1347 2366 1406 36

356 1432 672 1496 ‘Externas
719 1435 1106 1495 caerimonias
1134 1478 1148 1493 .
1178 1480 1195 1497 .
1224 1481 1236 1494 .
1268 1429 1672 1511 compescuit'.

1178 1611 1400 1670 Liber
1443 1611 1543 1671 IX.

531 1737 894 1814 Fragmenta
935 1736 1105 1795 nulla
1148 1735 1375 1796 tradita
1421 1737 1580 1796 sunt.

1196 1903 1413 1965 Liber
1458 1903 1527 1964 X.

530 2028 893 2106 Fragmenta
936 2027 1084 2087 item
1127 2030 1297 2095 nulla
1339 2029 1567 2091 tradita
1611 2032 1768 2088 sunt.

1179 2196 1396 2256 Liber
1439 2198 1541 2258 XI.

935 2313 1035 2378 De
1078 2317 1374 2398 emptione
1416 2318 1773 2383 venditione.

531 2428 634 2494 34.
681 2427 757 2493 D.
783 2430 881 2512 18,
905 2431 962 2515 1,
981 2430 1085 2494 69.
1146 2429 1322 2496 Idem
1345 2430 1458 2516 (sc.
1472 2429 1813 2517 Proculus)
1838 2431 2003 2496 libro
2023 2430 2362 2496 undecimo

351 2517 816 2600 Epistularum.
863 2554 947 2565 -
994 2518 1239 2584 Rutilia
1284 2520 1470 2585 Polla
1517 2520 1672 2585 emit
1717 2520 1928 2585 lacum
1970 2517 2361 2583 Sabatenem

350 2605 777 2692 Angularium
826 2612 891 2672 et
928 2608 1099 2673 circa
1128 2630 1274 2672 eum
1311 2609 1522 2673 lacum
1561 2607 1754 2692 pedes
1795 2607 2027 2673 decem.
2103 2629 2358 2692 quaero,

350 2695 658 2780 numquid
717 2699 783 2760 et
836 2696 1052 2762 decem
1105 2697 1330 2781 pedeS,
1385 2698 1495 2781 qui
1546 2701 1703 2762 tunc
1757 2700 2187 2776 accesserunt,
2244 2697 2364 2761 sub

351 2807 515 2867 aqua
562 2785 722 2862 sint,
770 2786 920 2869 quia
966 2786 1140 2849 lacus
1188 2786 1407 2869 crevit,
1453 2807 1536 2850 an
1583 2785 1860 2869 proximi
1904 2785 2098 2869 pedes
2144 2785 2365 2851 decem

352 2874 431 2935 ab
480 2893 647 2955 aqua
690 2872 970 2935 Rutiliae
1016 2872 1237 2937 Pollae
1282 2874 1440 2938 iuris
1487 2875 1641 2939 sint.

527 2960 837 3023 Proculus
902 2961 1255 3043 respondit:
1330 2982 1432 3044 eyo
1497 2964 1775 3029 existimo
1840 2968 2088 3028 eatenus
2143 2963 2364 3045 lacum,

347 3066 525 3129 quem
568 3048 716 3111 emit
757 3046 1005 3112 Rutilia
1051 3047 1250 3132 Polla,
1301 3052 1549 3136 venisse,
1592 3056 1892 3135 quatenus
1935 3058 2080 3117 tunc
2119 3052 2264 3133 fuit,
2309 3057 2365 3117 et

347 3137 512 3201 circa
555 3155 692 3199 eum
726 3136 921 3199 decem
950 3137 1127 3217 pedes
1162 3146 1268 3219 qui
1305 3143 1446 3204 tunc
1477 3142 1748 3221 fuerunt,
1793 3160 1902 3205 nec
1936 3141 2006 3205 ob
2042 3161 2179 3205 eam
2213 3161 2361 3223 rem,

347 3225 509 3305 quod
578 3223 747 3376 lacet-5
805 3229 1021 3307 postea
1089 3228 1296 3312 crevit,
1369 3228 1557 3294 latius
1626 3250 1764 3295 eum
1823 3230 2137 3313 possidere
2197 3229 2366 3294 debet

349 3333 537 3396 quam
580 3333 740 3377 emt.

524 3405 612 3468 Cf.
647 3407 718 3466 D.
748 3408 852 3485 41,
885 3410 943 3487 1,
974 3410 1049 3466 12
1094 3407 1322 3469 Callist.
1396 3403 1612 3470 ‘Lacus
1649 3414 1710 3469 et
1747 3413 1965 3489 stagna
1999 3411 2145 3471 licet
2180 3412 2361 3471 inter-

491 3558 517 3606 1
558 3552 631 3607 F.
668 3549 774 3607 viri
807 3552 938 3607 boni
975 3551 1137 3608 nobis
1173 3555 1455 3623 praesunt.
1526 3570 1619 3609 em.
1657 3553 1997 3610 Haloander.
