2575 3900
336 133 422 198 66
477 133 571 188 111.
601 133 753 189 GAII
780 132 1077 189 CLAUDII
1102 134 1152 188 N
1157 133 1682 202 ERORGALBAE
1703 133 1916 190 ΤΕΜΡ.
1936 133 2127 190 IURIS
2148 134 2353 190 CONS.

339 319 417 362 ex
449 296 659 360 aliena
687 296 957 360 materia
987 296 1261 380 speciem
1284 297 1571 380 aliquam
1591 319 1707 362 suo
1725 297 1986 362 nomine
2005 297 2232 362 fecerit
2252 347 2267 362 .
2289 347 2302 361 .
2324 345 2358 378 .,

342 384 623 451 Sabinus
674 389 738 448 et
775 383 1041 450 Cassius
1088 385 1298 469 magis
1345 386 1705 450 naturalem
1752 386 2068 450 rationem
2106 385 2358 450 efficere

336 476 590 558 putant,
608 477 680 538 ut
700 473 811 557 qui
830 473 1141 538 materiae
1163 473 1462 538 dominus
1482 474 1695 556 fuerit,
1721 474 1891 539 idem
1918 475 2054 538 eius
2084 494 2356 559 quoque,

334 562 506 647 quod
573 584 651 626 ex
714 559 934 626 eadem
999 561 1275 627 materia
1337 562 1584 627 factum
1641 563 1753 646 sit,
1817 563 2112 628 dominus
2167 566 2358 641 esset,

336 651 491 736 quia
538 652 679 715 sine
726 649 999 714 materia
1042 651 1222 714 nulla
1269 651 1516 735 species
1563 651 1732 716 effici
1779 653 2005 736 possit,
2054 651 2256 716 veluti
2302 652 2358 715 si

338 761 417 805 ex
460 761 616 804 auro
655 739 759 803 vel
798 744 1071 823 argento
1111 740 1214 803 vel
1254 761 1398 803 aere
1436 739 1638 823 (tuo)
1677 761 1791 805 vas
1831 740 2090 824 aliquod
2127 740 2360 818 fecem,

337 830 442 893 vel
491 850 568 892 ex
611 828 855 892 tabulis
901 831 1031 892 tuis
1076 850 1307 892 navem
1357 832 1469 892 aut
1511 829 1861 894 armarium
1899 832 2012 894 aut
2051 829 2359 894 subsellia

334 917 577 1001 fecer-0,
633 917 735 980 vel
793 940 869 982 ex
925 917 1075 981 lana
1128 922 1243 980 tua
1285 917 1768 1002 vestimentum,
1821 918 1926 982 vel
1970 939 2048 982 ex
2093 917 2245 982 vino
2295 920 2360 981 et

339 1005 530 1070 melle
576 1009 689 1070 tuo
736 1006 1048 1088 mulsum,
1098 1006 1200 1070 vel
1248 1027 1328 1070 ex
1373 1006 1854 1071 medicamentis
1901 1007 2032 1071 tuis
2078 1006 2360 1090 emplas-

334 1098 511 1159 trum
567 1099 679 1159 aut
724 1094 1089 1178 collyrium,
1141 1094 1244 1158 vel
1289 1116 1368 1157 ex
1413 1094 1556 1158 uvis
1603 1099 1718 1160 aut
1764 1095 1952 1159 olivis
2001 1100 2112 1159 aut
2157 1093 2357 1180 spicis

334 1184 467 1248 tuis
516 1182 740 1248 vinum
784 1183 886 1246 vel
935 1183 1148 1246 oleum
1194 1182 1298 1247 vel
1344 1182 1758 1248 frumentum.

516 1313 588 1371 cf.
637 1310 766 1371 Gai.
809 1314 864 1386 2,
909 1313 989 1372 79
1041 1317 1102 1371 et
1148 1311 1437 1371 Sabinum
1481 1311 1545 1370 H
1585 1315 1617 1370 1
1668 1334 1728 1389 p.
1759 1314 1902 1373 556.

1076 1527 1175 1593 De
1210 1529 1601 1611 possessione.

520 1663 662 1728 116.
708 1661 787 1727 Ι).
814 1662 921 1742 41,
948 1663 1010 1745 2,
1042 1664 1099 1746 1,
1126 1661 1187 1727 5.
1270 1661 1509 1726 Paulus
1556 1662 1725 1726 libro
1775 1661 2358 1746 quinquagensimo

338 1755 570 1836 quarto
618 1750 698 1814 ad
746 1750 1022 1816 edictum
1072 1748 1171 1837 (P.
1201 1748 1379 1834 657).
1421 1785 1496 1796 —
1541 1800 1555 1814 .
1586 1802 1598 1814 .
1629 1798 1644 1814 .
1675 1751 2072 1834 adquirimus
2109 1773 2358 1835 posses-

338 1843 587 1905 sionem
634 1860 750 1923 per
794 1861 1047 1903 servum
1098 1843 1211 1903 aut
1252 1839 1476 1921 filium,
1522 1840 1631 1922 qui
1667 1839 1735 1903 in
1774 1842 2096 1923 potestate
2135 1845 2249 1921 est,
2297 1845 2362 1904 et

338 1929 593 2013 quidem
640 1950 859 1993 earum
906 1951 1145 2008 rerum,
1200 1950 1359 2012 quas
1407 1928 1820 2013 peculiariter
1864 1931 2112 2013 tenent,
2161 1930 2360 1993 etiam

337 2020 744 2103 ignorantes,
811 2018 976 2082 sicut
1040 2015 1282 2082 Sabino
1351 2021 1417 2080 et
1480 2014 1706 2081 Cassio
1754 2065 1769 2080 .
1808 2068 1822 2081 .
1871 2018 2144 2101 placuit,
2209 2018 2361 2101 quia

335 2112 565 2172 nostra
613 2106 944 2170 voluntate
990 2105 1456 2189 intellegantur
1501 2106 1848 2189 possidere,
1896 2107 2007 2191 qui
2044 2107 2137 2170 eis
2175 2127 2361 2189 pecu-

337 2196 500 2261 lium
545 2194 783 2259 habere
829 2194 1324 2278 permiserimus.

518 2302 663 2366 117.
709 2300 787 2364 D.
815 2302 923 2379 41,
952 2301 1010 2385 2,
1043 2301 1098 2383 1,
1132 2300 1231 2365 14.
1314 2298 1554 2364 Paulus
1600 2298 1756 2363 ibid.
1801 2336 1886 2347 —
1934 2301 2056 2365 Per
2101 2322 2359 2365 servum

337 2391 447 2475 qui
493 2393 562 2453 in
605 2389 762 2473 fuga
810 2390 914 2471 sit,
958 2388 1122 2452 nihil
1168 2410 1361 2473 posse
1406 2409 1526 2452 nos
1564 2387 1892 2472 possidere
1929 2388 2150 2453 Nerva
2185 2389 2360 2454 filius

339 2480 434 2544 ait
462 2528 476 2543 .
505 2526 520 2543 .
550 2527 567 2546 .
595 2478 1071 2561 possessionem
1116 2481 1334 2542 autem
1381 2498 1497 2562 per
1540 2499 1686 2541 eum
1725 2477 1998 2562 adquiri,
2043 2478 2211 2542 sicut
2247 2499 2362 2562 per

337 2589 447 2633 eos
480 2590 641 2653 quos
670 2568 735 2632 in
765 2567 1101 2651 provincia
1127 2567 1459 2632 habemuS.
1525 2563 1736 2631 Cassii
1765 2616 1779 2630 .
1808 2616 1822 2631 .
1852 2615 1866 2631 .
1893 2566 2214 2631 sententia
2241 2571 2361 2631 est.

518 2675 661 2740 118.
709 2674 787 2739 D.
815 2675 921 2758 41,
954 2677 1010 2759 1,
1046 2674 1143 2738 11.
1224 2673 1594 2737 Marcianus
1638 2674 1807 2738 libro
1853 2674 2048 2738 tertio
2093 2672 2362 2737 Institu-

338 2765 588 2829 tionum
635 2759 736 2849 (P.
768 2760 897 2849 79).
944 2799 1034 2809 —
1079 2761 1370 2845 Pupillus
1419 2766 1728 2846 quantum
1777 2761 1856 2825 ad
1895 2762 2362 2844 adquirendum

336 2874 471 2917 non
525 2851 776 2936 indiget
825 2852 1061 2915 tutoris
1111 2850 1527 2934 auctoritate,
1585 2851 1864 2914 alienare
1911 2871 2062 2915 vero
2107 2851 2362 2916 nullam

337 2961 472 3003 rem
520 2943 737 3024 potest
790 2938 917 3002 nisi
962 2941 1298 3021 praesente
1345 2941 1561 3001 tutore
1618 2942 1906 3025 auctore,
1968 2943 2032 3002 et
2085 2961 2166 3003 ne
2222 2940 2360 3023 qui-

340 3028 485 3092 dem
532 3028 1035 3112 possessionem,
1090 3047 1252 3109 quae
1305 3029 1406 3089 est
1452 3027 1802 3111 naturalis,
1855 3031 1930 3092 ut
1975 3024 2350 3093 Sabinianis

339 3116 551 3181 visum
599 3119 717 3179 est.

522 3222 665 3286 119.
709 3219 793 3285 D.
811 3221 917 3304 47,
937 3222 998 3304 2,
1017 3220 1123 3302 43,
1143 3219 1202 3285 5.
1268 3220 1586 3305 Ulpianus
1615 3223 1783 3286 libro
1815 3221 2356 3306 quadragensimo

337 3312 546 3396 primo
596 3311 675 3374 ad
722 3308 1029 3374 Sabinum
1079 3306 1178 3397 (P.
1218 3308 1438 3398 2870).
1485 3347 1574 3357 —
1621 3360 1635 3375 .
1664 3360 1678 3375 .
1709 3360 1723 3374 .
1763 3309 1986 3376 Sabini
2033 3316 2100 3375 et
2147 3308 2358 3376 Cassii

340 3400 667 3465 sententia
717 3399 1219 3464 existimantium
1271 3400 1491 3464 statim
1539 3404 1831 3464 nostram
1879 3421 2018 3465 esse
2064 3399 2358 3464 desinere

338 3510 473 3553 rem
524 3512 714 3575 quam
762 3488 1278 3574 derelinquimus,
