2575 3900
350 178 480 244 366
554 178 622 235 V.
659 177 960 233 NERVAE
996 178 1092 233 ET
1129 178 1437 233 TRAIANI
1472 176 1686 233 TEMP.
1722 175 1917 233 IURIS
1954 174 2315 231 CONSULTI

341 341 688 408 admodum
742 346 966 427 posset
1013 342 1196 427 iungi
1243 341 1566 407 sententia
1610 340 1884 406 duorum
1930 346 2068 405 tam
2115 338 2380 403 diversa

340 431 757 497 censentium.
851 430 1058 516 adque
1121 430 1282 496 adeo
1343 430 1649 514 permitte
1705 429 1869 493 mihi
1926 428 2019 494 sic
2074 428 2248 510 apud
2304 432 2379 494 te

339 526 673 604 tamquam
726 519 845 603 ibi,
891 521 986 586 sic
1031 524 1295 603 peracta
1339 541 1409 583 re
1454 523 1791 602 tamquam
1840 517 2048 583 adhuc
2094 516 2381 603 integra,

338 610 658 674 rationem
721 608 942 673 iudicii
1005 608 1134 674 mei
1187 608 1474 692 reddere,
1540 629 1829 693 quaeque
1884 612 2040 671 tunc
2095 607 2378 690 carptim

339 698 564 766 multis
628 697 1150 783 obstrepentibus
1216 697 1351 762 dixi
1410 718 1582 762 nunc
1647 717 1761 779 per
1826 696 2030 761 otium
2085 696 2379 780 iungere.

337 788 662 873 fingamus
717 792 852 852 tres
909 787 1170 852 omnino
1225 786 1467 852 iudices
1521 786 1589 849 in
1644 785 1815 851 hanc
1870 806 2135 850 causam
2182 786 2377 851 datos

338 897 497 959 esse,
533 876 764 941 horum
801 876 914 941 uni
940 875 1264 959 placuisse
1292 875 1502 958 perire
1531 874 1819 959 libertos,
1858 874 2045 939 alteri
2073 875 2379 961 relegari,

336 966 529 1032 tertio
569 965 844 1031 absolvi:
889 971 1194 1029 utrumne
1231 964 1588 1029 sententiae
1624 962 1787 1028 duae
1826 962 2084 1029 collatis
2122 964 2377 1028 viribus

335 1055 756 1120 novissimam
828 1052 1193 1138 periment?
1304 1074 1388 1117 an
1460 1052 1813 1137 separatim
1882 1073 2012 1116 una
2076 1074 2377 1137 quaeque

337 1143 720 1209 tantundem
774 1148 1087 1227 quantum
1135 1141 1342 1207 altera
1386 1140 1655 1225 valebit,
1710 1162 1828 1205 nec
1873 1140 2083 1225 magis
2129 1142 2379 1226 poterit

338 1255 484 1299 cum
530 1230 810 1297 secunda
851 1232 1066 1315 prima
1107 1230 1358 1296 conecti
1395 1251 1591 1315 quam
1629 1228 1910 1296 secunda
1948 1250 2093 1295 cum
2129 1230 2379 1295 tertia?

336 1320 536 1406 igitur
579 1320 648 1384 in
695 1325 924 1385 senatu
969 1340 1221 1404 quoque
1265 1318 1594 1383 numerari
1629 1322 1964 1404 tamquam
2002 1320 2375 1383 contrariae

337 1409 576 1475 debent
621 1430 784 1493 quae
829 1412 1163 1493 tamquam
1207 1408 1498 1473 diversae
1546 1407 1863 1473 dicuntur.
1910 1456 1926 1473 .
1953 1455 1969 1471 .
1998 1457 2014 1474 .
2062 1408 2173 1473 sed
2213 1408 2375 1493 quid

337 1518 458 1583 ego
506 1497 739 1563 similis
781 1496 1079 1563 docenti?
1163 1518 1313 1561 cum
1360 1496 1605 1563 discere
1651 1498 1845 1562 velim
1886 1518 1966 1561 an
2006 1497 2372 1561 sententias

336 1585 563 1671 dividi,
621 1607 704 1650 an
759 1586 840 1651 iri
883 1586 949 1651 in
999 1586 1288 1672 singulas
1338 1586 1715 1670 oportuerit.
1808 1585 2063 1669 optinui
2107 1585 2373 1670 quidem

342 1676 512 1760 quod
588 1676 1030 1760 postulabam3
1099 1673 1309 1740 nihilo
1383 1674 1596 1739 minus
1660 1679 1877 1739 tamen
1945 1695 2211 1759 quaere,
2286 1696 2375 1739 an

334 1764 668 1850 postulare
706 1763 1051 1829 debuerim.
1127 1762 1665 1848 quemadmodum
1704 1763 2002 1847 optinui?
2075 1764 2187 1847 qui
2214 1763 2372 1829 ulti·

336 1874 514 1918 mum
575 1852 962 1937 supplicium
1017 1853 1398 1918 sumendum
1447 1874 1587 1917 esse
1634 1854 1965 1933 censebat,
2018 1852 2237 1918 nescio
2286 1875 2375 1917 an

338 1942 498 2028 iure,
541 1946 716 2008 certe
760 1941 1087 2026 aequitate
1128 1940 1591 2027 postulationis
1629 1963 1811 2007 meae
1848 1942 2078 2027 victuS‚
2125 1940 2374 2007 omissa

339 2032 665 2096 sententia
711 2053 828 2096 sua
876 2031 1148 2096 accessit
1191 2031 1535 2116 releganti3
1582 2031 1823 2096 veritus
1870 2031 2118 2100 scilicet
2161 2052 2263 2116 ne,
2310 2031 2373 2096 si

337 2119 778 2186 dividerentur
835 2120 1221 2204 sententiae,
1287 2119 1455 2204 quod
1513 2119 1756 2205 alioqui
1809 2119 1949 2185 fore
2004 2119 2371 2204 videbatur,

335 2231 412 2275 ea
449 2230 613 2294 quae
651 2209 1077 2278 absolvendos
1117 2229 1258 2274 esse
1296 2210 1604 2274 censebat
1638 2231 1907 2274 numero
1935 2208 2367 2292 praevaleret.

335 2299 572 2363 etenim
621 2297 815 2384 longe
860 2297 1080 2380 plures
1125 2299 1197 2362 in
1242 2297 1367 2363 hac
1410 2319 1540 2362 una
1585 2319 1777 2383 quam
1822 2298 1891 2363 in
1937 2297 2187 2362 duabus
2236 2297 2370 2362 sin-

335 2387 505 2474 gulis
544 2389 748 2452 erant.
820 2389 961 2451 tum
998 2385 1100 2450 illi
1137 2407 1391 2471 quoque
1430 2386 1540 2471 qui
1569 2387 1953 2452 auctoritate
1982 2386 2120 2452 eius
2152 2387 2367 2452 trahe·

334 2477 575 2541 bantur
618 2479 991 2541 transeunte
1035 2473 1152 2541 illo
1198 2475 1495 2541 destituti
1535 2476 1938 2559 reliquerunt
1974 2476 2367 2540 sententiam

335 2566 418 2631 ab
471 2565 615 2651 ipso
664 2568 926 2632 auctore
975 2555 1298 2629 desertam
1346 2563 1675 2649 secutique
1722 2568 1874 2629 sunt
1920 2565 2107 2648 quasi
2151 2570 2367 2630 trans-

332 2655 557 2740 fugam
587 2676 775 2739 quem
805 2654 1034 2719 ducem
1063 2654 1515 2738 sequebantur.
1580 2653 1673 2717 sic
1693 2674 1771 2718 ex
1790 2653 2002 2718 tribus
2022 2653 2366 2718 sententiis

332 2745 496 2810 duae
539 2743 767 2822 factae,
811 2742 1148 2827 tenuitque
1195 2764 1272 2806 ex
1310 2742 1558 2807 duabus
1597 2741 1803 2807 altera
1840 2742 2038 2806 tertia
2076 2742 2367 2825 expulsa,

333 2855 515 2917 quae,
559 2854 705 2899 cum
752 2832 978 2896 ambas
1025 2851 1328 2914 superare
1374 2852 1505 2927 non
1551 2835 1789 2914 posset,
1835 2830 2036 2915 elegit
2083 2831 2165 2895 ab
2210 2836 2367 2895 utra

333 2921 710 2986 vinceretur.
800 2919 960 2984 vale.

510 3012 665 3084 Quid
727 3012 934 3072 Aristo
999 3012 1399 3089 rescripserit,
1461 3030 1823 3090 quamquam
1886 3012 2179 3073 traditum
2241 3033 2365 3074 non

332 3107 451 3182 est,
513 3102 702 3162 nihilo
766 3101 962 3160 minus
1017 3100 1199 3160 Plinii
1252 3101 1511 3176 epistula
1564 3101 1640 3160 ad
1695 3101 1997 3162 Aristonis
2051 3101 2365 3180 ingenium

331 3191 731 3252 definiendum
777 3189 1013 3251 attinet.

909 3325 1012 3392 De
1055 3327 1351 3393 bonorum
1384 3333 1777 3409 possessione.

510 3451 570 3516 2.
617 3449 693 3515 D.
714 3451 943 3532 37,12‚
962 3451 1022 3517 5.
1103 3451 1502 3535 Papinianus
1547 3450 1715 3515 libro
1762 3450 2103 3517 undecimo
2151 3448 2361 3525 Quae-

334 3541 618 3606 stionum
682 3538 781 3623 (P.
831 3537 1008 3627 195).
1069 3576 1148 3586 —
1215 3539 1421 3604 Divus
1488 3538 1805 3604 Traianus
1869 3538 2103 3625 filium,
2167 3560 2361 3624 quem
