2575 3900
982 164 1029 214 7.
1066 156 1446 214 PROCULUS
2098 157 2224 222 105

192 327 462 404 pretium
506 346 625 387 non
672 327 1023 403 solveretur,
1070 327 1393 387 secundum
1440 326 1679 386 Proculi
1725 327 2085 386 sententiam
2131 345 2224 384 re-

194 416 439 492 scripsit
494 408 594 496 (D.
633 418 736 490 42,
778 417 833 488 8,
876 408 963 496 7).
1073 415 1226 475 addo
1284 414 1613 492 Ulpianum
1673 408 1776 496 (D.
1817 418 1874 492 9,
1914 417 1974 492 2,
2015 417 2114 489 29,
2156 408 2226 496 1)

192 505 437 566 Proculi
485 505 847 564 sententiam
892 523 1030 564 cum
1067 504 1273 565 Severi
1316 504 1607 580 rescripto
1655 505 1912 581 quodam
1958 505 2228 564 conferre

189 614 319 654 non
366 593 693 654 dubitasse.

379 682 553 742 Alias
609 681 850 742 Proculi
911 682 1241 742 sententias
1301 683 1397 743 vel
1450 681 1546 742 ius
1601 682 1812 742 fecisse
1865 681 2112 742 tradunt
2167 685 2229 740 et

192 770 424 831 Paulus
484 765 585 852 (D.
633 774 744 847 15,
786 773 851 844 1,
890 774 1002 847 47,
1044 764 1112 848 3)
1169 776 1231 832 et
1283 770 1577 846 Ulpianus
1633 765 1731 850 (D.
1771 773 1882 848 28,
1922 772 1992 847 2,
2033 773 2098 846 6,
2141 762 2226 849 1),

194 861 391 919 aliam
438 861 848 934 praevaluisse
896 864 1105 920 auctor
1149 861 1253 919 ille
1299 863 1522 936 narrat,
1569 879 1685 937 quo
1733 859 2129 920 Tribonianus
2165 859 2228 917 in

190 949 373 1010 novis
440 948 931 1009 Institutionibus
1005 950 1424 1025 componendis
1488 967 1636 1008 usus
1701 951 1795 1008 est
1853 943 1950 1027 (3,
1988 949 2099 1026 23,
2137 940 2224 1028 2).

190 1054 411 1097 rursus
472 1038 772 1115 quandam
827 1037 1069 1098 Proculi
1124 1038 1484 1098 sententiam
1537 1038 1656 1096 iam
1710 1037 1819 1097 illa
1881 1040 2082 1097 aetate
2135 1037 2229 1096 in-

192 1127 519 1218 probatam
562 1122 748 1187 fuisse
797 1126 982 1187 Gaius
1029 1129 1247 1204 4,163
1295 1126 1502 1186 tradit.

383 1213 756 1292 Quamquam
803 1216 947 1293 quin
983 1216 1275 1275 Proculus
1311 1215 1498 1276 libros
1536 1215 1790 1276 ediderit
1827 1215 2075 1274 dubium
2110 1233 2232 1274 non

193 1307 318 1379 est,
379 1307 582 1364 tamen
627 1307 867 1380 praeter
902 1304 1321 1385 Epistularum
1366 1304 1579 1382 libros,
1634 1323 1706 1363 ex
1750 1305 1970 1380 quibus
2017 1304 2227 1363 Tribo-

194 1394 419 1452 nia-nus
470 1392 763 1494 quaedam
818 1393 882 1451 in
934 1411 1094 1454 nova
1138 1393 1394 1470 Digesta
1444 1393 1695 1469 recepit,
1759 1393 1831 1451 de
1887 1392 2022 1452 aliis
2077 1393 2228 1451 nihil

196 1482 353 1541 certi
398 1485 653 1558 constat,
689 1482 806 1542 nisi
847 1483 1004 1559 quod
1044 1482 1120 1541 ad
1156 1481 1496 1542 Labeonem
1530 1484 1708 1542 notas
1746 1500 1883 1542 eum
1921 1481 2228 1558 scripsisse

196 1570 350 1630 satis
394 1570 717 1631 indicatur.

974 1713 1023 1774 I.
1069 1712 1457 1788 Responsa.

378 1835 704 1895 Proculum
758 1836 966 1896 multis
1022 1836 1472 1897 consulentibus
1527 1837 1915 1914 respondisse·
1961 1837 2230 1912 apparet,

194 1925 359 1984 inter
414 1943 567 2002 quos
624 1926 724 1986 vel
777 1924 953 1986 hodie
1006 1927 1393 1985 nominantur
1447 1925 1755 1987 Licinnius
1810 1925 2074 1986 Lucusta
2130 1915 2227 2006 (D.

196 2016 303 2092 31,
332 2006 478 2095 48),
526 2014 851 2074 Atilicinus
900 2006 1001 2095 (D.
1034 2017 1227 2091 23,4,
1262 2008 1390 2093 17),
1434 2016 1636 2092 Nepos
1682 2008 1783 2098 (D.
1815 2017 2050 2091 50‚16‚
2084 2015 2228 2075 125.

196 2105 304 2180 31,
334 2096 479 2183 47),
525 2103 765 2163 Firmus
811 2096 908 2183 (D.
944 2108 1043 2181 19,
1078 2108 1133 2183 1,
1165 2106 1267 2182 38,
1300 2102 1385 2183 2),
1431 2105 1536 2183 qui
1579 2109 1642 2164 et
1685 2105 1800 2182 ipsi
1845 2103 1998 2163 iuris
2044 2104 2226 2182 periti

193 2192 459 2252 habendi
504 2196 645 2252 sunt
688 2193 789 2253 vel
832 2192 981 2253 iuris
1028 2193 1302 2253 studiosi.
1367 2194 1441 2255 cf.
1490 2193 1765 2270 Krueger
1809 2214 1865 2269 p.
1903 2194 2222 2254 154.156.

194 2280 523 2341 Atilicinus
578 2281 738 2340 idem
792 2280 1032 2341 videtur
1085 2300 1214 2342 esse
1272 2285 1452 2357 atque
1507 2284 1686 2342 notus
1740 2282 1843 2341 ille
1893 2282 2044 2341 iuris
2092 2300 2228 2341 con-

196 2364 440 2445 sultuS,r
465 2371 535 2429 de
584 2389 700 2447 quo
746 2370 905 2429 infra
945 2370 1283 2430 videndum.
1358 2371 1631 2446 fortasse,
1678 2370 1741 2429 id
1777 2371 1936 2448 quod
1971 2370 2229 2439 Neronis

195 2462 402 2519 aetate
457 2458 587 2518 fieri
638 2458 869 2535 potuit,
926 2458 999 2518 de
1054 2459 1263 2519 eodem
1315 2460 1475 2519 facto
1530 2461 1843 2519 consultus
1900 2463 1993 2520 est
2048 2462 2228 2536 atque

193 2547 456 2608 Sabinus
522 2550 583 2607 et
637 2546 879 2607 Cassius
936 2540 1033 2629 (D.
1075 2550 1177 2619 29,
1218 2551 1276 2626 7,
1318 2550 1399 2607 14
1414 2567 1502 2624 pr.
1563 2542 1747 2624 ‘quod
1810 2547 2099 2607 Sabinum
2167 2552 2228 2607 et

197 2636 477 2697 Cassium
522 2636 898 2712 respondisse
944 2636 1114 2695 aiunt
1159 2635 1416 2697 Proculo
1464 2629 1926 2717 dissentiente').

376 2724 568 2784 Sicuti
622 2724 1120 2803 consultationeS,
1186 2724 1275 2785 ita
1327 2742 1612 2801 responsa
1666 2726 1951 2802 pleraque
2006 2722 2226 2783 litteris

198 2815 349 2874 data
397 2816 555 2873 sunt.

373 2902 819 2979 Responsorum
873 2904 1107 2980 partem
1161 2902 1454 2963 Proculus
1509 2903 1823 2980 proposuit
1873 2902 1938 2960 in
1981 2901 2226 2981 Epistu-

191 2994 396 3053 larum
441 2991 638 3069 libris,
696 2991 768 3050 de
817 2992 1033 3068 quibus
1079 2992 1237 3051 infra
1281 2990 1605 3051 videndum
1651 2995 1769 3069 est3
1825 2992 1945 3051 alia
1988 2992 2229 3068 prolata

192 3084 341 3141 sunt
387 3098 425 3139 a
463 3080 718 3139 Viviano
765 3072 863 3161 (D.
896 3082 954 3156 4,
987 3081 1044 3158 6,
1075 3082 1179 3158 35,
1210 3083 1245 3140 9
1297 3074 1613 3141 ‘Vivianus
1660 3081 1866 3141 scribit
1904 3081 2227 3140 Proculum

188 3162 610 3247 respondisse'.
711 3168 781 3227 D.
823 3171 925 3245 21,
968 3171 1021 3243 1,
1066 3172 1165 3247 17,
1202 3172 1243 3228 4
1309 3162 1520 3229 ‘Idem'
1585 3188 1664 3230 sc.
1730 3167 2021 3230 Vivianus
2085 3163 2222 3228 ‘aitz

186 3259 602 3333 interrogatus
654 3256 943 3317 Proculus
1004 3256 1076 3317 de
1133 3277 1202 3317 eo
1260 3260 1364 3335 qui
1401 3304 1413 3316 .
1447 3306 1458 3317 .
1489 3304 1530 3333 .,
1589 3252 1716 3319 ait'.
1799 3259 1870 3318 cf.
1918 3258 1973 3316 D
2033 3260 2133 3333 29,
2169 3261 2224 3335 7,

194 3349 276 3407 14
292 3338 442 3428 pr.),
501 3345 741 3413 Urseio‚
767 3346 989 3407 Feroce
1045 3338 1142 3427 (D.
1187 3349 1243 3425 9,
1284 3350 1340 3419 2,
1381 3350 1483 3423 27,
1525 3351 1557 3407 1
1619 3342 1962 3407 ‘Proculum
2019 3346 2222 3405 existi-

188 3454 391 3495 masse
455 3434 706 3495 Urseius
770 3430 997 3495 refert'.
1096 3436 1169 3495 D.
1211 3437 1314 3514 39,
1355 3438 1412 3512 3,
1455 3440 1554 3512 11,
1593 3438 1630 3494 2
1699 3429 1883 3513 ‘apud
1938 3436 2224 3495 Ferocem

190 3524 489 3585 Proculus
544 3516 713 3607 ait'),
768 3524 1020 3585 Servilio
1068 3519 1167 3605 (D.
1201 3527 1303 3602 37,
1337 3528 1438 3603 14,
1472 3527 1554 3585 10
1601 3518 1878 3585 ‘Proculo
1925 3522 2220 3601 placuisse
