2575 3900
815 202 862 251 o.
909 194 1331 251 -IAVOLENUS
1367 194 1666 251 Palscns
1976 231 1979 235 -
2120 185 2254 261 4‘4‘5

769 411 869 477 De
913 417 1262 477 testamento
1308 413 1725 478 manumissis,

409 536 514 600 26.
551 534 630 601 D.
649 536 756 619 40,
778 537 836 620 7,
863 537 948 602 28
965 559 1062 620 pr.
1124 535 1467 601 Iavolenus
1496 536 1662 601 libro
1693 540 1873 601 sexto
1903 558 1980 600 ex
2010 533 2255 600 Cassia

239 661 316 672 —
375 623 452 689 Si
511 624 816 691 hereditas
876 626 1033 708 eius,
1096 627 1206 707 qui
1266 646 1529 705 serotini,
1594 626 1767 689 intra
1818 626 1947 690 dies
2001 625 2261 707 triyinta

231 715 448 779 mortis
491 734 640 779 suae
683 715 742 779 si
782 716 1053 780 rationes
1096 715 1470 800 reddidisset,
1516 714 1774 779 liberum
1818 733 1943 779 esse
1980 715 2261 797 iusserat,

220 808 366 887 post
400 803 530 868 dies
565 804 822 885 triyinta
857 804 1034 868 adita
1071 809 1176 881 est,
1217 805 1355 869 iure
1389 804 1630 885 quidem
1666 804 1871 869 stricto
1908 803 2002 867 ita
2037 822 2259 867 manu-

232 894 460 957 missus
497 892 648 957 liber
681 912 809 957 esse
841 913 969 957 non
994 897 1211 976 potest,
1247 894 1542 975 quoniam
1572 893 1921 957 condicione
1946 892 2257 975 deficitur,-

233 982 342 1047 sed
377 980 560 1062 favor
605 981 902 1046 libertatis
945 1002 1012 1047 eo
1056 1002 1186 1046 rem
1226 982 1530 1063 perduxit,
1575 986 1646 1046 ut
1687 981 2127 1062 respondeatur
2161 1001 2257 1045 ex-

220 1070 458 1154 pletam
495 1071 923 1149 condicionem,
962 1072 1020 1135 si
1041 1091 1162 1152 per
1197 1091 1353 1149 eum,
1390 1072 1493 1135 cui
1528 1071 1675 1135 data
1711 1075 1875 1153 esset,
1910 1090 2037 1135 non
2070 1074 2263 1134 staret

232 1180 352 1243 quo
395 1160 608 1224 minus
650 1158 1004 1241 eccpleretur.

960 1353 1062 1419 De
1103 1358 1268 1419 statu
1316 1354 1535 1419 liberis.

416 1479 520 1543 27.
574 1477 654 1543 D.
692 1478 848 1543 ibid.
884 1481 925 1559 ξ
960 1481 1014 1544 1.
1062 1514 1143 1524 -
1201 1476 1552 1556 Statuliber,
1607 1483 1938 1561 antequam
1990 1477 2260 1543 condicio

239 1568 535 1633 libertatis
569 1568 863 1649 optiyerit‚
898 1568 957 1632 si
991 1568 1144 1647 quid
1175 1570 1600 1649 comparasset,
1629 1567 1869 1647 peculio
1906 1567 2101 1649 leyato
2134 1587 2263 1632 non

237 1677 549 1722 cessurum
600 1657 672 1721 in
727 1656 902 1721 libris
950 1654 1108 1721 Graii
1151 1654 1356 1720 Cassii
1398 1656 1695 1738 scriptum
1739 1660 1851 1739 est,
1902 1656 2031 1721 nisi
2073 1656 2144 1721 id
2186 1656 2263 1720 le-

232 1751 450 1829 yatum
495 1746 564 1809 in
609 1750 842 1827 tempus
887 1744 1184 1809 libertatis
1224 1741 1513 1809 collatum
1546 1749 1712 1809 esset.
1791 1746 2126 1829 videamus,
2168 1765 2262 1823 ne,

235 1856 376 1900 cum
409 1834 722 1917 peculium
767 1839 825 1898 et
866 1834 1266 1899 accessionem
1310 1838 1367 1897 et
1408 1834 1801 1899 decessionem
1838 1834 2073 1917 habeat,
2118 1855 2263 1917 auq-

237 1929 512 1990 mentum
543 1944 800 2006 quoque
852 1924 984 1988 eius
1027 1923 1283 2007 peculii,
1336 1923 1395 1988 si
1446 1923 1623 1989 modo
1676 1923 1755 1989 ab
1808 1922 2018 1989 herede
2061 1922 2119 1988 ei
2161 1922 2265 1989 ab·

242 2015 437 2079 latum
491 2034 616 2078 non
669 2015 774 2092 sit,
833 2013 1025 2095 leyato
1078 2032 1389 2078 cessurum
1439 2013 1554 2090 sit‚·
1609 2016 1667 2078 et
1716 2014 1918 2096 mayis
1968 2012 2077 2078 hoo
2128 2014 2265 2077 iure

239 2103 493 2168 utimur.

879 2225 978 2291 De
1023 2227 1220 2308 operis
1267 2226 1632 2291 libertorum.

425 2352 528 2416 28.
573 2349 653 2416 D.
682 2350 786 2433 38,
818 2350 876 2435 l,
902 2350 1008 2414 21.
1089 2349 1431 2414 Iavolenus
1475 2351 1644 2414 libro
1684 2354 1864 2415 sexto
1904 2372 1981 2414 ex
2018 2347 2263 2415 Cassio.

251 2477 325 2486 —
381 2438 622 2541 Operae
653 2441 818 2541 enim
861 2440 1059 2519 [Ioco]
1103 2439 1200 2503 edi
1243 2439 1453 2541 debent
1493 2439 1603 2504 ubi
1628 2443 1935 2520 patronus
1966 2443 2264 2521 moratur,

243 2528 874 2699 sumpgigscsslicgg'elt,
898 2531 1452 2682 Ξῗωῖἶὲῗξῖιῗέ
1470 2615 1635 2681 libro
1674 2618 1857 2680 sexto
1896 2636 1975 2679 ex
2018 2612 2264 2680 Cassio.

247 2742 330 2754 -—
362 2705 616 2786 Imponi
649 2725 862 2786 operae
894 2706 1003 2788 ita,
1038 2709 1111 2770 ut
1143 2706 1272 2787 ipse
1300 2705 1549 2770 libertus
1572 2723 1636 2768 se
1660 2704 1809 2783 alat,
1846 2724 1972 2769 non
1986 2705 2265 2785 possunt.

1237 2901 1270 2965 t>

429 3025 531 3090 30.
578 3024 657 3091 D.
687 3025 792 3107 50,
819 3027 882 3110 4,
914 3026 1013 3091 12.
1094 3023 1437 3089 Iavolenus
1476 3024 1642 3090 libro
1682 3027 1865 3089 sexto
1904 3044 1982 3087 ex
2022 3021 2267 3088 Cassio.

253 3151 331 3162 —
383 3113 502 3181 Oui
543 3116 820 3181 muneris
859 3115 1090 3196 publici
1131 3115 1371 3180 vacatio
1414 3115 1620 3196 datur,
1662 3133 1789 3178 non
1827 3113 2160 3178 remittitur
2194 3113 2268 3190 ei,

241 3225 326 3270 ne
367 3206 772 3287 maqistratus
814 3205 947 3286 fiat,
991 3203 1141 3287 quia
1184 3204 1256 3268 id
1286 3205 1375 3267 ad
1403 3202 1691 3268 honorem
1724 3203 1927 3286 mayis
1960 3221 2149 3284 quam
2184 3201 2272 3266 ad

250 3314 510 3358 munera
554 3296 834 3376 pertinet.
925 3299 1119 3359 cetera
1173 3292 1412 3369 omnia,
1464 3311 1621 3374 quae
1672 3292 1759 3356 ad
1809 3297 2043 3372 tempus
2093 3295 2271 3354 extra

251 3383 526 3447 ordinem
569 3384 913 3466 exiyuntur,
957 3382 1142 3446 veluti
1183 3381 1449 3446 munitio
1492 3380 1759 3458 viarum,
1804 3379 1883 3444 ab
1918 3379 2271 3444 huiusmodi

239 3491 512 3554 persona
557 3472 851 3554 exiyenda
892 3491 1018 3536 non
1060 3473 1223 3535 sunt.
