2575 3900
852 206 903 257 o.
947 190 1368 256 IAVOLENUS'
1399 198 1699 256 Pmscns
2153 192 2287 266 443

257 363 608 446 aedifieitom
653 363 1008 446 impositum
1051 369 1156 444 est,
1201 368 1529 446 utrumque
1562 362 1869 430 debebitur
1902 369 1962 429 et
1992 364 2193 429 solam
2230 368 2289 430 et

255 453 666 593 *Wfioeum'
873 522 974 589 De
1016 523 1341 589 hereditate
1384 523 1673 591 vendita?
1779 534 1783 543 ·

441 631 540 695 16.
584 627 664 694 D.
692 630 754 714 5,
781 630 843 713 3,
868 628 976 695 48.
1060 628 1403 696 Iavolenus
1450 629 1620 695 libro
1664 626 1865 695 tertio
1912 652 1992 694 ex
2035 627 2283 696 Cassio.

254 754 348 767 -—
390 718 478 783 In
521 720 1048 785 aestimationibus
1090 719 1445 785 hereditatis
1488 719 1579 784 ita
1624 720 1789 785 venit
1821 720 2097 801 prauam
2142 740 2285 785 ven-

253 809 421 873 ditae
462 807 831 891 hereditatis,
874 812 946 873 ut
987 809 1058 873 id
1097 828 1333 891 quoque
1375 809 1634 892 accedat,
1678 808 1841 891 quod
1870 808 2021 890 plus
2052 806 2183 889 fuit
2214 809 2286 873 in

253 896 598 980 hereditate,
643 898 702 961 si
745 918 820 961 ea
861 897 1289 981 neyotiationis
1332 917 1521 962 caasa
1564 898 1783 975 veniit;
1828 898 1927 961 sin
1972 902 2177 962 autem
2211 917 2287 962 ex

252 986 708 1069 fideicommissi
749 1006 957 1068 eausa,
1001 985 1162 1051 nihil
1207 986 1482 1070 amplias
1524 1007 1715 1069 qaam
1758 986 1919 1069 quod
1960 985 2121 1052 bona
2164 986 2287 1068 fide

254 1075 501 1157 accepit
904 1144 1006 1211 De
1047 1144 1375 1211 hereditate
1420 1144 1634 1211 liberti.

438 1252 534 1316 17.
582 1249 661 1315 D.
691 1252 795 1336 38,
822 1253 886 1338 2,
913 1251 1015 1316 34.
1088 1251 1433 1316 Iavolenus
1476 1251 1643 1317 libro
1682 1251 1880 1317 tertio
1918 1272 1996 1315 ex
2037 1248 2282 1317 cassin.

253 1375 344 1388 —-
387 1338 464 1405 Si
509 1339 772 1424 libertas,
795 1348 956 1406 'eum
991 1342 1144 1406 daos
1166 1344 1471 1425 patronos
1505 1339 1763 1423 haberet,
1807 1341 2075 1405 alteram
2100 1361 2285 1423 prae·

257 1428 439 1511 teriit,
483 1429 746 1494 alterum
790 1450 866 1495 ea:
908 1430 1152 1495 semisse
1192 1430 1339 1511 feeit
1380 1429 1653 1494 heredem
1687 1433 1746 1494 et
1778 1430 1961 1495 alteri
1994 1434 2283 1495 extraneo

253 1518 562 1583 semissem
585 1517 922 1604 dereliquit,
947 1520 1213 1602 scriptas
1229 1518 1475 1600 quidem
1492 1522 1799 1600 patronas
1818 1517 2246 1601 quadrantem
2259 1514 2283 1556 ¹

252 1608 589 1671 immunem
650 1606 858 1684 habet‚·
922 1608 995 1672 de
1051 1612 1247 1673 cetera
1300 1612 1507 1675 autem
1547 1612 1734 1689 parte
1772 1608 2063 1690 patroni,
2126 1627 2283 1689 quae

252 1715 446 1779 supra
489 1696 755 1760 debitum
787 1696 849 1761 ei
881 1695 1094 1761 relicta
1127 1701 1232 1776 est,
1275 1701 1335 1761 et
1366 1698 1439 1762 de
1474 1696 1720 1761 semisse
1754 1701 2039 1761 extraneo
2075 1697 2282 1763 relicto

251 1784 438 1849 alteri
471 1789 741 1872 patrono
778 1805 898 1866 pro
939 1788 1084 1850 rata
1119 1785 1402 1868 portione
1443 1785 1738 1867 satisfieri
1780 1789 2021 1867 oportet.

1083 1969 1301 2028 Liber
1343 1967 1450 2029 IV.

977 2068 1079 2135 De
1121 2071 1257 2134 iare
1301 2071 1554 2134 dotium.

433 2175 534 2240 18.
574 2173 649 2240 D.
669 2175 774 2258 23,
793 2176 856 2258 4,
885 2176 919 2240 1
936 2198 1031 2260 pr.
1094 2175 1438 2241 Iavolenus
1467 2176 1637 2241 libro
1666 2181 1900 2259 quarto
1930 2171 2274 2242 ex‘Oassio.

249 2299 338 2310 —
367 2261 618 2329 Pacisci
632 2269 779 2346 post
799 2266 1069 2346 nuptias,
1104 2266 1351 2330 etiamsi
1374 2265 1537 2330 nihil
1563 2271 1707 2330 ante
1733 2266 2087 2344 convenerit,
2126 2266 2280 2331 lieet.

433 2351 534 2417 19.
593 2351 670 2417 D.
707 2352 858 2417 ibid.
897 2357 938 2432 ξ
971 2355 1027 2419 1.
1078 2390 1154 2400 -
1205 2353 1403 2418 Pacta
1454 2374 1613 2436 quae
1666 2355 1739 2434 de
1787 2355 2098 2419 reddenda
2145 2355 2281 2419 dote

251 2441 442 2526 fiunt,
495 2442 657 2505 inter
700 2461 906 2507 omnes
949 2443 1090 2523 sieri
1133 2446 1388 2527 oportet,
1439 2443 1549 2524 qai
1592 2447 1853 2526 repetere
1895 2443 2091 2508 dotem
2136 2447 2193 2508 et
2237 2465 2280 2508 a

252 2528 474 2610 quibus
517 2531 708 2612 repeti
738 2535 957 2615 potest,
1000 2551 1078 2596 ne
1120 2532 1194 2612 ei,
1239 2531 1349 2613 qui
1388 2551 1516 2595 non
1560 2532 1861 2613 interfuit,
1906 2533 2077 2614 apud
2114 2531 2278 2597 arbi-

256 2623 424 2681 trum
468 2624 905 2700 eoynoseentem
937 2623 1197 2701 paetum
1241 2640 1367 2684 non
1400 2619 1621 2701 prosit.

430 2707 535 2771 20.
582 2706 658 2770 Ι).
688 2707 794 2789 23,
822 2707 881 2790 3,
909 2708 1012 2772 64.
1085 2706 1429 2773 Iavolenus
1459 2708 1628 2773 libro
1659 2711 1893 2793 quarto
1922 2729 1999 2772 ex
2028 2704 2276 2773 Cassio·

251 2830 341 2840 —
397 2794 554 2860 Post
609 2797 939 2862 divortium
1002 2796 1228 2862 mlier
1287 2798 1348 2862 si
1408 2799 1481 2862 de
1533 2798 1668 2866 dote
1720 2795 2061 2881 [maritas]
2114 2797 2277 2863 nihil

251 2885 415 2949 eavit
466 2888 544 2966 et,
604 2904 745 2950 eum
798 2885 916 2950 alii
968 2887 1300 2969 nupsisset,
1343 2889 1557 2968 postea
1611 2886 1699 2951 ad
1742 2886 2017 2970 priorem
2068 2887 2279 2951 virum

248 2974 448 3051 rediit,
494 2974 674 3039 tacite
717 2975 827 3039 dos
868 2975 925 3039 ei
966 2976 1435 3058 redinteyratar.

1095 3156 1316 3217 Liber
1359 3157 1433 3219 V.

1083 3256 1186 3324 De
1230 3258 1446 3324 tutelis.

429 3366 533 3430 21.
578 3364 652 3430 D.
685 3365 790 3442 26,
819 3365 881 3447 2,
908 3365 1013 3430 24.
1086 3363 1427 3430 Iavolenus
1466 3364 1633 3430 libro
1664 3365 1889 3448 quinto
1920 3386 1998 3430 ex
2026 3362 2274 3430 Cassio·

253 3488 338 3502 -—
385 3452 461 3519 Si
494 3454 710 3536 plures
755 3457 978 3518 tutores
1019 3453 1164 3536 sint,
1207 3474 1250 3517 a
1280 3458 1568 3536 praetore
1610 3450 1911 3519 tutorem²
1938 3454 2112 3536 posei
2146 3454 2278 3519 litis

397 3578 427 3627 1
469 3573 619 3629 Trib.
657 3572 906 3628 debitam
943 3571 1054 3627 eibi
1087 3575 1324 3642 partem.
1469 3579 1501 3626 2
1545 3574 1694 3630 Trib.
1733 3575 2060 3629 curatorem.
