2575 3900
328 191 457 258 316
530 192 597 248 V.
635 191 937 248 NERVAE
973 191 1067 246 ET
1104 191 1409 246 'I'RAIANI
1443 189 1657 247 TEMP.
1695 190 1889 247 IURIS
1925 189 2282 246 CONSULTI

326 361 486 439 quod
538 361 696 421 idem
754 360 1337 421 senatusconsultum
1392 377 1522 419 esse
1574 359 1800 438 iudico,
1857 359 1930 420 de
1986 377 2101 437 quo
2157 358 2349 420 Gaius

323 451 395 512 D.
428 453 528 526 27,
561 453 663 528 10,
692 452 729 510 5
777 449 986 509 tradit.

1164 643 1382 704 Liber
1425 643 1505 706 ΙΙ.

882 762 982 830 De
1025 761 1436 848 adquirenda',
1451 762 1792 830 hereditate.

504 870 562 935 9.
608 870 687 936 D.
715 871 821 954 29,
848 871 910 953 2,
936 870 1042 936 59.
1130 869 1436 936 Neratius
1482 870 1651 934 libro
1698 869 1978 934 secundo
2025 869 2348 936 Membra-

326 980 572 1024 narum.
626 994 699 1004 —
754 957 879 1034 Qui
932 959 1103 1044 patri
1159 958 1348 1023 heres
1405 957 1656 1023 exstitit
1711 957 1767 1022 si
1821 958 1993 1022 idem
2046 958 2181 1024 filio
2227 961 2352 1023 im·

325 1047 552 1132 puberi
617 1047 1006 1112 substitutus
1072 1051 1197 1128 est,
1258 1068 1392 1111 non
1455 1050 1671 1131 potest
1729 1046 2154 1112 hereditatem
2209 1047 2350 1113 eius

325 1137 855 1220 praetermittere.
921 1135 1091 1220 quod
1132 1136 1224 1200 sic
1260 1135 1700 1220 recipiendum
1729 1139 1846 1219 est,
1885 1135 2083 1200 etiam
2113 1136 2170 1200 si
2197 1138 2350 1201 vivo

325 1224 574 1311 pupillo
630 1228 921 1289 mortuus
978 1225 1128 1307 erit,
1184 1224 1414 1288 deinde
1459 1223 1746 1308 pupillus
1792 1223 2088 1308 impubes
2135 1225 2352 1290 deces-

328 1314 503 1378 serit.
604 1315 782 1394 [nam
845 1313 901 1377 is
967 1314 1073 1396 qui
1136 1313 1324 1377 heres
1390 1312 1713 1377 exstiterit
1776 1313 2026 1396 pupillo
2095 1333 2350 1398 quoque

324 1401 513 1467 heres
558 1401 918 1467 necessario
965 1402 1134 1482 erit]
1190 1423 1344 1466 nam
1400 1403 1457 1466 si
1501 1400 1715 1485 ipsum
1759 1402 2036 1466 invitum
2081 1402 2352 1487 obligat,

329 1490 633 1576 coniungi
688 1512 833 1556 eam
885 1493 1194 1575 paternae
1247 1489 1596 1554 hereditati
1641 1494 1707 1554 et
1752 1489 2161 1556 adcrescendi
2208 1491 2350 1555 iure

329 1579 581 1664 adquiri
627 1580 1003 1665 cuicumque
1048 1579 1255 1662 patris
1300 1577 1522 1643 heredi
1571 1577 2069 1643 existimandum
2118 1583 2231 1644 est

1053 1737 1153 1803 De
1196 1739 1332 1803 iure
1376 1736 1630 1802 dotium.

510 1846 610 1911 10.
666 1845 744 1910 D.
776 1846 877 1930 12,
904 1845 965 1928 4,
996 1845 1055 1910 8.
1145 1843 1451 1909 Neratius
1498 1843 1665 1909 libro
1715 1845 1989 1910 secundo
2035 1844 2352 1912 Membra-

328 1957 575 2001 narum.
626 1972 702 1984 —
755 1932 939 2011 Quod
996 1932 1251 1999 Servius
1309 1933 1377 1998 in
1431 1933 1598 1999 libro
1655 1932 1732 1998 de
1788 1933 2049 2000 dotibus
2105 1936 2352 2020 scribit,

330 2024 387 2090 si
440 2025 608 2090 inter
664 2045 771 2089 eas
818 2044 1154 2107 personae,
1211 2045 1483 2107 quarum
1531 2023 1737 2087 altera
1779 2022 2066 2087 nondum
2110 2025 2350 2090 iustam

331 2118 611 2179 aetatem
648 2113 903 2194 habeat,
940 2112 1217 2195 nuptiae'
1244 2112 1456 2176 factae
1495 2111 1644 2196 sint,
1682 2111 1850 2196 quod
1881 2112 2053 2177 dotis
2085 2115 2348 2179 nomine

328 2202 590 2268 interim
639 2200 858 2265 datum
906 2201 1009 2282 sit,
1053 2200 1256 2284 repeti
1300 2221 1512 2286 posse,
1557 2201 1648 2264 sic
1685 2200 2192 2286 intellegendum
2230 2207 2352 2284 est,

328 2298 421 2374 ut,
468 2292 524 2355 si
572 2289 921 2354 divortium
966 2289 1420 2374 intercesserit,
1463 2288 1839 2373 priusquam
1883 2295 2158 2375 utraque
2203 2314 2348 2375 per-

330 2402 491 2446 sona
525 2379 764 2443 iustam
804 2380 1086 2443 aetatem
1114 2377 1372 2463 habeat,
1409 2376 1496 2441 sit
1525 2377 1660 2442 eius
1687 2378 1997 2461 pecuniae
2025 2381 2350 2464 repetitiO,

329 2469 531 2534 donec
580 2471 797 2532 autem
843 2468 912 2531 in
959 2466 1184 2532 eodem
1230 2466 1459 2531 habitu
1506 2467 1903 2531 matrimonii
1950 2472 2348 2552 permanent,

327 2579 460 2622 non
504 2556 713 2643 magis
760 2555 825 2620 id
870 2555 1077 2640 repeti
1119 2557 1344 2639 possit,
1391 2577 1582 2639 quam
1621 2553 1792 2638 quod
1831 2577 2070 2639 sponsa
2109 2578 2348 2641 sponso

330 2646 499 2712 dotis
535 2648 798 2711 nomine
836 2644 1098 2729 dederit,
1134 2644 1337 2709 donec
1373 2647 1636 2707 maneat
1670 2643 1839 2707 inter
1876 2665 1984 2709 eos
2024 2644 2348 2729 adfinitas3

330 2735 498 2822 quod
574 2736 744 2799 enim
813 2756 890 2797 ex
954 2755 1030 2798 ea
1092 2753 1287 2797 causa
1348 2731 1635 2797 nondum
1700 2732 1870 2797 coito
1936 2734 2349 2800 matrimonio

328 2827 539 2901 datur,
586 2845 731 2888 cum
779 2823 870 2887 sic
915 2821 1099 2886 detur
1143 2824 1472 2904 tamquam
1514 2823 1582 2884 in
1619 2821 1837 2885 dotem
1872 2826 2351 2907 perventurum,

330 2911 637 2997 quamdiu
681 2912 1017 2995 pervenire
1063 2914 1311 2995 potest,
1357 2909 1661 2993 repetitio
1710 2910 1846 2975 eius
1892 2932 2021 2976 non
2068 2916 2187 2976 est.

506 3004 727 3064 Utrum
768 3007 904 3079 post
938 3003 1162 3062 lib‘rum
1198 3004 1269 3063 de
1308 3003 1538 3079 nuptiis
1577 2995 1788 3085 (supra
1824 3025 1880 3080 p.
1923 2995 2080 3085 295)
2120 3003 2353 3069 editum

330 3112 407 3153 an
454 3096 631 3152 antea
675 3094 823 3152 haec
870 3092 1093 3168 scripta
1140 3093 1285 3169 sint,
1331 3092 1626 3152 incertum
1673 3098 1778 3152 est.

514 3194 612 3259 11.
658 3193 736 3259 D.
756 3193 860 3277 25,
884 3197 941 3279 1,
965 3193 1062 3259 15.
1146 3192 1452 3258 Neratius
1499 3192 1669 3258 libro
1717 3194 1993 3259 secundo
2031 3193 2353 3260 Membra-

331 3305 579 3348 narum.
621 3318 697 3330 —
740 3281 923 3359 Quod
971 3281 1203 3346 dicitur
1247 3282 1592 3365 impensae,
1638 3304 1798 3365 quae
1843 3282 1914 3345 in
1959 3304 2061 3347 res
2102 3284 2350 3349 dotales

328 3373 690 3437 necessario
755 3372 966 3437 factae
1034 3375 1212 3456 sunt,
1277 3370 1492 3436 dotem
1551 3370 1940 3453 deminuere,
2005 3372 2098 3437 ita
2151 3371 2350 3437 inter-

330 3461 715 3545 pretandum
762 3466 889 3544 est,
934 3463 1025 3541 ut,
1076 3458 1131 3522 si
1178 3459 1329 3542 quid
1377 3462 1560 3523 extra
1604 3459 1871 3523 tutelam
1917 3461 2352 3526 necessariam

330 3550 398 3614 in
443 3571 544 3614 res
593 3549 843 3614 dotales
891 3550 1253 3631 impensum
1304 3553 1419 3631 est,
1465 3546 1531 3611 id
1577 3546 1645 3609 in
1692 3569 1766 3612 ca
1810 3570 2005 3614 causa
2044 3551 2158 3634 sit3
2196 3572 2353 3614 nam
