2575 3900
945 195 996 245 5.
1040 188 1274 245 TITIUS
1310 189 1574 246 ARJSTO
2134 188 2263 253 373

711 430 790 488 H.
852 430 1164 489 Decreta.
1207 425 1800 508 Front<on>iana.

425 570 787 631 Triboniano
836 575 990 631 teste
1036 571 1400 648 Pomponius
1444 573 1507 630 in
1551 572 1707 631 libro
1757 572 1947 647 primo
1995 572 2263 631 senatus-

244 662 653 721 consultorum
688 660 762 719 D.
795 664 897 740 29,
927 663 986 739 2,
1019 662 1098 721 99
1142 659 1289 720 11000
1336 661 1597 737 scripsit:
1646 654 1872 720 ‘Aristo
1910 660 1975 718 in
2010 659 2264 719 decretis

242 749 586 809 Frontianis
623 750 713 809 ita
747 744 973 809 refert'.
1046 749 1263 825 quibus
1301 767 1436 808 cum
1476 750 1729 809 decretis
1756 747 1931 808 Pauli
1966 747 2121 809 liber
2146 748 2263 807 De-

245 841 545 899 cretorum
595 832 684 917 (P.
716 830 1006 919 56—80)
1055 838 1291 896 videtur
1341 838 1797 914 comparandus,
1843 842 2264 914 praeterquam

243 926 406 1003 quod
460 926 571 986 hoc
626 945 803 1003 opere
856 927 1264 1005 imperatoriS‚
1327 927 1432 985 1110
1488 926 1746 987 consulis
1802 926 2140 1003 cuiusdam,
2202 925 2265 984 id

246 1016 408 1094 quod
454 1015 769 1091 Pomponii
823 1015 976 1075 liber
1030 1018 1270 1075 senatus
1316 1016 1729 1075 consultorum
1774 1018 1979 1092 aperte
2023 1014 2263 1087 indicat,

243 1106 489 1164 decreta
539 1105 1042 1180 proponebantur.
1133 1104 1413 1165 Karlowa
1456 1104 1487 1163 I
1513 1124 1570 1181 p.
1604 1106 1746 1165 700.
1837 1104 1981 1162 Atei
2030 1121 2265 1180 quoque

244 1192 555 1269 Capitonis
601 1193 862 1252 consulis
910 1193 1134 1252 decreti
1178 1194 1527 1252 memoriam
1569 1193 1633 1251 111
1669 1193 1816 1251 iuris
1853 1192 2265 1253 consultorum

247 1282 423 1342 libris
471 1285 673 1341 extare
722 1300 903 1358 supra
946 1280 1010 1340 Π
1035 1302 1092 1359 p.
1116 1283 1239 1341 267
1289 1282 1566 1341 vidimus.
1640 1282 1846 1341 Aristo
1892 1281 2083 1359 igitur
2130 1299 2265 1340 con-

244 1370 395 1431 sulis
449 1370 759 1430 cuiusdam
816 1370 1058 1430 decreta
1110 1370 1547 1447 memorabilia,
1612 1370 1840 1429 scilicet
1894 1389 1965 1429 ex
2022 1372 2265 1428 senatus

245 1459 545 1519 sententia
598 1459 786 1534 facta,
840 1458 1080 1519 videtur
1135 1459 1417 1534 edidisse,
1476 1477 1730 1537 quocum
1783 1459 2062 1519 convenit
2106 1458 2264 1535 quod

243 1547 500 1608 eundem
553 1547 897 1607 Aristonem
955 1542 1050 1607 ‘de
1107 1550 1351 1608 senatus
1399 1540 1679 1607 decretis'
1736 1548 2078 1607 consultum
2131 1565 2264 1606 esse

243 1654 427 1713 supra
469 1657 527 1713 p.
559 1638 684 1697 365
731 1635 1005 1697 vidimus

425 1726 555 1783 Iam
611 1725 947 1801 quaeritur,
1013 1724 1144 1801 quis
1207 1724 1313 1784 1110
1376 1726 1584 1784 consul
1638 1725 1836 1785 fuerit.
1935 1724 2266 1784 Mommsen

246 1815 308 1873 Z.
338 1814 378 1873 f.
409 1812 533 1873 RG.
564 1812 681 1871 VII
709 1815 836 1873 476
885 1832 942 1873 n.
974 1816 1010 1874 3
1051 1813 1161 1873 ait:
1213 1808 1541 1874 ε171011010111
1582 1814 1665 1873 ist
1708 1832 1779 1873 zu
1825 1814 1989 1873 lesen
2025 1813 2266 1872 decreta

245 1902 642 1963 Frontiniana
661 1902 783 1962 und
802 1922 873 1961 zu
895 1902 1125 1962 denken
1145 1921 1222 1962 an
1241 1903 1357 1962 den
1377 1904 1465 1962 als
1480 1901 1865 1963 Staatsmann
1880 1903 2000 1962 und
2010 1901 2263 1963 Schrift-

246 1993 456 2053 stellet
500 1990 697 2069 gleich
742 1992 1271 2069 ausgezeichneten
1318 1992 1449 2052 Sex.
1496 1991 1607 2052 Iul.
1646 1992 1988 2070 Frontinus,
2033 1991 2266 2052 Konsul

245 2101 382 2140 zum
411 2084 609 2141 ersten
635 2079 760 2139 Mal
788 2083 962 2139 unter
988 2080 1311 2151 Domitian,
1349 2101 1483 2140 zum
1508 2081 1758 2141 zweiten
1781 2081 1938 2145 Male
1965 2082 2049 2139 im
2075 2081 2131 2140 J.
2162 2083 2264 2154 97,

241 2190 380 2230 zum
409 2170 637 2228 dritten
661 2169 785 2227 Mal
811 2169 894 2228 im
920 2169 977 2227 J.
1010 2163 1177 2229 100’.
1251 2169 1534 2231 Karlowa
1560 2170 1599 2228 1.
1628 2188 1673 2231 0.
1704 2170 1979 2246 fortasse,
2014 2169 2076 2230 id
2104 2169 2262 2246 quod

240 2258 437 2334 magis
481 2257 696 2333 placet,
733 2257 806 2316 de
845 2255 1119 2317 Cornelio
1157 2258 1476 2333 Frontone,
1513 2259 1755 2318 consule
1793 2259 1935 2318 anni
1977 2260 2121 2335 100,
2158 2257 2259 2335 agi

244 2347 480 2406 conicit.
572 2346 643 2405 cf.
672 2345 860 2405 Lenel
895 2346 961 2405 P.
989 2345 1018 2403 I
1057 2346 1165 2406 col.
1198 2349 1278 2406 59
1319 2367 1375 2406 11.
1411 2351 1466 2406 1.

425 2464 502 2529 D.
522 2464 628 2546 29,
648 2465 708 2548 2,
729 2464 832 2528 99.
902 2463 1299 2552 Pomponius
1347 2464 1513 2529 libro
1561 2466 1771 2550 primo
1814 2469 2077 2534 senatus
2115 2485 2264 2529 con-

249 2553 562 2618 sultorum
599 2550 700 2639 (P.
721 2551 902 2640 806).
934 2589 1011 2600 —-
1049 2553 1323 2619 Aristo
1305 2575 1373 2618 m
1410 2553 1679 2618 decretis
1716 2551 2261 2637 Front<on>ianis

246 2641 343 2705 ita
396 2640 622 2707 refert.
677 2663 822 2708 cum
887 2641 1048 2708 duae
1104 2641 1274 2707 filiae
1330 2642 1503 2727 patri
1549 2641 1952 2707 necessariae
1996 2640 2263 2706 heredes

247 2729 673 2814 exstitissent,
728 2731 933 2794 altera
987 2752 1056 2796 se
1110 2735 1383 2816 paterna
1435 2731 1839 2796 abstinuerat
1886 2728 2263 2814 hereditate,

247 2819 453 2884 altera
488 2819 662 2884 bona
697 2821 968 2904 paterna
1003 2819 1325 2884 vindicare
1364 2823 1701 2904 totumque
1740 2841 1903 2885 onus
1942 2817 2263 2904 suscipere

244 2912 476 2993 parata
505 2912 662 2972 erat.
735 2912 1030 2973 sanctum
1060 2906 1357 2974 Cassium
1384 2913 1747 2993 praetorem
1778 2930 1974 2974 causa
2000 2907 2265 2993 cognita

247 2996 532 3062 actiones
589 2996 1012 3062 hereditarias
1067 2997 1261 3062 utiles
1318 2998 1621 3063 daturum
1674 3001 1849 3064 recte
1903 2996 2263 3082 pollicitum

247 3086 324 3171 ei,
360 3106 524 3169 quae
563 3084 642 3149 ad
679 3084 1102 3150 hereditatem
1140 3087 1344 3170 patris
1385 3091 1740 3153 accesserat
1771 3086 2263 3174 denegaturum-

247 3195 368 3260 que
417 3174 502 3258 ei,
548 3195 711 3258 quae
759 3195 826 3238 se
874 3174 1292 3240 abstinuerat.

422 3285 511 3344 De
577 3284 782 3345 Cassio
845 3287 1122 3361 praetore
1184 3305 1238 3346 v.
1298 3305 1480 3364 supra
1530 3308 1589 3364 p.
1638 3289 1740 3347 27.
1840 3285 2143 3346 decretum
2188 3284 2263 3345 de

247 3395 362 3452 quo
401 3393 593 3434 sermo
632 3377 742 3452 est,
788 3373 864 3433 ad
902 3377 1142 3434 senatus
1180 3377 1516 3435 consultum
1550 3375 1930 3435 Velleianum
1966 3374 2264 3451 pertinere

245 3463 431 3523 Lenel
476 3461 538 3521 P.
566 3461 630 3521 Π
673 3462 784 3522 col.
816 3463 938 3523 149
987 3482 1044 3522 11.
1078 3466 1110 3521 1
1170 3466 1333 3523 recte
1378 3464 1617 3568 conicit:
1677 3456 2142 3525 ‘animadvertas
2188 3463 2262 3521 de

244 3551 484 3612 filiabus
531 3551 658 3628 agi,
701 3567 822 3610 non
868 3551 942 3611 de
985 3544 1167 3610 filiis'.
