2575 3900
285 188 410 253 172
440 190 536 245 111.
558 191 710 247 GAII
729 191 1025 249 CLAUDII
1044 192 1316 250 NERON.
1338 193 1625 249 GALBAE
1643 192 1858 248 TEMP.
1876 190 2071 247 IURIS
2091 191 2296 249 CONS.

276 358 460 423 etiam
508 359 699 420 Cassii
738 353 815 422 'et
858 362 1100 423 Proculi
1156 362 1482 423 sententias
1535 361 1840 421 rettulisse
1894 362 2124 420 certum
2175 362 2292 437 est3

276 467 395 508 non
439 468 674 525 rursuS,
728 450 792 509 id
844 452 1003 527 quod
1060 452 1339 512 Karlowa
1390 452 1431 511 1.
1470 470 1519 511 c.
1573 450 1878 509 existimat
1928 468 2119 526 neque
2163 449 2294 508 ullo

275 537 489 597 idoneo
545 539 885 599 testimonio
940 540 1181 617 probat,
1238 560 1275 598 a
1332 538 1538 600 Cassio
1593 540 1777 598 etiam
1831 538 2110 597 Urseium
2164 538 2292 596 lau-

277 625 485 684 datum
549 645 694 687 esse.
785 647 892 688 nec
946 630 1142 705 magis
1196 628 1572 705 probandum
1626 630 1744 703 est,
1807 626 1966 703 quod
2019 626 2295 702 Krueger

274 734 332 789 p.
375 717 499 775 160
555 717 883 795 existimat,
937 717 1117 777 Ursei
1160 717 1406 793 propria.
1452 735 1686 793 quoque
1730 732 2017 791 responsa
2061 714 2293 791 referri,

273 802 455 863 immo
508 805 660 865 talia
711 825 905 883 neque
950 806 1014 865 in
1058 805 1279 865 Iuliani
1326 805 1497 865 libris
1545 805 1621 864 ad
1667 804 1949 864 Urseium
1993 821 2184 879 neque
2230 803 2294 861 in

275 892 491 951 ceteris
550 894 930 970 fragmentis,
996 894 1211 971 quibus
1265 893 1513 953 Urseius
1568 893 1883 967 laudatur,
1946 895 2110 952 certa
2161 892 2294 950 ulla.

280 976 825 1055 deprehenduntur.

454 1069 664 1129 Sabini
720 1070 1027 1147 Cassiique
1083 1071 1418 1132 auditorem
1472 1070 1753 1130 Urseium
1807 1070 1995 1129 fuisse
2053 1069 2293 1129 videtur

274 1157 537 1219 indicare
582 1160 654 1218 D.
685 1162 787 1236 24,
820 1161 877 1231 3,
908 1162 1019 1237 59,
1074 1161 1178 1220 ubi
1232 1160 1382 1220 haec
1434 1161 1746 1237 leguntur:
1803 1154 2084 1218 ‘Sabinus
2135 1158 2291 1216 dice-

274 1246 419 1306 bat.
454 1291 467 1307 .
498 1292 512 1307 .
543 1247 728 1307 Gaius
784 1243 984 1308 idem'.
1074 1249 1146 1308 cf.
1194 1250 1355 1307 Buhl
1398 1270 1459 1325 p.
1491 1252 1601 1326 59,
1655 1248 1937 1307 Karlowa.
1980 1247 2011 1306 I
2055 1267 2113 1322 p.
2145 1248 2290 1307 694.

275 1335 517 1395 Proculi
570 1355 804 1413 quoque
861 1337 1179 1415 diligenter
1230 1338 1528 1397 rationem
1583 1338 1658 1396 ab
1715 1356 1782 1397 eo
1837 1335 2105 1396 habitam
2161 1352 2294 1393 esse

276 1423 397 1483 alia
440 1426 779 1501 fragmenta
822 1426 1079 1502 probant
1117 1418 1387 1507 (praeter
1420 1427 1489 1485 D.
1523 1429 1579 1503 9,
1610 1427 1668 1503 2,
1702 1428 1758 1501 9,
1789 1427 1824 1483 2
1867 1424 2049 1483 etiam
2085 1424 2155 1482 D.
2190 1425 2291 1499 23,

278 1514 335 1591 3,
366 1515 450 1573 48
502 1508 537 1572 ‘.
568 1560 581 1573 .
614 1560 627 1573 .
656 1513 945 1574 Proculus
993 1515 1302 1591 respondit
1331 1560 1345 1574 .
1375 1561 1387 1574 .
1419 1562 1431 1575 .
1461 1514 1731 1576 Iulianus
1777 1516 1951 1574 notat
1981 1558 1996 1572 .
2025 1558 2037 1571 .
2069 1505 2156 1593 .').

1159 1721 1171 1736 .
1212 1722 1225 1734 .
1272 1674 1468 1736 libri.

448 1777 730 1838 Urseium
772 1780 957 1839 libros
995 1780 1214 1841 Sabino
1259 1783 1498 1841 mortuo
1546 1778 1801 1838 edidisse
1847 1778 2081 1837 Ferrini
2129 1778 2290 1837 arch.

272 1866 423 1945 giur.
470 1867 757 1927 XXXVII
797 1889 856 1944 p.
887 1870 1009 1929 331
1071 1872 1132 1929 et
1187 1870 1372 1928 Lenel
1416 1868 1482 1929 P.
1519 1868 1581 1927 II
1626 1868 1734 1926 col.
1771 1870 1934 1927 1201
1985 1886 2039 1925 n.
2077 1869 2109 1925 1
2159 1866 2292 1925 iure

271 1956 551 2016 videntur
606 1957 972 2036 existimar03
1028 1960 1265 2036 scripsit
1320 1958 1478 2018 enim
1531 1956 1777 2016 Urseius
1832 1957 1904 2015 D.
1945 1958 2057 2032 24,
2097 1959 2164 2031 3,
2207 1960 2290 2016 59

272 2039 552 2105 ‘Sabinus
608 2040 883 2105 dicebat'.
975 2049 1168 2123 operis
1222 2049 1375 2107 liber
1431 2047 1692 2106 decimus
1749 2045 1998 2104 affertur
2049 2045 2125 2103 ab
2181 2044 2287 2103 Ul-

270 2134 449 2210 piano
506 2127 747 2215 (Collat.
789 2138 888 2212 12,
930 2138 987 2212 7,
1028 2141 1062 2196 9
1122 2131 1299 2196 ‘libro
1345 2136 1401 2195 X
1445 2134 1690 2194 Urseius
1745 2127 2006 2214 refert'),
2052 2152 2168 2209 quo
2217 2133 2291 2193 de

271 2240 519 2282 numero
581 2242 699 2282 non
763 2227 854 2283 est
916 2244 1021 2285 cur
1084 2226 1439 2285 dubitemus,
1533 2223 1606 2282 cf.
1653 2222 1931 2282 Karlowa
1977 2220 2006 2279 I
2049 2241 2106 2298 p.
2139 2224 2294 2281 693.-

271 2311 414 2370 libri
481 2331 517 2370 a
579 2312 808 2373 Iuliano
872 2315 950 2372 ad
1005 2313 1283 2373 Urseium
1349 2313 1580 2390 scripti,
1638 2330 1890 2387 quorum
1951 2311 2293 2386 fragmenta

270 2400 335 2460 P.
377 2402 723 2461 883—928
774 2403 1039 2480 exhibet,
1095 2406 1379 2478 quattuor
1427 2403 1666 2460 tantum
1710 2399 2040 2459 afferuntur
2075 2445 2088 2459 .
2132 2393 2291 2474 quod

270 2489 335 2546 in
380 2491 686 2548 auctorum
734 2490 929 2551 indice
973 2491 1200 2569 legitur
1244 2483 1596 2550 εἸουλιανοῦ
1641 2487 1715 2547 ad
1761 2488 2042 2546 Urseium
2086 2486 2286 2566 βιβλία

268 2572 539 2656 τέσσαρα’
602 2578 772 2656 isque
834 2599 1118 2639 numerus
1181 2579 1536 2656 fragmentis
1589 2577 1888 2654 plerisque
1944 2595 2015 2636 ex
2068 2577 2289 2635 Iuliani

270 2684 447 2742 opere
520 2669 583 2726 in
645 2668 963 2727 Iustiniani
1025 2669 1275 2747 Digesta
1346 2667 1603 2743 receptis
1669 2665 2076 2741 confirmatur,
2154 2658 2296 2724 cum*

268 2773 572 2855 nunquam
642 2756 915 2816 Iulianus
998 2751 1094 2816 ‘ex
1165 2751 1422 2833 Urseio',
1508 2773 1741 2830 semper
1815 2747 1915 2811 ‘ad
1984 2747 2290 2812 Urseium'

270 2844 577 2919 scripsisse
617 2844 868 2920 dicatur,
906 2865 977 2905 ex
1011 2846 1230 2905 Iuliani
1264 2864 1440 2921 opere
1469 2844 1731 2920 plurium
1757 2841 2051 2902 librorum
2077 2846 2289 2918 postea

270 2931 572 3007 epitomen
626 2932 848 2992 factam
902 2952 1032 2993 esse
1085 2934 1312 2994 indicat
1367 2936 1652 3012 quattuor
1694 2933 1932 2990 tantum
1976 2930 2286 3007 librorum,

269 3038 423 3097 quae
470 3018 545 3078 ad
588 3019 911 3081 Iustiniani
955 3025 1215 3083 aetatem
1259 3022 1549 3098 pervenit.
1666 3061 1671 3066 ·

447 3108 804 3183 Priusquam
834 3109 906 3169 de
933 3111 1133 3171 Urseii
1161 3131 1338 3188 opere
1369 3114 1724 3182 statuamus,
1768 3107 1840 3166 de
1868 3107 2089 3167 Iuliani
2115 3107 2293 3168 libris

268 3199 330 3256 et
385 3196 732 3255 Triboniani
789 3198 1346 3274 interpolationibus
1401 3199 1722 3259 videndum
1779 3199 1886 3256 est.
1987 3196 2289 3255 Iulianum

265 3287 441 3345 notas
489 3287 566 3344 ad
607 3285 890 3345 Urseium
936 3288 1232 3349 addidisse
1277 3307 1701 3364 nonnunquam
1745 3286 2006 3344 traditur
2053 3278 2154 3365 (D.
2184 3287 2290 3360 46,-

269 3377 326 3448 3,
350 3377 431 3435 36
470 3373 583 3434 Iul.
612 3375 651 3434 1.
682 3373 713 3432 Ι
750 3376 826 3434 ad
852 3376 987 3437 Urs.
1020 3379 1147 3437 Fer.
1228 3371 1315 3436 eSi
1356 3423 1368 3436 .
1400 3424 1412 3436 .
1445 3425 1456 3436 .
1493 3376 1697 3436 fuisse.
1770 3372 2041 3432 Iulianus
2088 3375 2289 3434 notat:

264 3464 465 3523 verius
504 3466 597 3523 est
626 3509 638 3522 .
669 3506 684 3522 .
713 3457 752 3524 .'
826 3466 897 3526 D.
931 3469 1032 3541 23,
1064 3469 1119 3546 3,
1150 3469 1253 3544 48,
1296 3469 1328 3524 1
1371 3466 1553 3540 Idem,
1593 3483 1672 3524 sc.
1709 3462 1840 3537 Iul.,
1879 3462 1915 3519 1.
1945 3461 2008 3520 II
2045 3462 2122 3521 ad
2149 3462 2284 3522 Urs.

264 3551 397 3613 Fer.
455 3546 659 3613 ‘Socer
697 3600 709 3612 .
742 3599 755 3612 .
787 3600 798 3612 .
836 3556 1073 3615 factam.
1165 3554 1434 3615 Iulianus
1496 3554 1693 3612 notat:
1756 3551 1938 3609 immo
1979 3598 1990 3610 .
2030 3594 2046 3610 .
2083 3544 2122 3613 .'
2215 3551 2288 3610 cf.
