2575 3900
838 158 889 208 4.
936 152 999 207 L.
1036 151 1403 208 NERATIUS
1439 150 1739 207 PRISCUS
2165 151 2292 216 337

794 332 894 398 De
936 333 1255 399 verborum
1299 333 1782 417 obliyationibas.

454 441 515 506 9.
559 439 639 506 D.
670 439 775 523 45,
807 442 864 524 1,
897 440 1042 520 140,
1076 442 1131 504 1.
1221 439 1463 504 Paulus
1509 439 1678 504 libro
1723 440 1916 504 tertio
1964 439 2044 504 ad
2090 438 2296 506 Nera-

270 529 441 594 tium
498 527 595 616 (P.
640 525 856 616 1046).
902 565 991 575 —
1044 527 1144 593 De
1204 527 1320 594 hae
1378 528 1774 610 stipulatione
1836 526 2076 594 ‘annua
2128 529 2298 594 bima

272 620 464 684 trima
520 620 619 684 die
670 619 741 682 id
791 622 1111 700 amentum
1158 618 1362 701 (sua)
1405 638 1643 700 quaque
1695 618 1795 682 die
1842 617 1988 682 dari
1995 616 2055 681 ,θ’
2128 619 2301 700 apud

270 713 493 772 veteres
534 708 782 771 varium
822 708 965 787 fuit.

460 802 808 876 Sequuntur
852 801 1028 860 haee:
1075 794 1350 859 ‘Paulusz
1399 799 1502 860 sed
1537 800 1740 862 verius
1779 803 1840 860 et
1874 799 1970 859 hie
2005 802 2130 860 tres
2167 818 2294 860 esse

270 890 462 950 trium
508 907 876 950 summarum
922 883 1387 965 stipulationes'‚
1431 889 1494 948 id
1541 888 1698 967 quod
1731 888 2019 948 Neratius
2053 889 2296 948 videtur

270 997 539 1057 negasse.

455 1073 554 1137 10.
600 1071 681 1136 D.
708 1070 814 1155 46,
842 1071 904 1153 2,
932 1072 1034 1137 32.
1106 1069 1345 1135 Paulus
1383 1071 1549 1134 libro
1589 1069 1799 1153 primo
1838 1069 1917 1134 ad
1952 1069 2292 1134 Neratium

272 1159 373 1246 (P.
414 1156 635 1247 1029).
679 1197 768 1207 —
816 1161 901 1224 Te
952 1160 1259 1225 hontinem
1312 1165 1369 1224 et
1421 1157 1635 1225 Seium
1685 1159 1884 1224 decem
1935 1158 2095 1223 mihi
2144 1160 2296 1224 dare

266 1254 513 1332 oportet.
602 1248 866 1332 stipulm·
917 1248 995 1313 ab
1048 1248 1237 1313 altero
1288 1249 1564 1314 novandi
1614 1267 1804 1313 causa
1857 1249 1955 1313 ita
2006 1247 2191 1330 ‘qaod
2240 1252 2296 1312 te

268 1343 391 1404 aut
435 1335 647 1403 Seium
688 1339 841 1403 dare
884 1337 1134 1420 oportet'
1146 1359 1169 1401 .·
1214 1342 1538 1420 utrumque
1577 1341 1855 1401 novatur.

459 1432 809 1508 Sequuntur
851 1432 1021 1490 haec:
1069 1426 1344 1491 ‘Pauluee
1389 1431 1631 1504 merito,
1675 1424 1855 1506 quia'.

454 1527 552 1589 11.
599 1523 677 1589 Ι).
712 1523 813 1605 15,
844 1523 902 1605 1,
929 1523 1034 1589 56.
1123 1522 1365 1588 Paulus
1411 1522 1580 1588 libro
1630 1522 1913 1588 secundo
1962 1522 2042 1587 ad
2087 1521 2289 1590 Nera.-

267 1613 433 1677 tium
490 1612 589 1699 (P.
631 1610 852 1700 1033).
895 1648 970 1660 —
1024 1613 1198 1694 Quod
1237 1632 1449 1678 servus
1493 1631 1662 1676 meus
1699 1632 1817 1693 pro
1859 1611 2120 1678 debitore
2162 1632 2292 1678 meo

268 1701 429 1766 mihi
480 1703 864 1784 eispromisit,
926 1721 1001 1766 ex
1052 1701 1295 1784 peculio
1347 1701 1561 1766 deduci
1611 1699 1778 1765 debet
1827 1705 1887 1766 et
1936 1722 1980 1766 a
2031 1701 2294 1766 debitore

268 1791 465 1856 nihilo
518 1793 727 1856 minus
779 1789 1041 1855 debetur.
1139 1791 1247 1856 sed
1286 1791 1631 1872 videamuS,
1682 1809 1762 1854 ne
1803 1791 2166 1856 credendum
2211 1792 2294 1856 sit

262 1881 573 1962 peculiare
614 1880 755 1963 fieri
796 1899 1017 1944 nomen
1061 1880 1220 1965 eius,
1260 1897 1376 1963 pro
1420 1899 1538 1962 quo
1583 1879 2026 1963 expromissum
2070 1884 2172 1944 est.

450 1974 797 2052 Sequuntur
842 1977 1016 2035 haec:
1064 1968 1344 2034 ‘Paulum
1389 1968 1645 2051 utique'.

961 2130 965 2135 ·
1083 2110 1185 2177 De
1216 2113 1476 2195 peculio.

455 2219 557 2284 12.
609 2216 686 2283 D.
719 2219 820 2301 17,
853 2221 909 2297 1,
938 2219 1040 2283 61.
1133 2218 1374 2283 Paulus
1422 2219 1588 2283 libro
1637 2217 1915 2283 secundo
1963 2217 2043 2282 ad
2090 2217 2290 2284 Nera.-

268 2308 433 2372 tium
468 2305 568 2392 (P.
595 2305 815 2391 1034).
847 2343 929 2353 —
970 2306 1145 2387 Quod
1166 2308 1300 2389 filio
1321 2306 1610 2388 familias
1635 2312 1705 2371 ut
1721 2311 1948 2388 peteret
1971 2308 2282 2391 mandavi,

264 2396 688 2477 emancipatus
713 2395 942 2477 exeyit;
971 2398 1043 2459 de
1071 2396 1310 2475 peculio
1345 2396 1516 2459 intra
1552 2415 1789 2461 amum
1823 2394 2060 2461 utiliter
2084 2417 2285 2479 aqam.

450 2488 794 2565 Sequuntur
840 2489 1014 2547 haeet
1062 2481 1334 2547 ‘Paulusz
1382 2490 1485 2547 sed
1531 2492 1594 2547 et
1639 2507 1774 2547 cum
1817 2480 1986 2549 filio'.

694 2646 765 2708 X.
820 2646 1154 2706 Incertae
1202 2645 1394 2705 sedis
1440 2647 1861 2725 fragmenta.

450 2752 579 2813 Hae
618 2753 947 2813 collocandi
982 2754 1213 2813 ratione
1251 2771 1395 2813 usus
1433 2772 1583 2829 sum,
1623 2757 1688 2812 ut
1723 2752 2062 2833 fragmenta
2092 2755 2285 2833 magis

264 2843 349 2903 ad
403 2842 498 2902 ius
556 2841 727 2903 civile
780 2842 1144 2919 pertinentia.
1198 2842 1523 2901 seeundum
1574 2841 1962 2901 Sabinianum
2019 2843 2286 2905 ordinem

260 2932 557 3008 disposita
604 2930 979 3009 seiungerem
1017 2932 1093 2991 ab
1137 2931 1212 2990 iis
1260 2930 1476 3009 quibus
1521 2931 1714 3010 magis
1760 2932 1853 2991 ius
1897 2932 2284 2993 honorarium

266 3024 581 3081 tractatur.

950 3112 1005 3170 1.
1066 3108 1172 3168 Ad
1216 3109 1330 3168 ius
1376 3108 1609 3170 civile.

1009 3210 1109 3276 De
1152 3212 1537 3277 testamentis.

902 3322 996 3382 De
1037 3323 1239 3383 herede
1280 3322 1642 3383 instituenda.

450 3425 505 3489 l.
569 3421 644 3489 D.
684 3425 789 3507 28,
826 3423 885 3509 5,
922 3424 1029 3490 56.
1127 3421 1368 3487 Paulus
1430 3422 1600 3490 libro
1660 3425 1870 3509 primo
1936 3424 2016 3489 ad
2067 3418 2278 3509 legern

266 3510 523 3577 Aeliam
572 3510 859 3578 Sentium
906 3512 1004 3599 (P.
1044 3509 1224 3598 913).
1270 3549 1355 3559 --
1405 3508 1473 3576 Si
1526 3514 1582 3578 is
1637 3514 1747 3599 qui
1793 3513 2097 3579 solvendo
2144 3534 2275 3578 non

372 3626 564 3677 Iurispr.
594 3626 828 3668 antehadr.
855 3626 953 3668 rell.
982 3626 1051 3670 ecl.
1078 3627 1275 3668 Bremer.
1322 3626 1386 3679 11,
1415 3627 1452 3667 2.
1787 3622 1852 3671 22
