2575 3900
279 134 406 198 146
444 133 541 191 III.
568 133 719 189 GAII
738 132 1033 190 CLAUDII
1052 132 1323 189 NERON.
1344 132 1631 190 GALBAF.
1653 131 1866 190 TEMP.
1885 131 1957 188 IU
1965 131 2079 187 BIS
2100 131 2303 190 CONS.

274 297 573 363 heredem
619 319 757 361 rem
803 296 1152 379 vindicare,
1200 301 1265 362 et
1314 296 1371 361 si
1417 296 1742 363 obiciatur
1787 297 2080 381 exceptio
2119 294 2195 360 de
2232 317 2302 360 re

274 409 431 452 usus
476 386 726 451 fruetus
772 385 1030 452 nomine
1077 385 1347 470 tradita,
1392 384 1832 471 replicandum
1876 385 2019 450 erit.

454 496 607 557 Cum
632 497 929 574 Ulpianus
968 497 1175 557 addat:
1216 491 1395 574 equae
1435 497 1733 559 sententia
1758 497 1941 557 habet
1969 491 2305 574 rationem',

276 589 544 647 extrema
590 605 825 664 quoque
872 588 1057 647 verba
1100 587 1345 646 Proculi
1389 605 1517 646 esse
1565 589 1818 663 apparet
1861 629 1878 648 .

1097 746 1193 806 De
1235 764 1350 806 usu
1395 746 1593 821 leuato·

454 858 557 924 30.
629 855 709 922 D.
748 858 806 940 7,
846 857 903 937 8,
942 858 1004 939 2,
1044 858 1100 921 1.
1138 858 1294 941 4pr.
1403 855 1722 941 Ulpianus
1793 856 1962 922 libro
2028 859 2304 943 septimo

276 947 523 1012 decimo
572 945 650 1010 ad
690 943 1000 1011 Sabinum
1042 943 1143 1031 (P.
1169 942 1479 1034 2575⁸·¹²).
1523 982 1596 992 —-
1645 946 1754 1011 An
1799 946 1997 1010 etiam
2043 947 2305 1031 inquili-

273 1059 428 1101 num
484 1036 766 1120 recipere
811 1035 1019 1120 possit
1064 1033 1179 1120 (se.
1221 1035 1323 1099 eui
1372 1035 1598 1099 domus
1644 1057 1800 1098 usus
1846 1034 2108 1100 relictus
2157 1033 2305 1123 est),

274 1125 444 1210 apud
489 1123 856 1189 Labeonem
914 1123 1179 1188 memini
1233 1127 1586 1189 tractatum
1634 1123 1802 1188 libro
1849 1123 2303 1207 posteriorum.

277 1219 343 1278 et
388 1215 481 1279 ait
524 1213 742 1279 Labeo
790 1235 964 1296 eum,
1011 1213 1121 1297 qui
1165 1212 1305 1297 ipse
1351 1212 1627 1295 habitat,
1678 1212 2067 1296 inquilinum
2113 1234 2306 1296 posse

275 1303 558 1388 recipere
619 1352 634 1368 .
665 1352 679 1366 .
709 1351 723 1364 .
764 1299 775 1385 Ι
816 1351 830 1366 .
858 1352 873 1367 .
904 1352 918 1365 .
964 1300 1277 1366 Proculus
1337 1304 1553 1366 autem
1610 1301 1686 1364 de
1741 1300 2058 1385 inquilino
2116 1305 2306 1366 notat

273 1414 408 1456 non
461 1391 630 1456 belle
684 1389 1069 1474 inquilinum
1126 1389 1277 1472 diei,
1337 1389 1447 1474 qui
1501 1411 1644 1454 eum
1691 1410 1766 1454 eo
1814 1390 2087 1455 habitet.
2178 1392 2304 1472 [se-

277 1479 557 1546 eundum
590 1480 780 1544 baec
846 1482 912 1542 et
975 1479 1031 1542 si
1095 1479 1474 1563 pensionem
1538 1477 1879 1563 pereipiat,
1950 1478 2102 1544 dum
2165 1478 2308 1564 ipse

280 1590 531 1654 quoque
578 1568 928 1651 inhabitat,
973 1588 1105 1631 non
1153 1568 1275 1631 erit
1323 1568 1382 1631 ei
1426 1565 1886 1652 invidendum]

834 1733 929 1791 De
972 1735 1199 1806 arqenti
1232 1733 1494 1806 pondere
1535 1733 1747 1792 relicto.

454 1851 558 1916 31.
604 1850 682 1916 D.
720 1851 824 1933 34,
853 1852 914 1931 2,
951 1850 1054 1936 19,
1085 1852 1145 1916 3.
1235 1849 1557 1934 Ulpianus
1604 1851 1770 1916 libro
1829 1851 2175 1917 vicensimo
2226 1851 2308 1917 ad

278 1939 590 2007 Sabinum
646 1937 744 2026 (P.
780 1938 1003 2023 2606).
1062 1976 1145 1987 —
1203 1989 1218 2005 .
1251 1990 1265 2005 .
1319 1937 1542 2006 Celsus
1603 1940 1771 2006 libro
1829 1962 2002 2006 nono
2059 1941 2306 2007 decimo

282 2028 746 2107 Quaestionum
794 2029 1059 2113 quaerit,
1106 2030 1162 2093 si
1208 2032 1467 2094 centum
1515 2030 1728 2114 pondo
1777 2031 2028 2115 argenti
2063 2030 2308 2095 fuerint

277 2118 534 2202 relicta,
599 2140 682 2181 an
745 2117 1143 2203 replumbari
1198 2118 1499 2203 debeant,
1563 2122 1636 2182 ut
1691 2120 1784 2183 sie
1839 2120 2310 2204 appendantur.

281 2212 347 2273 et
392 2207 706 2271 Proculus
757 2210 823 2271 et
872 2203 1095 2271 Celsus
1145 2208 1326 2271 aiunt
1371 2210 1668 2291 exempto
1715 2208 1980 2291 plumbo
2030 2208 2308 2293 appendi

279 2298 540 2381 debere3
598 2317 750 2360 nam
806 2299 871 2360 et
926 2296 1326 2379 emptoribus
1382 2296 1827 2379 replumbatae
1886 2296 2311 2382 adsignantur

284 2391 350 2450 et
398 2386 461 2449 in
507 2386 792 2451 rationes
840 2385 1094 2470 argenti
1141 2383 1396 2470 pondus
1444 2386 1535 2449 sic
1582 2385 1883 2451 defertur.

942 2552 1037 2609 De
1080 2551 1386 2610 mobilibus
1432 2551 1647 2625 leyatia

458 2664 564 2728 32.
628 2662 706 2727 D.
755 2663 859 2745 32,
899 2662 1003 2742 79,
1042 2663 1099 2727 1.
1210 2659 1436 2725 Celsus
1503 2661 1669 2726 libro
1733 2682 1906 2726 nono
1969 2660 2308 2746 <decimo>

284 2752 702 2836 Digestorum
743 2748 838 2835 (P.
864 2747 1067 2836 16012).
1112 2786 1187 2797 -—
1230 2748 1356 2813 His
1392 2750 1635 2815 verbis:
1683 2749 1868 2834 tquae
1907 2750 2000 2814 ibi
2037 2750 2307 2815 mobilia

284 2862 429 2904 mea
485 2844 700 2923 erunt,
755 2840 835 2903 do
888 2837 1059 2925 lego'
1105 2861 1401 2904 nummos
1446 2839 1540 2903 ibi
1584 2839 1929 2923 repositOS,
1983 2843 2055 2903 ut
2101 2840 2309 2905 mutui

286 2929 620 3012 darentur,
691 2948 821 2992 non
886 2950 1027 2992 esse
1089 2928 1344 3013 legatos
1409 2926 1719 2992 Proculus
1787 2927 1904 3011 ait,
1980 2933 2048 2992 at
2111 2926 2309 3011 quos¹

280 3017 589 3101 praesidii
647 3038 841 3081 causa
895 3017 1213 3101 repositos
1270 3016 1494 3099 habet,
1551 3020 1622 3081 ut
1677 3018 1936 3101 quidam
1986 3017 2175 3082 bellis
2223 3018 2308 3081 ei-

278 3105 519 3170 vilibus
578 3104 1007 3187 factitassent,
1065 3126 1172 3169 eos
1228 3104 1447 3187 legato
1504 3106 1834 3170 contineri.
1932 3110 1997 3171 et
2054 3106 2308 3171 audisse

282 3216 352 3258 se
409 3193 687 3258 rusticos
744 3214 927 3257 senes
982 3194 1077 3256 ita
1137 3193 1421 3257 dieentes
1477 3194 1815 3277 pecuniam
1870 3195 2006 3259 sine
2053 3194 2310 3279 peculio

282 3282 583 3367 fragilem
650 3302 816 3359 esse,
889 3282 1210 3365 peculium
1276 3282 1702 3368 appellanteS,
1769 3285 1939 3369 quod
2003 3284 2310 3369 praesidii

280 3394 473 3437 eausa
524 3374 953 3455 seponeretur.

424 3518 453 3565 1
494 3511 588 3567 Fe.
626 3528 719 3567 eos
756 3529 911 3581 quoa
