2575 3900
821 201 872 251 6.
915 194 1337 251 1Av0LsNth
1371 194 1669 251 muscus
2122 190 2257 261 439

227 362 461 441 giosam
497 380 534 421 a
563 381 681 423 non
717 362 1064 438 possidente
1093 364 1481 441 comparavit,
1517 356 1793 440 ‘poenam
1822 362 2257 442 quinquaginta.

227 450 646 513 sestertiorum
681 450 821 512 fisco
857 445 1352 530 repraesentare',
1396 452 1501 529 qui
1536 452 1869 513 aedificium
1907 453 2257 530 negotiandi

223 558 414 601 causa
475 540 647 617 emit,
712 542 783 598 ut
845 539 1131 601 diruendo
1195 542 1333 618 plus
1400 542 1745 617 adquireret
1811 560 1993 618 quam
2046 538 2257 618 quanti

225 629 498 707 emisset,
554 623 823 705 ‘duplam
874 630 1214 706 pecuniam,
1275 648 1395 706 qua.
1449 634 1746 691 mercatus
1795 648 1927 691 eam
1971 649 2099 690 rem
2144 634 2257 707 est,

224 718 292 779 in
336 718 633 779 aerarium
684 716 908 777 inferre
953 713 1229 795 cogitur'.

406 805 688 867 Ceterum
730 806 1000 869 Iavoleni
1053 807 1239 868 verba.
1294 826 1331 866 a.
1375 806 1722 867 Triboniani
1776 807 2049 868 adiutore
2095 809 2256 869 male

225 896 293 956 in
337 896 517 956 breve
562 898 770 956 coacta
815 914 947 956 esse
991 898 1262 973 apparet.

757 1125 864 1185 IV.
928 1126 1027 1185 Ex
1073 1124 1325 1187 Cassio
1372 1126 1550 1187 libri
1593 1125 1722 1187 XV.

403 1250 673 1311 Iavoleni
745 1244 764 1274 ‘
779 1268 852 1310 ex
914 1243 1153 1310 Cassio’
1228 1250 1521 1311 librorum
1583 1250 1872 1310 memoria.
1935 1252 2000 1310 et
2060 1250 2255 1311 indice

223 1341 491 1403 Florent.
557 1343 620 1400 et
677 1339 1032 1418 fragmentis
1091 1339 1154 1397 in
1206 1337 1528 1399 Iustiniani
1582 1338 1852 1415 Digestis
1909 1336 2255 1402 extantibus

225 1430 519 1491 servatur.
599 1429 708 1488 hos
754 1426 958 1504 libros,
1012 1447 1163 1504 quos
1211 1447 1284 1488 ex
1330 1426 1522 1489 Cassii
1565 1427 1713 1488 iuris
1761 1420 1952 1489 civilis
1997 1427 2172 1488 libris
2219 1447 2257 1489 a

223 1519 507 1579 Iavoleno
559 1517 750 1577 factos
797 1534 927 1577 esse
975 1516 1122 1576 satis
1171 1519 1449 1594 apparet,
1504 1518 1575 1576 ut
1616 1515 1982 1593 Pomponius
2028 1516 2255 1577 Paulus

223 1607 520 1685 Ulpianus
567 1601 1030 1669 commentarios
1077 1624 1226 1683 quos
1273 1605 1348 1665 ad
1388 1604 1595 1666 Sabini
1638 1604 1791 1665 iuris
1838 1605 2029 1666 'civilis
2066 1605 2254 1667 libros

223 1696 718 1771 composuerunt,
774 1692 1122 1770 simpliciter
1179 1688 1279 1753 ‘ad
1328 1687 1637 1753 Sabinum'
1693 1692 1880 1753 libros
1935 1694 2256 1772 inscripsef

224 1787 390 1861 runt,
437 1783 526 1843 ita
572 1783 888 1843 Iavolenus
933 1801 1042 1860 pro
1088 1781 1262 1842 libris
1311 1802 1381 1842 ex
1428 1780 1620 1843 Cassii
1664 1781 1811 1842 iuris
1849 1782 2042 1843 civilis
2080 1782 2253 1847 libris

225 1873 398 1935 factis
445 1872 710 1932 breviter
755 1864 851 1931 ‘ex
897 1865 1126 1931 Cassio'
1172 1871 1358 1931 libros
1404 1869 1749 1931 nominavit.
1833 1870 2010 1931 affert
2046 1874 2251 1931 autem

221 1981 651 2039 nonnunquam
705 1961 928 2022 diserte
983 1962 1144 2038 quod
1197 1955 1284 2020 ‘in
1330 1961 1770 2022 commentariis
1817 1955 1976 2022 Gaii'
2019 1963 2120 2022 vel
2168 1954 2252 2022 ‘in

225 2052 398 2112 libris
438 2044 598 2112 Gaii'
642 2050 741 2111 vel
788 2045 873 2109 ‘in
918 2050 1090 2110 libris
1128 2049 1263 2111 Gaii
1304 2044 1516 2110 Cassii'
1554 2050 1847 2127 scriptum
1885 2053 1980 2111 est
2016 2045 2116 2130 (D.
2149 2052 2253 2128 35,

229 2144 285 2218 1,
317 2143 419 2202 54.
467 2142 570 2216 40,
604 2142 657 2213 7,
691 2141 791 2213 28,
825 2143 879 2200 1.
929 2141 1032 2216 46,
1065 2141 1122 2215 3,
1157 2130 1287 2220 78).
1370 2142 1508 2216 post
1552 2135 1737 2199 libros
1783 2139 1857 2199 de
1891 2139 2032 2199 ‘iure
2070 2139 2251 2215 civili,

224 2230 289 2290 id
336 2229 496 2308 quod
540 2228 729 2288 Lenel
775 2228 1018 2300 conicit,
1064 2231 1401 2307 singulares
1447 2247 1683 2305 quoque
1722 2226 1914 2288 Cassii
1960 2227 2144 2288 libros
2189 2229 2253 2287 in

225 2320 374 2379 hanc
418 2317 743 2394 epitomum
788 2336 919 2378 esse
964 2316 1237 2377 redactos
1282 2336 1403 2378 non
1447 2318 1611 2393 puto·

400 2406 496 2465 Ex
523 2406 818 2486 epitomae
847 2405 1203 2482 fragmentis
1231 2424 1385 2482 quae
1413 2406 1561 2465 satis
1588 2405 1799 2478 multa,
1836 2405 1940 2464 sed
1964 2404 2250 2481 pleraque

223 2494 580 2556 brevissima
623 2499 866 2556 servata
911 2497 1070 2569 sunt,
1117 2494 1191 2553 de
1235 2494 1527 2554 librorum
1562 2491 1761 2553 indole
1796 2512 2009 2569 parum
2047 2493 2252 2572 colligi

223 2587 448 2661 potest3
513 2581 668 2643 illud
726 2602 912 2643 unum
976 2588 1253 2661 apparet,
1318 2583 1667 2643 Iavolenum
1725 2600 1847 2641 non
1900 2581 2097 2642 solum
2151 2601 2248 2642 ex·

225 2671 517 2750 serpsisse
563 2670 760 2732 Cassii
813 2672 1027 2750 libros,
1083 2671 1190 2731 sed
1245 2690 1385 2732 suas
1439 2689 1675 2747 quoque
1720 2673 1896 2730 notas
1942 2671 2245 2730 adiecisse.

223 2767 290 2822 at
333 2780 471 2822 cum
505 2760 775 2821 Iavoleni
815 2762 998 2822 verba.
1034 2778 1071 2820 a.
1108 2760 1470 2822 Triboniano
1504 2777 1625 2818 non
1662 2775 1799 2819 raro
1834 2761 2071 2819 mutata
2108 2759 2247 2839 sint,

225 2850 420 2912 Cassii
465 2868 502 2910 a.
545 2849 816 2910 Iavoleni
861 2850 1175 2910 sententiis
1221 2845 1322 2910 vix
1366 2849 1773 2908 dinoscuntur.

399 2939 520 2999 Res
574 2938 649 2999 de
703 2938 918 3016 quibus
969 2955 1162 3000 sermo
1210 2939 1331 3016 est,
1386 2938 1510 2998 fere
1557 2955 1760 2997 omnes
1808 2937 1886 2997 ad
1930 2936 2025 2996 ius
2071 2935 2247 2997 civile

223 3031 512 3106 spectant.
589 3027 668 3086 ad
710 3027 806 3088 ius
851 3029 1219 3129 praetorium
1254 3028 1363 3086 illa,
1398 3029 1634 3086 tantum
1662 3026 1982 3102 pertinent,
2030 3027 2248 3120 quibus

223 3117 296 3177 de
340 3116 578 3195 peculio
625 3119 688 3176 et
731 3115 805 3176 de
851 3117 913 3175 in
959 3136 1083 3176 rem
1131 3135 1305 3178 verso
1351 3115 1572 3194 agitur.

398 3207 624 3266 Rerum
669 3206 813 3266 ordo
859 3225 896 3266 a
939 3205 1222 3267 Iavoleno
1271 3208 1537 3265 statutus
1583 3204 1963 3280 aliquatenus
2004 3202 2249 3278 quidem

221 3295 624 3371 cognoscitur.
698 3294 852 3355 libro
919 3295 1076 3354 enim
1132 3294 1162 3352 Ι
1225 3295 1299 3354 de
1364 3293 1768 3371 testamentis,
1832 3291 1987 3351 libro
2042 3291 2107 3349 II
2170 3291 2245 3351 de

222 3383 455 3461 legatis,
491 3383 646 3443 libro
673 3382 762 3442 IV
802 3383 875 3443 de
910 3382 1171 3456 dotibus,
1207 3383 1363 3443 libro
1390 3381 1448 3438 V
1477 3381 1550 3440 de
1577 3381 1805 3459 tutelis,
1841 3379 1995 3439 libro
2024 3379 2141 3438 VII
2170 3379 2245 3440 de

222 3472 523 3549 emptione
559 3471 921 3573 venditione,
967 3471 1147 3531 libro
1157 3471 1212 3531 X
1254 3470 1329 3529 de
1368 3469 1779 3543 servitutibus,
1822 3469 1977 3528 libro
2014 3467 2133 3527 XII
2170 3468 2245 3527 de

223 3559 453 3638 peculio
517 3562 578 3619 et
643 3559 717 3619 de
779 3559 842 3619 in
904 3578 1033 3619 rem
1087 3578 1286 3637 verso,
1350 3558 1502 3618 libro
1557 3557 1706 3617 XIII
1766 3558 1838 3618 de
1892 3555 2245 3635 interdictis,
