2575 3900
330 180 458 245 180
488 180 582 237 111.
604 178 755 235 GAII
773 178 1068 236 CLAUDII
1086 178 1358 235 NERON.
1379 176 1666 233 GALBAE
1685 177 1904 233 TEMP.
1921 177 2118 234 IURIS
2139 177 2342 235 CONS.

1048 340 1149 407 De
1191 343 1330 407 iure
1371 343 1624 407 dotium.

504 449 633 515 21⁶?
705 448 783 514 D.
822 449 928 531 23,
967 449 1026 533 3,
1062 448 1149 515 48
1169 470 1263 533 pr.
1371 447 1551 513 Idem
1619 446 1736 535 (sc.
1789 446 2110 533 Iulianus)
2175 448 2346 515 libro

322 538 605 605 secundo
654 538 735 603 ad
783 536 1086 603 Urseium
1130 536 1438 603 Ferocem
1485 536 1584 623 (P.
1624 533 1803 623 892).
1849 573 1934 583 -
1981 536 2131 603 Tali
2176 537 2349 603 facta

319 627 735 711 stipulatione
810 626 1052 693 ‘decem
1114 628 1187 691 in
1251 648 1421 691 anno
1484 626 1781 711 proximo
1847 626 2018 691 dotis
2085 628 2348 693 nomine

319 717 469 782 dare
518 715 795 800 spondes
808 714 866 779 *θ’
943 716 1312 801 quaesitum
1361 718 1478 798 est,
1523 737 1730 780 annus
1774 737 1854 779 ex
1890 737 2017 801 quo
2054 718 2350 799 tempore

324 810 496 870 esset
560 803 1017 885 numerandus,
1082 808 1299 869 utrum
1354 825 1434 867 ex
1488 803 1589 869 die
1645 804 2086 889 stipulationis
2141 804 2352 871 factae

326 916 411 958 an
450 916 528 958 ex
563 915 638 958 eo
677 894 796 979 die,
833 915 960 978 quo
989 894 1105 958 dos
1144 914 1284 957 esse
1313 892 1636 976 potuisset
1671 891 1765 977 [id
1795 896 1896 957 est
1930 894 2354 977 nuptiarumJ.

323 988 390 1047 et
437 1004 817 1066 responsum
866 985 966 1047 est
1006 1004 1085 1046 ex
1120 982 1221 1045 die
1259 980 1636 1064 nuptiarum
1673 1002 1911 1045 annum
1951 1003 2092 1047 esse
2129 1004 2352 1047 nume-

323 1072 624 1156 randum,
678 1092 789 1154 ne,
846 1070 902 1136 si
958 1070 1147 1135 aliter
1203 1070 1720 1151 observaremus,
1777 1071 1835 1135 si
1889 1071 2064 1135 intra
2111 1093 2352 1136 annum

320 1161 587 1245 nuptiae
633 1160 845 1225 factae
892 1181 1024 1224 non
1070 1159 1230 1243 sint,
1274 1158 1480 1223 videri
1524 1160 1736 1244 possit
1781 1159 1898 1224 dos
1946 1182 2024 1225 ex
2070 1181 2146 1225 ea
2191 1160 2352 1226 obli·

322 1250 590 1334 gatione
638 1248 873 1313 deberi.

505 1339 611 1404 22.
667 1336 831 1402 Ibid.
879 1339 919 1417 ἓ
950 1339 1006 1402 1.
1037 1371 1121 1383 --
1156 1334 1352 1401 Socer
1397 1356 1637 1420 genero
1686 1358 1802 1401 suo
1853 1337 1946 1402 sic
1991 1336 2352 1421 legaverat:

327 1427 550 1492 ‘Lucio
606 1426 780 1491 Titio
840 1425 1011 1490 filiae
1067 1445 1247 1489 meae
1304 1424 1564 1490 nomine
1621 1429 1875 1490 centum
1931 1425 2118 1491 heres
2174 1448 2356 1491 meus

325 1517 595 1580 damnas
657 1518 796 1579 esto
858 1513 1053 1579 dare'.
1152 1513 1320 1579 hanc
1377 1514 1715 1597 pecuniam
1773 1534 2082 1599 generum
2136 1518 2355 1599 petere

328 1604 558 1668 debere
616 1603 1079 1687 exactam<que
1136 1603 1219 1667 ab
1276 1602 1399 1687 eo>
1447 1608 1779 1686 acceptam
1826 1602 2064 1687 legatis
2108 1602 2356 1683 referri,

328 1692 441 1757 sed
498 1691 706 1756 nihilo
763 1692 975 1756 minus
1032 1690 1203 1756 dotis
1260 1713 1402 1755 esse
1452 1691 1694 1757 factam
1742 1695 1809 1756 et
1853 1691 2132 1756 divortio
2179 1691 2356 1757 facto

325 1783 421 1845 rei
484 1778 777 1845 uxoriael
833 1780 1083 1845 actione
1140 1779 1394 1844 mulieri
1452 1780 1840 1844 reddendam
1893 1778 2204 1846 Proculus
2261 1802 2358 1845 re-

326 1893 355 1934 s
406 1868 645 1934 ondit².

360 1892 402 1954 p
510 1959 615 2024 23.
660 1956 740 2022 D.
770 1958 873 2038 23,
902 1958 963 2043 4,
993 1958 1096 2022 22.
1152 1956 1334 2022 Idem
1363 1957 1479 2043 (sc.
1507 1954 1834 2045 Iulianus)
1869 1958 2039 2024 libro
2079 1959 2356 2024 secundo

332 2047 415 2112 ad
480 2043 781 2112 Urseium
839 2044 1146 2111 Ferocem
1210 2044 1310 2131 (Ρ.
1352 2044 1530 2132 893).
1597 2083 1674 2093 -
1742 2045 2019 2122 Quidam
2082 2047 2356 2113 fundum

333 2136 500 2200 dotis
548 2157 743 2200 causa
790 2134 870 2199 ab
917 2156 1111 2200 uxore
1158 2157 1277 2199 sua
1322 2139 1659 2219 acceperat
1701 2136 2002 2222 interque
2049 2158 2158 2201 eos
2206 2159 2360 2203 con-

330 2228 615 2307 venerat,
652 2227 725 2287 ut
761 2223 1085 2289 mercedes
1125 2224 1261 2288 eius
1297 2223 1485 2288 fundi
1521 2223 1620 2288 vir
1657 2226 1842 2289 uxori
1872 2226 2070 2289 annui
2097 2227 2359 2291 nomine

331 2314 534 2377 daret.
624 2313 849 2377 deinde
906 2334 1051 2377 eum
1106 2312 1379 2377 fundum
1434 2313 1534 2377 vir
1590 2313 1785 2377 matri
1841 2314 2131 2378 mulieris
2179 2318 2360 2380 certa

330 2402 641 2484 pensione
680 2400 1015 2466 colendum
1054 2401 1384 2466 locaverat
1420 2422 1638 2485 eaque,
1677 2424 1824 2466 cum
1864 2404 2187 2468 mercedes
2219 2405 2358 2468 eius

330 2489 517 2553 fundi
555 2489 833 2575 deberet,
869 2491 1229 2555 decesserat
1266 2493 1334 2554 et
1367 2489 1574 2554 filiam
1604 2511 1789 2554 suam
1821 2491 2028 2555 solam
2056 2491 2359 2557 heredem

331 2579 685 2665 reliquerat
732 2582 797 2643 et
842 2578 1191 2644 divortium
1235 2578 1484 2643 factum
1530 2584 1686 2644 erat.
1773 2579 1872 2643 vir
1918 2580 2144 2645 deinde
2181 2585 2359 2664 pete·

333 2669 450 2734 bat
497 2692 535 2733 a
575 2668 842 2733 muliere
880 2668 1223 2750 mercedeS‚
1271 2689 1432 2752 quas
1469 2673 1676 2732 mater
1714 2667 2039 2734 debuerat.
2115 2670 2362 2752 placuit

335 2758 777 2840 exceptionem
832 2755 1089 2821 mulieri
1143 2757 1283 2820 dari
1340 2778 1470 2821 non
1519 2757 1766 2838 debere,
1823 2756 1922 2822 ‘ac
1971 2759 2026 2822 si
2070 2757 2248 2822 inter
2293 2781 2362 2823 se

340 2849 405 2908 et
457 2847 668 2909 virum
722 2866 856 2908 non
910 2845 1349 2928 convenisset,
1404 2849 1477 2910 ut
1531 2844 1656 2909 hae
1703 2846 2024 2910 mercedes
2075 2847 2202 2911 sibi
2250 2848 2364 2913 ali-

340 2937 707 2997 mentorum
779 2933 1039 2996 nomine
1112 2931 1468 3017 darentnr',
1541 2955 1684 2998 cum
1749 2934 2038 2999 futurum
2104 2935 2216 3021 sit,
2290 2943 2364 3000 ut

341 3020 815 3104 quodammodo
872 3021 1255 3085 donationes
1312 3023 1483 3086 inter
1535 3022 1751 3087 virum
1796 3026 1862 3087 et
1907 3045 2172 3088 uxorem
2221 3047 2364 3090 con-

338 3109 694 3261 grmentur.
765 3131 921 3172 nam
968 3109 1137 3194 quod
1184 3112 1385 3175 annui
1429 3111 1692 3175 nomine
1732 3111 1940 3197 datur,
1976 3114 2221 3196 species
2265 3119 2366 3178 est

387 3197 731 3262 onationiS.

486 3341 515 3390 1
557 3335 709 3392 Trib.
746 3336 910 3392 dotis.

484 3414 517 3460 2
556 3407 650 3462 Fz.
679 3409 776 3462 sed
805 3407 1044 3464 divortio
1072 3409 1225 3464 facto
1255 3409 1326 3463 de
1356 3409 1488 3464 dote
1519 3408 1740 3463 actione
1769 3409 1994 3464 mulieri
2022 3412 2368 3466 reddendam

342 3477 609 3605 {gom-llus
646 3479 937 3550 respondit
973 3482 1033 3534 et
1068 3480 1249 3536 nihilo
1286 3479 1472 3534 minus
1511 3479 1660 3535 dotis
1688 3497 1809 3535 esse
1838 3482 2065 3536 factam.
2129 3485 2369 3540 correxit

424 3567 591 3622 emny.
