2575 3900
357 177 490 243 400
563 179 629 234 V.
665 177 968 233 NERVAE
1005 177 1100 231 ET
1139 176 1449 232 TRAIANI
1484 177 1700 232 TEMP.
1736 177 1930 233 IURIS
1967 176 2329 233 CONSULTI

531 347 658 405 Nec
720 346 938 405 desunt
997 350 1202 405 tamen
1261 346 1629 421 fragmenta,
1694 345 1914 423 quibus
1978 328 2275 406 Iulianuin
2348 365 2393 406 a

351 439 731 513 praeceptore
777 435 1131 495 dissensisse
1165 434 1475 512 probatur,
1522 452 1595 494 ex
1629 433 1847 511 quibus
1884 453 2070 494 unum
2106 434 2389 510 inprimis

351 529 568 585 notatu
613 524 864 601 dignum
906 524 1160 601 profero.

654 697 1014 762 Iavolenus.

443 804 521 870 D.
539 804 643 887 23,
659 804 719 887 2,
733 804 838 868 46.
867 800 1068 867 Gaius
1094 803 1134 870 l.
1151 801 1315 867 VIII

358 892 438 957 ad
476 893 518 956 1.
554 892 674 957 Iul.
711 898 776 956 et
812 891 966 973 Pap.
1006 927 1094 938 —
1141 891 1312 956 Illud

355 980 781 1045 dubitationis
819 984 936 1064 est,
979 1003 1062 1045 an
1099 983 1165 1044 et
1201 979 1317 1065 qui

355 1090 763 1134 communem
808 1069 1112 1133 libertam
1158 1090 1314 1134 uxo-

354 1180 490 1221 rem
556 1156 834 1237 duxerit,
901 1157 980 1220 ad
1033 1159 1159 1224 hoc
1211 1159 1315 1223 ius

357 1246 740 1311 admittatur
772 1242 884 1331 (sc.
913 1245 1109 1331 ‘quod
1137 1248 1315 1330 dicit,

354 1335 558 1399 invito
631 1338 909 1419 patrono
993 1336 1315 1421 libertam,

358 1445 522 1508 quae
596 1425 654 1488 ei
726 1427 930 1505 nupta
1004 1428 1127 1508 est,
1203 1425 1313 1487 alii

1749 695 2050 760 Iulianae.

1510 800 1709 886 D.24‚
1731 802 1792 886 2,
1814 804 1895 867 11
1913 824 2008 885 pr.
2045 801 2190 887 Ulp.
2220 803 2261 866 l.
2280 800 2389 865 III

1423 891 1501 956 ad
1533 890 1573 955 l.
1600 891 1718 956 Iul.
1747 894 1813 955 et
1841 890 1994 974 Pap.
2032 926 2119 937 ——
2156 938 2170 954 .
2196 938 2215 957 .
2241 939 2255 954 .
2287 890 2417 955 ait·

1422 981 1549 1044 lex:
1606 979 1890 1046 ‘divortii
1940 979 2217 1044 faciendi
2262 1001 2386 1063 po-

1421 1073 1625 1133 testas
1659 1070 1949 1152 libertae,
1984 1089 2150 1154 quae
2176 1072 2387 1152 nupta

1423 1160 1525 1222 est
1576 1161 1876 1242 patrone,
1930 1178 2013 1221 ne
2063 1156 2232 1222 esto’
2271 1206 2287 1221 .
2319 1205 2336 1221 .
2366 1208 2382 1221 .

1422 1245 1712 1311 Iulianus
1752 1299 1764 1310 .
1795 1295 1809 1311 .
1848 1246 2122 1329 amplius
2172 1249 2387 1330 putat,

1421 1356 1539 1399 nec
1610 1335 1680 1400 in
1744 1335 2175 1400 concubinatu
2237 1355 2385 1399 eam

1423 1424 1685 1488 alterius
1715 1424 1973 1508 patroni
2004 1445 2143 1489 esse
2168 1445 2386 1507 posse.

355 1512 600 1577 nubere
638 1534 767 1577 non
797 1512 1058 1598 posse’).
1126 1512 1313 1578 Iavo-

356 1602 538 1665 lenus
606 1604 896 1687 negavit,
970 1602 1121 1685 quia
1184 1623 1314 1666 non

356 1691 614 1775 proprie
634 1690 888 1755 videtur
903 1690 1040 1755 eius
1057 1690 1315 1775 liberta,

358 1800 520 1864 quae
567 1780 764 1843 etiam
813 1780 1081 1844 alterius
1129 1780 1233 1846 sit.

533 1942 624 2004 De
688 1944 892 2006 Prisco
963 1945 1096 2022 illo,
1172 1963 1351 2022 quem
1424 1944 1585 2020 apud
1658 1943 1999 2004 Fulcinium
2068 1944 2385 2022 attigimus

357 2025 444 2115 (p.
486 2025 672 2114 261),
731 2035 949 2093 iterum
995 2035 1359 2094 monendum
1405 2037 1523 2107 est,
1570 2051 1707 2092 cum
1752 2033 2101 2095 Iavolenum
2148 2053 2386 2112 quoque

357 2122 546 2182 Prisci
603 2123 842 2181 nomine
897 2123 1200 2199 designari
1252 2123 1518 2198 potuisse
1574 2125 1638 2182 et
1692 2127 1981 2198 appareat
2034 2125 2097 2183 et
2148 2122 2384 2182 Plinius

357 2229 450 2286 ep.
482 2214 537 2287 6,
574 2213 651 2271 15
700 2211 916 2287 probet
961 2215 1024 2272 et
1066 2212 1370 2271 Iulianum
1417 2230 1653 2289 quoque
1694 2211 1883 2270 Prisci
1926 2211 2164 2271 nomine
2208 2212 2387 2270 illum

361 2299 550 2359 videri
596 2300 939 2378 designasse
984 2301 1104 2360 iam
1152 2320 1335 2377 supra
1375 2300 1723 2360 monuerim.
1816 2301 2051 2377 reliqua
2088 2300 2385 2360 eiusmodi

357 2388 723 2467 fragmenta,
780 2408 914 2449 cum
968 2389 1172 2466 potius
1229 2390 1307 2449 ad
1352 2389 1668 2449 Neratium
1726 2389 2043 2449 videantur
2096 2391 2384 2466 spectare,

355 2478 467 2537 hoc
512 2479 642 2539 loco
690 2479 1069 2538 omittuntur.

539 2568 908 2629 Posteriores
963 2567 1309 2629 Iavolenum
1371 2567 1623 2626 laudant
1665 2567 1755 2627 hi:
1811 2567 2034 2627 Valens
2079 2567 2143 2626 in
2188 2565 2381 2626 Fidei-

359 2657 810 2717 commissorum
865 2657 1038 2716 libris
1094 2649 1196 2737 (D.
1227 2659 1330 2731 33,
1367 2660 1419 2728 1,
1452 2648 1591 2736 15),
1654 2654 1840 2715 Gaius
1888 2657 1963 2716 ad
2017 2657 2212 2733 legem
2268 2655 2383 2714 XII

359 2745 708 2805 tabularum
748 2738 849 2827 (D.
882 2747 982 2820 50,
1017 2747 1116 2819 16,
1150 2748 1297 2823 236,
1329 2735 1417 2826 1),
1455 2744 1532 2804 ad
1568 2745 1762 2821 legem
1789 2744 2011 2804 Iuliam
2046 2747 2109 2804 et
2135 2744 2382 2819 Papiam

360 2826 460 2909 (D.
495 2837 595 2910 23,
627 2837 684 2911 2,
714 2826 829 2916 46)
885 2838 948 2894 et
1002 2835 1173 2893 libris
1219 2833 1679 2894 Institutionum
1727 2827 1816 2912 (3,
1849 2825 1989 2914 70),
2043 2833 2269 2892 Paulus
2322 2836 2384 2891 et

361 2917 791 2988 Quaestionum
824 2923 994 2983 libris
1032 2915 1136 3005 (D.
1169 2926 1270 2999 11,
1304 2926 1360 3001 1,
1392 2924 1493 2998 20,
1528 2913 1591 3000 1)
1631 2925 1693 2981 et
1719 2922 1794 2980 ad
1823 2921 2127 2981 Plautium
2158 2913 2259 3002 (D.
2282 2922 2381 2999 34,

363 3010 421 3082 2,
463 3001 559 3088 8),
613 3010 908 3085 Ulpianus
964 3012 1134 3071 libris
1190 3013 1268 3072 ad
1325 3011 1610 3070 Sabinum
1673 3003 1740 3091 (l.
1776 3009 1872 3070 111
1914 3010 1987 3070 D.
2020 3012 2121 3088 28,
2152 3013 2209 3086 2,
2240 3012 2381 3085 6pr.

358 3096 422 3156 P.
455 3098 651 3172 2445,
698 3100 736 3157 1.
765 3098 884 3158 VII
919 3099 992 3159 D.
1021 3102 1124 3176 28,
1155 3103 1213 3178 5,
1246 3102 1348 3173 17,
1379 3102 1445 3176 5,
1486 3103 1557 3158 ut
1592 3099 1860 3160 conicere
1895 3099 2062 3176 licet,
2100 3101 2161 3159 et
2195 3098 2250 3158 D
2282 3101 2381 3174 28,

362 3186 420 3258 5,
462 3188 540 3246 19
599 3186 664 3246 Ρ.
696 3189 884 3248 2488.
917 3191 1115 3267 2489,
1170 3192 1211 3247 l.
1247 3188 1443 3248 XLIX
1488 3187 1559 3247 D.
1594 3191 1695 3267 18,
1724 3192 1783 3263 4,
1814 3191 1872 3267 2,
1906 3192 1983 3249 17
2031 3189 2098 3248 P.
2131 3179 2380 3267 2966b)‚

361 3274 611 3350 denique
684 3276 927 3350 ignotus
1003 3279 1107 3338 ille
1175 3279 1282 3356 qui
1354 3279 1427 3336 de
1492 3278 1749 3337 formula
1819 3277 2085 3338 Fabiana
2148 3277 2381 3352 scripsit

359 3357 636 3439 (Collect.
673 3363 810 3422 libr.
845 3364 941 3424 ΠΙ
985 3388 1041 3442 p.
1073 3358 1249 3445 300).

539 3449 612 3508 In
655 3451 826 3511 novis
872 3453 1138 3532 Digestis
1185 3455 1607 3531 componendis
1654 3455 2078 3515 Tribonianum
2118 3454 2380 3515 Iavoleni

360 3556 593 3615 quoque
656 3539 827 3599 libris
890 3562 1063 3602 usum
1119 3562 1248 3603 esse
1303 3544 1498 3603 indice
1546 3542 1892 3603 Florentino
1949 3544 2378 3621 comprobatur,
