2575 3900
328 187 460 252 322
534 187 601 243 V.
639 185 940 242 NERVAE
976 185 1072 241 ΕΤ
1108 185 1415 241 TRAIANI
1450 185 1664 241 TEMP.
1701 185 1895 241 IURIS
1933 183 2297 241 CONSULTI

792 383 893 451 De
938 385 1317 452 Publiciana
1361 387 1432 450 in
1474 406 1604 450 rem
1647 386 1898 451 actione.

511 493 621 557 28.
656 491 735 556 D.
747 492 878 575 6,2,
891 493 993 559 17.
1055 490 1367 557 Neratius
1396 492 1563 556 libro
1591 491 1790 557 tertio
1815 491 2357 556 Membranarum.

338 616 417 628 —
468 579 848 646 Publiciana
901 581 1071 646 actio
1125 601 1258 646 non
1313 580 1458 646 ideo
1515 584 1891 666 comparata
1945 583 2070 664 est,
2123 585 2197 646 ut
2249 602 2354 646 res

334 670 597 735 domino
645 669 999 751 auferatur,
1044 670 1311 754 eiusque
1355 670 1452 734 rei
1497 673 1949 754 argumentum
1995 673 2097 734 est
2141 670 2354 755 primo

334 759 653 844 aequitas,
719 758 947 823 deinde
1002 759 1292 843 exceptio
1349 757 1432 822 si
1486 780 1562 823 ea
1614 779 1720 824 res
1772 758 2165 843 possessoris
2219 780 2355 823 non

331 845 459 930 sit',
524 847 636 912 sed
690 851 767 912 ut
819 847 903 926 is,
973 848 1086 932 qui
1139 847 1312 912 bona
1363 846 1490 911 fide
1545 847 1703 912 emit
1755 847 2356 932 possessionemque

334 937 473 1001 eius
518 959 595 1001 ex
622 958 719 1000 ea
756 957 951 1002 causa
986 940 1212 1001 nactus
1251 938 1368 1018 est,
1412 935 1628 1019 potius
1663 957 1802 1000 rem
1836 936 2079 1000 habeat
2113 935 2357 1021 <quam

335 1025 610 1110 quilibet
655 1024 821 1090 alius
867 1029 1123 1109 praeter
1168 1024 1528 1108 dominum,
1575 1025 1631 1090 si
1676 1024 1736 1089 is
1781 1045 1919 1089 rem
1964 1024 2265 1106 habeat).

1063 1200 1165 1267 Dc
1207 1202 1617 1268 sewibutibus.

504 1308 610 1374 29.
650 1307 725 1373 D.
757 1309 817 1393 8,
846 1308 906 1392 3,
934 1308 995 1392 3,
1023 1307 1084 1372 3.
1116 1343 1192 1356 —
1228 1306 1354 1384 Qui
1379 1306 1581 1372 habet
1605 1307 1930 1392 haustum,
1956 1307 2082 1372 iter
2100 1329 2353 1392 quoque

330 1399 569 1463 habere
609 1397 859 1462 videtur
896 1396 977 1463 ad
1014 1397 1438 1461 hauriendum
1474 1401 1558 1480 et,
1594 1401 1669 1461 ut
1706 1398 1799 1461 ait
1832 1394 2142 1461 Neratius
2181 1396 2353 1462 libro

328 1486 525 1550 tertio
564 1485 1106 1568 Membranarum,
1152 1485 1287 1550 sive
1335 1486 1394 1550 ei
1437 1484 1538 1550 ius
1584 1485 1920 1552 hauriendi
1968 1490 2035 1549 et
2077 1484 2353 1550 adeundi

326 1576 439 1656 <in
483 1574 666 1656 iure>
714 1597 965 1639 cessum
1013 1575 1125 1658 sit,
1181 1577 1526 1659 utrumque
1571 1575 1866 1657 habebit,
1913 1573 2047 1638 sive
2093 1579 2354 1640 tantum

325 1663 691 1745 hauriendi,
746 1664 955 1728 inesse
1001 1669 1067 1727 et
1112 1662 1389 1749 aditum,
1445 1664 1579 1727 sive
1632 1666 1890 1728 tantum
1947 1662 2221 1728 adeundi
2270 1663 2352 1726 ad

325 1752 604 1834 fontem,
646 1749 859 1817 inesse
904 1757 972 1817 et
1016 1752 1340 1818 haustum.
1432 1752 1592 1817 haec
1641 1753 1717 1816 de
1763 1752 2001 1816 haustu
2050 1773 2128 1816 ex
2172 1751 2353 1817 fonte

322 1841 598 1925 privato.

504 1929 606 1996 30.
663 1928 742 1996 D.
770 1929 923 1995 ibid.
974 1966 1049 1977 —
1102 1928 1203 1994 Ad
1248 1929 1488 1995 flumen
1538 1933 1756 1995 autem
1802 1929 2131 2013 publicum
2176 1928 2350 1995 idem

325 2018 631 2085 Neratius
670 2019 893 2084 eodem
934 2020 1102 2084 libro
1144 2020 1372 2085 scribit
1408 2020 1531 2083 iter
1568 2018 1797 2084 debere
1825 2018 1941 2101 <in
1977 2018 2157 2103 iure>
2193 2020 2353 2104 cedi,

325 2109 630 2173 haustum
685 2129 818 2174 non
879 2111 1205 2192 oportere,
1279 2112 1344 2172 et
1409 2109 1462 2173 si
1528 2108 1670 2194 quis
1732 2111 1988 2172 tantum
2043 2108 2349 2172 haustum

325 2199 613 2281 cesserit,
660 2196 827 2261 nihil
874 2218 1021 2261 eum
1069 2216 1275 2281 agere.

1174 2372 1485 2457 Deaqua

504 2483 609 2548 31.
664 2422 742 2548 D.
770 2481 877 2565 43,
906 2481 1011 2565 20,
1040 2481 1099 2545 6.
1188 2478 1499 2545 Neratius
1555 2478 1722 2545 libro
1778 2480 1973 2547 tertio
2025 2480 2350 2547 Membra-

328 2592 575 2636 narum.
622 2607 705 2619 —
754 2570 851 2636 De
906 2569 1249 2635 interdicto
1299 2568 1375 2633 de
1423 2591 1592 2655 aqua
1637 2569 1908 2647 aestiva,
1961 2570 2119 2634 item
2165 2571 2353 2635 cotti-

326 2661 518 2725 diana
548 2663 928 2745 quaerentes
956 2658 1237 2744 primum
1260 2657 1780 2723 constituendum
1800 2658 2351 2743 existimabamus,

326 2771 491 2834 quae
540 2752 711 2813 esset
756 2770 923 2832 aqua
970 2747 1237 2831 aestiva,
1281 2746 1359 2811 de
1397 2768 1524 2831 qua
1558 2747 1893 2830 proprium
1931 2746 2350 2812 interdictum

325 2838 405 2901 ad
454 2838 691 2920 prioris
732 2837 997 2901 aestatis
1033 2840 1289 2920 tempus
1327 2836 1604 2900 relatum
1641 2835 1820 2900 reddi
1858 2835 2042 2919 solet,
2086 2836 2211 2902 hoc
2247 2841 2351 2901 est

328 2928 578 2991 aestiva
633 2947 799 3011 aqua
852 2929 1155 2990 utrumne
1202 2946 1280 2989 ex
1325 2923 1463 2989 iure
1511 2926 1756 2989 aestivo
1805 2924 2144 2990 dumtaxat
2187 2928 2347 2989 tem-

323 3035 480 3099 pore
536 3014 755 3078 utendi
811 3013 1154 3099 diceretur,
1209 3035 1294 3077 an
1340 3036 1418 3077 ex
1464 3015 1679 3077 mente
1724 3013 2188 3098 propositoque
2235 3013 2350 3077 du-

324 3103 555 3185 centiS,
611 3100 781 3186 quod
838 3106 1082 3166 aestate
1138 3123 1281 3167 eam
1306 3108 1310 3114 '
1339 3102 1608 3167 ducendi
1663 3102 2004 3167 consilium
2058 3102 2350 3188 haberet,

325 3213 409 3256 an
458 3212 533 3255 ex
579 3195 812 3255 natura
856 3192 1060 3274 ipsius
1108 3212 1342 3276 aquae,
1389 3191 1559 3274 quod
1606 3195 1851 3255 aestate
1897 3195 2153 3256 tantum
2199 3190 2350 3256 duci

323 3284 571 3364 potest,
636 3301 720 3343 an
784 3302 861 3344 ex
924 3280 1209 3345 utilitate
1271 3281 1586 3363 locorum,
1649 3279 1719 3344 in
1772 3302 1936 3364 quae
1992 3279 2350 3346 duceretur.

323 3367 623 3452 placebat
668 3367 873 3452 igitur
908 3390 1142 3453 aquam
1179 3368 1262 3433 ob
1301 3368 1421 3433 has
1460 3368 1616 3433 duas
1653 3390 1777 3452 res,
1821 3370 2122 3434 naturam
2161 3392 2348 3434 suam

325 3457 801 3540 utilitatemque
847 3457 1134 3523 locorum
1181 3458 1248 3520 in
1297 3477 1461 3543 quae
1509 3456 1870 3543 deducitur,
1926 3456 2186 3543 proprie
2231 3480 2348 3542 ap-

324 3545 583 3632 pellari,
639 3546 731 3609 ita
787 3549 884 3631 ut,
942 3546 1076 3610 sive
1133 3546 1269 3610 eius
1325 3551 1557 3610 natura
1607 3546 1754 3631 erit,
1807 3551 1881 3612 ut
1926 3548 2048 3613 nisi
2098 3550 2349 3613 aestate
