2575 3900
1010 189 1060 240 s.
1098 184 1450 241 VIV1ANUS
2113 188 2244 252 243

206 346 305 413 VI
336 370 416 413 ex
434 346 715 413 Viviano
743 348 1021 413 relatum
1050 353 1178 414 est:
1206 349 1261 413 si
1280 348 1541 414 furnum
1562 349 1909 415 secundum
1926 350 2246 435 parietem

204 458 613 503 communem
675 436 976 517 haberes,
1040 459 1125 502 an
1187 437 1410 501 damni
1473 438 1712 503 iniuria
1771 439 2062 505 teneris}>
2175 445 2242 505 et

206 527 303 593 ait
346 525 755 611 (Proculus)
809 527 919 611 agi
971 547 1102 591 non
1150 547 1346 611 posse
1392 527 1657 611 Aquilia
1701 528 1874 613 lege,
1929 530 2083 612 quia
2126 551 2246 594 nec

205 638 353 680 cum
403 637 477 680 eo
527 614 636 699 qui
681 614 898 680 focum
942 614 1230 680 haberet.
1324 618 1391 680 et
1434 616 1581 681 ideo
1629 616 1893 701 aequius
1938 622 2129 700 putat
2170 619 2242 682 in

203 704 456 770 factum
503 704 826 768 actionem
873 702 1169 769 dandam.

381 816 474 875 Ex
499 815 757 875 Viviano
794 814 942 875 haec
976 814 1288 875 rettulisse
1315 814 1709 892 Pomponium
1751 817 2025 895 suspicor
2058 816 2240 896 idque

202 905 379 965 libris
435 904 512 963 ad
568 904 857 981 edictum,
912 903 1131 981 quibus
1176 904 1505 981 Ulpianum
1558 905 1623 963 in
1675 905 1802 966 suis
1855 906 1933 965 ad
1978 906 2242 967 edictum

199 994 374 1054 libris
420 992 711 1053 faciendis
758 992 1107 1069 saepissime
1151 1011 1332 1053 usum
1378 1011 1508 1054 esse
1555 997 1806 1056 constat.
1887 995 2038 1055 talia
2083 996 2242 1055 enim

200 1082 614 1160 reperiuntur:
680 1074 819 1141 ‘hoc
880 1084 1116 1141 veteres
1181 1083 1552 1143 existimasse
1606 1083 1970 1160 Pomponius
2024 1078 2234 1143 refert'

201 1163 305 1253 (D.
338 1174 398 1249 2,
424 1172 483 1245 4,
514 1172 573 1246 4,
604 1172 641 1230 2
690 1171 754 1231 Ρ.
796 1164 940 1248 13),
995 1163 1382 1247 ‘Pomponius
1577 1172 1792 1232 scribit
1835 1218 1850 1232 .
1881 1214 1900 1233 .
1947 1176 2010 1233 et
2053 1174 2240 1233 refert

198 1260 547 1320 Labeonem
600 1254 967 1319 existimare'
1023 1252 1123 1339 (D.
1152 1261 1214 1337 4,
1244 1262 1304 1338 2,
1335 1262 1372 1320 9
1393 1280 1482 1337 pr.
1538 1261 1604 1321 P.
1635 1254 1776 1344 40),
1833 1255 2017 1321 ‘idem
2060 1261 2238 1322 Pom·

198 1349 420 1426 ponius
474 1349 663 1408 refert
706 1348 1045 1408 Labeonem
1094 1343 1464 1409 existimare'
1510 1344 1612 1426 (D.
1643 1352 1704 1428 4,
1734 1352 1792 1429 3,
1827 1354 1883 1427 1,
1914 1353 1951 1411 6
2001 1350 2066 1409 P.
2101 1346 2238 1430 44),

82 1474 107 1502 ο
202 1438 461 1515 aliaque.
528 1438 787 1514 denique
822 1436 1222 1513 Pomponium
1266 1438 1332 1496 in
1368 1437 1538 1498 libris
1577 1440 1653 1498 ad
1690 1438 1954 1499 edictum
1992 1439 2236 1499 Viviani

200 1546 381 1602 opere
434 1544 613 1586 usum
668 1544 797 1586 esse
850 1525 924 1587 D.
969 1529 1077 1603 13,
1119 1529 1185 1604 6,
1229 1529 1338 1604 17,
1377 1529 1418 1585 4
1481 1527 1716 1603 probat.
1814 1528 1973 1587 idem
2037 1532 2239 1588 censet

200 1615 477 1675 Pernice:
510 1614 1055 1693 Sitzungsberichte
1085 1616 1190 1674 der
1208 1614 1486 1675 Berliner
1502 1614 1836 1677 Akademie
1868 1618 2037 1677 1885
2068 1616 2238 1675 XXV

200 1724 263 1781 p·
302 1707 440 1854 305.
476 1786 559 1853 D.
575 1788 729 1853 ibid.
750 1790 896 1869 §24
932 1784 1029 1875 (P.
1051 1784 1257 1875 624⁰).
1294 1823 1370 1835 —
1405 1786 1474 1853 Si
1511 1809 1744 1853 navem
1771 1789 2233 1854 venaliciarum

197 1877 510 1943 mercium
573 1876 993 1963 perforasset,
1062 1876 1366 1963 Aquiliae
1433 1878 1752 1943 actionem
1819 1899 1988 1962 esse,
2052 1878 2237 1962 quasi

206 1967 485 2052 ruperit,
531 1965 847 2033 Vivianus
894 1968 1142 2033 scribit.

380 2075 443 2140 6.
507 2072 584 2138 D.
622 2073 777 2156 ibid.
814 2076 854 2155 ξ
891 2075 977 2141 28
1036 2071 1135 2160 (Ρ.
1164 2071 1373 2161 625⁸).
1425 2111 1500 2122 —
1553 2125 1566 2139 .
1609 2127 1622 2140 .
1672 2073 1729 2139 si
1774 2097 2043 2159 puerum
2090 2075 2233 2159 quis

198 2160 585 2228 castraverit
655 2166 721 2227 et
783 2164 1235 2248 pretiosiorem
1300 2165 1551 2248 fecerit,
1622 2161 1941 2229 Vivianus
2008 2164 2234 2229 scribit

198 2273 455 2317 cessare
499 2250 849 2336 Aquiliam.

378 2345 678 2422 Ulpianus
734 2344 928 2404 addit:
986 2337 1112 2407 ‘sed
1165 2345 1528 2405 iniuriarum
1583 2345 1702 2406 erit
1746 2346 2046 2425 agendum
2092 2339 2232 2426 (aut

197 2453 272 2493 ex
316 2434 513 2494 edicto
550 2434 833 2494 aedilium
872 2431 1030 2510 [aut]
1070 2434 1134 2494 in
1171 2425 1650 2515 quadruplum)'.

944 2605 1045 2671 De
1088 2607 1483 2671 commodato,

380 2737 451 2796 cf.
488 2735 709 2796 Iuliani
752 2735 974 2796 librum
1019 2735 1105 2793 XI
1148 2735 1214 2797 P.
1248 2737 1615 2796 lvo—172.

380 2840 465 2903 7⁸.
512 2835 589 2901 D.
612 2837 714 2921 13,
734 2837 793 2920 6,
816 2839 953 2922 1,1.
1024 2835 1344 2921 Ulpianus
1391 2837 1560 2902 libro
1601 2835 1952 2901 vicensimo
1992 2841 2224 2903 octavo

194 2927 280 2992 ad
337 2926 618 2992 edictum
672 2924 773 3013 (P.
804 2924 1011 3010 804⁸).
1069 2961 1147 2972 —-
1208 2976 1223 2990 .
1260 2977 1274 2990 .
1339 2925 1601 3010 proprie
1658 2924 2067 2991 commodata
2120 2948 2225 2992 res

190 3017 432 3081 dicitur
487 3020 552 3079 et
605 3037 769 3099 quae
825 3012 951 3080 soli
1004 3018 1130 3100 est,
1184 3015 1377 3100 idque
1434 3020 1499 3079 et
1553 3012 1816 3081 Cassius
1878 3015 2225 3081 existimat.

188 3103 516 3170 Vivianus
608 3103 890 3188 amplius
981 3104 1178 3168 etiam
1266 3103 1741 3170 habitationem
1832 3104 2225 3169 commodari

191 3215 388 3278 posse
436 3193 549 3258 ait.

378 3279 466 3347 7¹².
507 3281 586 3347 D.
619 3281 720 3364 19,
748 3280 808 3366 5,
831 3281 912 3346 17
923 3303 1019 3366 pr.
1090 3278 1412 3366 Ulpianus
1449 3280 1601 3347 ibid.
1645 3317 1719 3328 -
1763 3278 1832 3346 Si
1870 3281 2223 3365 gratuitam

190 3371 315 3436 tibi
351 3370 825 3436 habitationem
864 3370 1115 3456 dedero,
1154 3392 1237 3434 an
1276 3370 1666 3437 commodati
1705 3391 1897 3456 agere
1933 3369 2222 3454 possim?

193 3465 260 3525 et
304 3459 627 3526 Vivianus
675 3459 767 3524 ait
811 3480 1021 3543 posse.

374 3549 435 3615 8.
499 3548 578 3614 D.
617 3548 721 3630 13,
750 3549 811 3633 6,
842 3549 944 3632 17,
971 3548 1031 3613 4.
1130 3547 1368 3612 Paulus
1423 3548 1590 3613 libro
1647 3545 1994 3614 vicensimo
2047 3567 2221 3614 nono

1688 3650 1794 3703 16*
