2575 3900
328 180 458 245 328
532 180 599 234 V.
635 179 935 235 NERVAE
973 179 1066 234 ΕΤ
1104 177 1412 234 TRAIANI
1443 177 1660 233 TEMP.
1697 178 1890 234 IURIS
1929 177 2289 235 CONSULTI

326 345 473 410 loco
548 366 675 428 quo
737 343 895 409 facti
958 341 1330 429 ignorantia
1391 341 1619 408 haberi
1681 342 1968 426 debebit,
2039 364 2182 408 cum
2243 342 2347 407 ius

328 433 585 501 finitum
652 436 717 496 et
777 433 989 518 possit
1052 453 1191 498 esse
1246 434 1315 496 et
1367 431 1628 516 debeat,
1687 431 1846 497 facti
1899 431 2350 516 interpretatio

337 523 717 606 plerumque
762 521 957 586 etiam
1005 519 1542 606 prudentissimos
1586 520 1792 587 fallat.

1156 721 1377 780 Liber
1421 720 1524 781 VI.

914 820 1013 888 De
1058 823 1356 906 emptione
1399 823 1758 888 venditione.

509 931 612 996 48.
666 927 745 995 D.
784 929 890 1013 21,
927 929 987 1010 2,
1024 929 1131 994 48.
1222 926 1531 994 Neratius
1584 929 1753 994 libro
1805 933 1988 995 sexto
2034 929 2350 994 Membra·

333 1041 580 1085 narum.
624 1055 714 1066 -—
760 1015 922 1084 Cum
971 1017 1206 1082 fundus
1253 1016 1374 1081 ‘uti
1421 1018 1702 1104 optimus
1743 1018 2188 1103 maximusque
2227 1016 2353 1083 est'

334 1112 589 1193 emptus
646 1112 747 1172 est
803 1111 870 1172 et
924 1107 1193 1172 alicuius
1249 1105 1579 1172 servitutis
1633 1107 1879 1172 evictae
1934 1109 2192 1172 nomine
2240 1106 2350 1171 ali·

337 1197 490 1282 quid
538 1200 791 1282 emptor
839 1219 877 1260 a
925 1195 1257 1260 venditore
1305 1199 1684 1264 consecutus
1731 1200 1850 1281 est,
1900 1195 2125 1261 deinde
2171 1199 2349 1262 totus

335 1285 574 1354 fundus
612 1285 949 1368 evincitur,
986 1285 1069 1350 ob
1109 1305 1251 1348 eam
1288 1284 1671 1351 evictionem
1707 1285 1772 1349 id
1810 1283 2132 1369 praestari
2164 1285 2356 1350 debet

336 1375 507 1459 quod
555 1395 633 1438 ex
679 1373 875 1459 duplo
921 1373 1242 1458 reliquum
1291 1376 1420 1456 est3
1467 1395 1619 1439 nam
1667 1375 1723 1439 si
1772 1374 1949 1439 aliud
1987 1373 2353 1439 observabi-

339 1485 510 1546 mUS,
557 1463 978 1529 servitutibus
1025 1461 1349 1548 aliquibus
1398 1465 1464 1528 et
1507 1484 1656 1527 mox
1701 1463 2100 1547 proprietate
2145 1463 2356 1527 evicta

342 1552 620 1636 amplius
650 1551 844 1636 duplo
872 1556 1122 1634 emptor
1143 1552 1394 1634 [quam]
1419 1552 1646 1635 quanti
1666 1551 1824 1616 emit
1844 1554 2356 1636 consequeretur.

1060 1709 1162 1777 De
1202 1712 1341 1776 iure
1383 1712 1636 1776 dotium.

519 1817 626 1882 49.
671 1815 751 1881 D.
788 1816 892 1894 25,
935 1819 990 1894 1,
1030 1817 1133 1882 16.
1212 1815 1394 1882 Idem
1439 1813 1558 1900 (sc.
1594 1813 1930 1903 Neratius)
1969 1816 2138 1882 libro
2173 1821 2358 1882 sexto

344 1904 888 1973 Membranarum.
916 1941 1001 1953 -
1028 1903 1121 1971 Et
1148 1910 1300 1971 ante
1331 1907 1552 1971 omnia
1580 1923 2014 1991 quaecumque
2031 1906 2359 1991 impensae

346 1994 858 2082 quaerendorum
894 1994 1221 2061 fructuum
1261 2016 1457 2060 causa
1491 1995 1700 2061 factae
1729 2000 1932 2076 erunt,
1970 2017 2360 2080 quamquam

344 2085 606 2149 eaedem
660 2084 856 2147 etiam
912 2083 1162 2151 colendi
1209 2105 1406 2150 causa
1451 2084 1616 2149 fiant
1659 2084 1929 2169 ideoque
1974 2106 2108 2151 non
2151 2084 2360 2149 solum

347 2174 429 2238 ad
488 2171 934 2258 percipiendos
987 2171 1262 2255 fructus,
1319 2174 1431 2239 sed
1485 2174 1682 2238 etiam
1729 2173 1811 2239 ad
1853 2172 2362 2241 conservandam

342 2264 556 2347 ipsam
610 2282 746 2326 rem
803 2262 1207 2346 speciemque
1264 2262 1402 2327 eius
1451 2264 1849 2328 necessariae
1896 2264 2053 2348 sint,
2107 2282 2217 2327 eas
2262 2262 2364 2325 vir

342 2373 421 2416 ex
477 2372 594 2416 suo
645 2350 804 2415 facit
846 2371 964 2416 nec
1010 2351 1210 2415 ullam
1256 2350 1457 2416 habet
1503 2372 1580 2417 eo
1627 2352 1888 2419 nomine
1935 2373 2014 2415 ex
2059 2352 2210 2416 dote
2257 2348 2361 2415 de-

342 2439 729 2505 ductionem.

1174 2527 1275 2593 De
1318 2529 1536 2594 tutelv‘s.

497 2614 627 2701 x50.
680 2634 759 2700 D.
803 2636 903 2720 12,
941 2636 1001 2719 6,
1037 2636 1143 2701 41.
1233 2634 1538 2700 Neratius
1594 2635 1758 2701 libro
1816 2639 1998 2701 sexto
2044 2634 2366 2700 Membra·

344 2747 596 2790 narum.
638 2761 715 2771 —
757 2723 945 2801 Quod
979 2724 1266 2809 pupillus
1306 2726 1443 2789 sine
1482 2725 1720 2789 tutoris
1752 2725 2135 2790 auctoritate
2163 2724 2365 2809 stipu-

345 2815 539 2967 {lariti¹⁵
553 2814 927 2897 promiserit
964 2814 1249 2899 solverit,
1293 2813 1596 2899 repetitio
1636 2817 1752 2897 est,
1790 2814 1942 2898 quia
1976 2834 2095 2877 nec
2129 2816 2368 2877 natura

390 2924 425 2967 e
475 2925 508 2967 e
541 2950 555 2966 .

939 2988 1041 3055 De
1080 2990 1434 3056 hereditatis
1469 2992 1772 3072 petitione.

528 3096 632 3162 51.
686 3096 766 3162 D.
805 3096 909 3180 37,
951 3097 1052 3181 10,
1090 3098 1149 3161 9.
1239 3094 1546 3162 Neratius
1601 3099 1770 3164 libro
1819 3102 1997 3163 sexto
2043 3097 2370 3163 Membra·

347 3208 599 3251 narum.
660 3222 736 3233 --
795 3183 978 3261 Quod
1034 3184 1252 3252 Labeo
1321 3187 1574 3273 scribit,
1639 3189 1934 3273 quotiens
1991 3186 2368 3271 suppositus

352 3297 493 3340 esse
551 3275 783 3340 dicitur
825 3273 1336 3359 pupillu8,·cum
1387 3298 1512 3361 quo
1561 3277 1636 3341 de
1683 3277 1887 3361 patris
1935 3277 2070 3341 eius
2116 3275 2370 3341 heredi-

352 3368 489 3429 tate
536 3361 973 3428 controversia
1020 3367 1144 3445 est,
1200 3384 1422 3429 curare
1467 3369 1831 3450 praetorem
1878 3365 2137 3444 debere,
2191 3368 2265 3428 ut
2311 3364 2369 3429 is

355 3453 426 3516 in
470 3452 879 3536 possessione
927 3450 1037 3533 sit,
1084 3451 1161 3516 de
1200 3473 1275 3517 eo
1315 3458 1472 3538 puto
1511 3476 1656 3519 eum
1695 3455 1863 3520 velle
1899 3453 2213 3540 intellegi,
2258 3453 2374 3538 qui

372 3546 507 3607 most
551 3546 826 3608 mortem
870 3542 1075 3626 patris
1122 3540 1425 3628 familiae,
1468 3544 1576 3627 qui
1626 3564 1693 3608 se
1742 3544 1880 3608 sine
1925 3543 2148 3609 liberis
2191 3543 2372 3607 dece·
