2575 3900
717 167 1190 222 CORRIGENDA
1226 168 1321 220 ET
1358 168 1728 222 ADDENDA.
2107 171 2232 234 601

209 338 556 413 subreptum
602 355 744 411 esse,
790 356 896 395 nee
944 337 1101 413 quod
1147 337 1411 396 hostium
1456 337 1668 396 fuisset
1714 341 1821 396 aut
1866 339 2237 413 postliminio

209 427 480 501 redisset,
529 425 583 484 ei
628 427 715 484 rei
760 425 1184 501 impedimento
1231 443 1370 485 esse.

352 527 407 576 p.
439 511 542 560 356
573 509 716 574 post.
746 505 812 558 fr.
847 512 911 559 12
952 506 1214 559 addenda
1251 509 1406 560 sunt:

355 589 433 644 12
465 581 551 619 Μ’·
579 585 652 643 D.
694 587 804 659 39,
845 590 912 660 3,
955 589 1063 660 11,
1103 588 1160 644 5.
1251 584 1475 644 Paulus
1531 585 1683 644 libro
1743 588 2234 665 quadragensimo

210 695 367 734 nono
423 675 498 733 ad
555 675 830 733 edietum.
877 691 966 714 ⁴—
1012 674 1076 732 Si
1123 695 1194 734 ex
1239 675 1497 750 privato·
1524 693 1667 752 agro
1714 677 1778 733 in
1824 695 2035 754 agrum
2080 697 2235 736 eom-

207 782 444 822 munem
491 783 646 838 aqua
689 763 1072 838 immittatur,
1120 763 1333 822 Ofilius
1382 765 1469 822 ait
1514 765 1741 822 socium
1779 784 1910 823 eum
1956 785 2024 824 eo
2064 786 2236 842 agere

207 872 394 929 posse.

795 960 888 1017 De
934 962 1212 1032 emptione
1255 961 1593 1018 venditione.
1609 953 1633 989 1

353 1087 432 1141 12
464 1081 547 1116 m·
579 1082 706 1142 Gai.
748 1085 806 1158 3,
843 1086 985 1143 140.
1025 1116 1113 1122 —
1157 1083 1423 1142 Pretium
1470 1129 1483 1141 .
1516 1131 1526 1140 .
1576 1086 1803 1143 eertum
1849 1103 1971 1144 esse
2018 1085 2233 1144 debet.

207 1192 347 1230 nam
393 1174 660 1248 alioquin
705 1173 758 1230 si
802 1173 892 1231 ita
937 1173 1093 1231 inter
1136 1191 1243 1230 nos
1276 1174 1639 1247 convenerit,
1684 1177 1756 1231 ut
1793 1175 2004 1248 quanti
2041 1176 2235 1234 Titius

207 1281 330 1319 rem
369 1263 790 1336 aestimaverit,
828 1262 986 1320 tanti
1023 1263 1103 1320 sit
1139 1265 1356 1336 empta,
1385 1261 1583 1321 Labeo
1619 1263 1864 1340 negavit
1900 1264 2089 1321 ullam
2114 1265 2236 1323 vim
2331 1345 2335 1349 ι

207 1351 318 1409 hoo
380 1352 688 1428 negotium
741 1350 956 1408 habere
1006 1397 1016 1406 .
1069 1397 1079 1406 .
1124 1397 1134 1406 .
1190 1348 1404 1408 Ofilius
1461 1354 1521 1410 et
1576 1371 1707 1410 eam
1762 1354 2119 1427 emptionem
2176 1357 2235 1411 et

207 1439 634 1513 venditionem,
681 1440 848 1498 cuius
896 1439 1234 1514 opinionem
1279 1439 1570 1498 Proculus
1618 1443 1854 1498 secutus
1902 1443 2006 1499 est.

349 1539 402 1588 p.
435 1525 534 1573 357
566 1522 697 1588 post
723 1519 788 1572 fr.
822 1525 888 1571 14
927 1519 1272 1572 addendum:

1054 1689 1148 1744 De
1191 1688 1384 1759 furtis,

388 1813 468 1869 14
498 1804 582 1842 ΜΒ·
613 1810 684 1867 D.
717 1813 820 1884 47,
851 1813 908 1884 2,
939 1813 1018 1868 21
1033 1831 1119 1886 pr.
1184 1810 1409 1870 Paulus
1450 1802 1677 1892 (potius
1713 1808 2036 1895 Ulpianus)
2080 1816 2233 1875 libro

208 1900 702 1979 quadragensimo
741 1899 816 1958 ad
857 1898 1160 1959 Sabinum.
1189 1931 1280 1940 --
1298 1899 1579 1979 Volgaris
1617 1903 1706 1961 est
1743 1904 2029 1979 quaestio,
2070 1924 2147 1963 an
2182 1906 2234 1965 is

207 1991 312 2066 qui
349 2010 420 2048 ex
456 2008 665 2049 acervo
703 1989 1000 2048 frumenti
1023 1990 1323 2049 modicum
1360 1992 1621 2065 sustulit,
1660 1992 1845 2051 totius
1882 1994 1969 2052 rei
2006 1996 2235 2053 furtum

206 2080 390 2139 faeiat
445 2099 522 2137 an
576 2098 715 2139 vero
763 2080 888 2137 eius
934 2082 1174 2138 tantum
1221 2080 1380 2156 quod
1428 2080 1694 2139 abstulit.
1788 2080 2001 2140 Ofilius
2047 2085 2233 2141 totius

207 2170 403 2228 acervi
447 2168 642 2227 furem
687 2187 810 2227 esse
855 2171 1048 2243 putat.

348 2286 402 2336 p.
435 2271 539 2318 360
566 2266 604 2319 1.
636 2272 734 2319 23:
765 2267 971 2335 legata.

348 2356 402 2406 p.
436 2342 535 2389 361
566 2336 603 2390 1.
636 2342 694 2390 6:
734 2336 1092 2405 opinionibus
1131 2338 1528 2403 singulorum.

411 2439 476 2447 —
559 2408 596 2459 1.
629 2413 721 2460 24:
761 2424 873 2461 non
912 2407 1178 2480 (solum)
1218 2408 1385 2461 solus,

347 2497 401 2547 p.
433 2483 535 2530 363
565 2478 602 2530 l.
635 2483 726 2531 15:
764 2481 830 2531 ut
865 2479 916 2532 is
956 2494 1023 2530 ex
1058 2479 1258 2533 locato,

346 2568 400 2618 p.
433 2554 533 2602 367
563 2550 600 2602 1.
635 2554 726 2602 15:
764 2550 825 2602 in
864 2548 1249 2603 Coniectaneis
1288 2550 1598 2619 scriptum.

412 2652 478 2661 —-
561 2620 598 2673 l.
629 2626 723 2674 22:
763 2623 1002 2675 senatus.

347 2711 402 2761 p.
434 2697 537 2745 368
566 2691 601 2744 1.
634 2696 727 2745 20:
768 2698 798 2757 s
827 2692 956 2759 239,
989 2697 1034 2745 7.

347 2781 402 2832 p.
434 2767 536 2816 375
564 2762 601 2816 1.
633 2768 690 2816 8:
727 2764 1004 2819 missurus
1043 2780 1117 2817 es,

348 2853 401 2903 p.
435 2840 532 2887 381
566 2834 603 2887 l.
634 2840 728 2887 21:
769 2837 935 2888 certe.

348 2924 401 2974 p.
435 2911 537 2959 384
565 2905 602 2957 1.
636 2911 729 2958 19:
772 2912 821 2972 7,
850 2905 1035 2973 26pr.

347 2995 400 3045 p.
433 2982 534 3028 392
565 2976 600 3030 1.
633 2982 726 3030 25:
767 2976 906 3030 Gen.
937 2982 986 3043 4,
1019 2983 1068 3043 2,
1099 2982 1146 3029 9.
1190 2983 1270 3031 10.

411 3080 476 3088 —
560 3047 596 3100 l.
630 3053 722 3101 26:
764 3048 972 3101 sterila.

347 3138 400 3188 p.
432 3124 535 3171 402
565 3118 600 3172 l.
633 3124 728 3173 25:
769 3119 977 3173 sterila.

345 3210 400 3261 p.
433 3190 602 3243 4051.
635 3196 725 3243 14:
766 3190 1120 3261 (Trebatius).

207 3332 243 3385 b
344 3280 399 3345 p.
430 3267 533 3315 409
563 3262 598 3314 l.
630 3267 723 3315 26:
769 3261 1061 3316 Iavolenus
1107 3262 1251 3316 libro
1300 3263 1542 3317 seeundo
1582 3279 1649 3316 ex
1685 3264 2087 3332 posterioribus
2126 3266 2231 3316 La-

247 3349 416 3386 eonius,

348 3422 401 3472 p.
432 3410 536 3457 410
576 3405 649 3457 ad
685 3404 752 3457 fr.
786 3411 879 3458 16⁸
915 3404 982 3459 cf.
1021 3405 1073 3458 H
1104 3412 1130 3458 1
1171 3424 1226 3474 p.
1260 3410 1377 3458 196.

347 3493 401 3543 p.
431 3480 532 3529 411
562 3476 600 3529 1.
631 3482 689 3530 9:
729 3475 1044 3532 Trebatius.

411 3578 477 3585 —
559 3547 596 3599 l.
629 3553 711 3600 13:
751 3548 1037 3603 educetur.
