2575 3900
361 220 496 284 454
567 220 632 274 V.
669 218 969 273 NERVAE
1007 218 1100 271 ET
1137 217 1447 272 TRAIANI'
1474 217 1688 271 ΤΕΜΡ.
1726 216 1921 271 IURIS
1960 217 2375 274 CONSULTI

358 387 450 449 ad
487 404 666 465 quem
699 383 976 465 pretium
1006 381 1239 463 peculii
1274 381 1579 462 pervenit;
1627 384 1637 459 Ι
1688 384 1758 444 at
1788 400 1928 444 eum
1974 380 2157 445 heres
2196 382 2443 449 iussus

359 478 448 537 est
458 472 772 555 peculium
805 472 956 535 dare
990 474 1230 551 accepta
1264 474 1429 534 certa
1461 490 1723 546 summa,
1768 489 1895 532 non
1930 470 2189 533 videtur
2216 492 2441 553 penes

361 562 638 626 heredem
679 580 804 625 esse
838 559 1163 641 peculium.

1065 706 1167 773 De
1207 709 1278 771 in
1323 729 1451 772 rem
1495 728 1679 771 verso,

537 815 640 879 66.
709 814 786 879 D.
827 814 937 895 15,
974 814 1043 895 3,
1081 814 1139 877 2.
1238 813 1579 879 Iavolenus
1642 812 1809 876 libro
1866 812 2273 880 duodecimo
2342 839 2433 881 ex

358 903 603 970 Cassio,
657 940 734 949 —
793 902 917 982 Qui
960 903 1232 967 ntcmmis
1275 902 1530 983 acceptis
1572 921 1812 966 servum
1846 904 2257 984 manumisit,
2307 907 2435 987 aqi

355 1014 495 1059 cum
549 1013 615 1056 eo
667 993 740 1057 de
791 994 860 1056 in
913 1012 1044 1055 rem
1097 1010 1264 1054 verso
1317 1011 1443 1054 non
1477 995 1699 1074 potest,
1753 990 1906 1071 quia
1950 990 2171 1055 dando
2223 993 2428 1059 liber-

357 1088 543 1147 tatem
588 1081 936 1161 locupletior
977 1097 1052 1143 ea:
1093 1080 1368 1143 nummis
1410 1099 1535 1142 non
1579 1080 1668 1161 filt.

535 1170 637 1234 67.
691 1169 768 1233 D.
824 1166 932 1251 15,
979 1168 1046 1248 3,
1095 1168 1153 1231 9.
1243 1165 1587 1231 Iavolenus
1647 1164 1813 1230 libro
1870 1166 2273 1235 duodecimo
2337 1193 2427 1235 ex

353 1257 598 1325 GassiO.
637 1294 724 1303 -
760 1256 836 1321 Si
879 1276 1016 1320 vero
1053 1260 1233 1336 pater
1268 1256 1462 1319 dotem
1500 1256 1758 1319 daturus
1791 1274 1918 1319 non
1950 1256 2103 1338 fuit,
2155 1258 2234 1321 in
2272 1280 2425 1325 rem

341 1348 555 1429 patris
599 1366 840 1411 versum
883 1364 1007 1409 esse
1051 1364 1175 1407 non
1219 1345 1469 1407 videtur.

533 1456 608 1514 ef.
653 1455 725 1514 D.
769 1458 868 1533 15,
909 1457 968 1532 3,
1007 1458 1063 1531 7,
1105 1456 1140 1513 5
1188 1453 1327 1528 Ulp.
1384 1453 1447 1512 Si
1511 1454 1671 1511 filius
1734 1453 2001 1513 familias
2069 1460 2422 1531 pecuniam

349 1548 666 1607 mutuatus
729 1563 838 1621 pro
901 1543 1026 1601 filia
1092 1561 1200 1600 sua.
1257 1542 1457 1600 dotem
1514 1542 1770 1619 dederit,
1834 1542 1899 1600 in
1957 1562 2093 1603 rem
2150 1565 2421 1607 versum

348 1634 544 1712 patris
590 1632 854 1710 videtur,
901 1634 1196 1707 quatenus
1243 1648 1391 1688 avus
1436 1648 1544 1705 pro
1590 1633 1769 1706 nepte
1816 1630 2080 1691 daturus
2130 1634 2277 1696 fuit.

1151 1842 1369 1899 Liber
1411 1840 1573 1899 XIII.

1112 1958 1212 2025 De
1255 1961 1609 2024 interdictis·

531 2079 632 2143 68.
681 2076 755 2142 D.
787 2079 892 2153 41,
921 2079 981 2157 2,
1011 2077 1113 2140 22.
1213 2074 1391 2138 Idem
1440 2074 1553 2155 (sc.
1600 2073 1974 2164 Iavolenus)
2026 2079 2209 2146 libro
2278 2087 2413 2148 ter-

348 2170 443 2235 tio
511 2165 755 2230 decimo
822 2188 899 2229 ex
964 2163 1206 2229 CassiO.
1275 2199 1349 2208 -
1420 2162 1567 2226 Non
1629 2165 1869 2229 videtur
1929 2172 2415 2248 possessionem

348 2261 606 2342 adeptus
649 2253 706 2319 is
749 2256 856 2336 qui
903 2255 992 2317 ita
1036 2257 1252 2316 nactus
1298 2255 1403 2332 est,
1437 2255 1509 2314 ut
1542 2271 1678 2315 eam
1714 2255 1975 2319 retinere
2010 2277 2147 2322 non
2174 2263 2411 2341 possit.

530 2343 632 2410 69.
690 2341 764 2406 D.
793 2344 900 2425 43,
937 2341 998 2419 5,
1028 2340 1085 2405 5.
1168 2338 1511 2403 Iavolenus
1557 2340 1725 2404 libro
1772 2343 1973 2406 tertio
2015 2344 2283 2414 decimo
2326 2371 2409 2415 ex

349 2433 596 2500 Cassio,
651 2467 726 2478 --
776 2431 874 2496 De
920 2427 1148 2493 tabulis
1180 2426 1570 2508 proferendis
1614 2429 2013 2495 interdictum
2056 2443 2411 2518 competere

347 2545 473 2588 reon
517 2525 760 2606 oportet,
804 2521 862 2584 si
903 2517 1256 2582 hereditatis
1302 2517 1710 2580 controversia
1754 2537 1830 2580 ex
1872 2518 1976 2582 his
2013 2526 2257 2602 pendet
2290 2533 2413 2592 aut

347 2614 405 2676 si
439 2613 527 2676 ad
550 2609 866 2692 publicam
901 2605 1312 2686 quaestionem
1344 2603 1622 2683 pertinet.
1669 2605 1876 2685 itaque
1910 2608 1983 2670 in
2020 2613 2179 2676 aede
2212 2634 2409 2680 sacra

347 2701 598 2765 interim
645 2695 1029 2776 deponendae
1072 2695 1219 2754 sunt
1261 2696 1376 2753 aut
1418 2692 1587 2770 apud
1628 2693 1836 2756 virum
1881 2696 2207 2767 idoneum.

527 2788 628 2852 70.
678 2784 753 2847 D.
783 2783 887 2864 50,
919 2782 1020 2860 17,
1058 2778 1194 2842 198.
1287 2777 1629 2841 Iavolenus
1677 2779 1848 2845 libro
1886 2785 2093 2850 tertio
2136 2789 2405 2857 decimo

349 2895 425 2937 ex
464 2871 710 2939 Cassio,
751 2907 834 2915 —-
875 2867 1086 2947 Neque
1129 2867 1197 2928 in
1240 2865 1557 2929 interdicto
1592 2887 1780 2949 neque
1817 2870 1887 2933 in
1922 2876 2149 2940 ceteris
2188 2882 2408 2946 causis

334 2963 580 3043 pupillo
642 2978 852 3024 nocere
914 2958 1141 3037 oportet
1202 2954 1409 3016 dolum
1466 2956 1710 3037 tutoris,
1771 2959 1899 3022 sive
1952 2962 2258 3032 solvendo
2316 2975 2411 3035 est

346 3050 472 3112 sive
515 3069 640 3113 non
685 3051 791 3111 est.

1148 3168 1367 3226 Liber
1402 3169 1563 3228 XIV.

522 3298 650 3358 Hoc
706 3297 860 3354 libro
906 3292 979 3349 de
1026 3289 1259 3364 legibus
1307 3291 1638 3370 veteribUS,
1688 3293 1921 3356 scilieet
1967 3298 2092 3359 XII
2146 3305 2406 3368 tabula.-

347 3401 500 3462 rum,
545 3383 809 3461 Aquilia,
847 3378 1071 3452 Cincin,
1108 3377 1377 3435 Falcidia
1412 3378 1640 3438 dictum
1676 3382 1865 3442 fuisse
1902 3385 2101 3448 Lenel
2138 3391 2409 3475 iudicat,

347 3469 411 3530 id
484 3474 642 3549 quod
716 3488 852 3530 cum
915 3466 1389 3542 fragmentorum
1455 3471 1829 3544 argumentis
1894 3479 2209 3541 convenit.
2339 3490 2408 3545 gt

346 3557 822 3638 fragmentorum
893 3554 1010 3612 duo
1075 3569 1297 3628 genera.
1361 3570 1489 3611 esse
1551 3560 1831 3632 apparet,
1895 3581 2091 3622 unum
2160 3587 2406 3653 eorum,
