2575 3900
774 199 824 248 4.
872 193 933 248 L.
970 191 1336 247 NERATIUS
1374 189 1668 246 PRISCUS
2096 189 2222 254 331

198 378 410 443 neque
464 357 799 442 possideat
854 377 1061 442 neque
1107 355 1255 421 dolo
1305 356 1479 421 malo
1525 353 1777 431 fecerit,
1834 375 1962 439 quo
2011 352 2224 418 minus

196 445 563 530 possideret
628 443 796 530 quod
853 445 1086 510 iudicio
1145 445 1428 510 revictus
1482 442 1866 525 restituerit,
1933 463 2016 507 an
2073 441 2224 526 quia

195 535 414 620 possit
451 540 516 600 et
554 534 901 600 secundum
941 534 1140 600 alium
1178 533 1466 617 iudicari,
1505 553 1637 597 non
1664 532 1855 596 aliter
1883 531 2223 597 restituere

198 624 437 689 debeat
483 645 676 710 quam
716 624 772 688 si
809 627 1070 689 cautum
1109 623 1166 687 ei
1204 622 1420 699 fuerit,
1467 620 1638 705 quod
1678 620 1983 686 adversus
2025 620 2223 685 alium

196 712 468 777 eandem
523 711 948 778 hereditatem
1005 711 1309 776 defendit.
1373 709 1514 795 [sed
1570 709 1798 776 melius
1853 713 1954 774 est
2010 708 2223 774 officio

196 801 437 866 iudicis
482 803 780 867 cautione
827 801 929 865 vel
977 799 1398 865 satisdatione
1446 799 1618 864 victo
1664 797 1922 880 mederi,
1967 820 2111 863 cum
2159 805 2226 862 et

196 911 302 955 res
360 891 539 955 salva
593 891 680 955 sit
735 891 794 954 ei
850 890 960 975 qui
1015 889 1083 954 in
1144 889 1550 954 exsecutione
1595 886 1842 952 tardior
1888 888 2066 952 venit
2113 886 2224 952 ad-

196 1001 423 1044 versus
467 980 747 1063 priorem
796 980 1153 1058 victorem]

378 1089 620 1152 Inclusa.
663 1089 850 1151 verba
893 1109 1013 1150 nou
1058 1089 1295 1149 Neratii
1342 1107 1468 1150 esse
1515 1089 1758 1149 Pernice
1814 1087 1943 1147 iure
2003 1091 2223 1148 censet.

723 1279 823 1346 De
865 1281 1203 1362 exceptione
1246 1281 1341 1344 rei
1384 1279 1706 1344 iudicatae.

380 1402 484 1470 59.
532 1405 611 1470 D.
638 1407 744 1488 44,
772 1407 834 1488 2,
864 1406 967 1469 27.
1040 1403 1346 1469 Neratius
1379 1404 1550 1472 libro
1591 1403 1867 1486 septimo
1907 1401 2225 1466 Membra-

195 1516 447 1560 narum.
503 1530 578 1542 -
631 1492 795 1561 Cum
845 1494 921 1559 de
968 1494 1109 1577 hoc,
1161 1515 1242 1557 an
1291 1492 1514 1557 eadem
1561 1513 1664 1558 res
1711 1495 1828 1576 est,
1873 1490 2224 1576 quaeritur,

196 1585 359 1649 haec
397 1584 747 1667 spectanda
786 1587 962 1649 sunt·
1001 1603 1330 1666 personae,
1365 1580 1431 1645 id
1468 1582 1684 1664 ipsum
1722 1579 1798 1644 de
1835 1600 1961 1664 quo
1993 1581 2223 1665 agitur,

194 1693 397 1737 causa
440 1671 738 1756 proxima
775 1671 1069 1737 actionis
1151 1691 1268 1735 nec
1305 1671 1438 1734 iam
1475 1670 1763 1750 interest,
1810 1690 1938 1753 qua
1974 1668 2223 1735 ratione

197 1762 346 1846 quis
396 1783 538 1827 eam
586 1783 845 1828 causam
894 1759 1168 1826 actionis
1207 1763 1572 1843 competere
1610 1758 1734 1823 sibi
1772 1758 2225 1840 existimasset,

196 1849 466 1934 perinde
514 1872 590 1916 ac
636 1851 691 1916 si
742 1851 907 1934 quis,
953 1853 1372 1934 posteaquam
1421 1851 1648 1914 contra
1685 1868 1831 1912 eum
1867 1845 2220 1912 iudicatum

195 1943 398 2018 esset,
443 1961 613 2005 nova
658 1940 1093 2005 instrumenta
1138 1960 1369 2004 causae
1417 1959 1570 2003 suae
1615 1936 2024 2020 repperisset.

943 2134 1044 2201 De
1086 2135 1473 2216 usucapione.

384 2260 488 2326 60.
544 2259 622 2323 D.
659 2262 764 2342 41,
801 2260 863 2338 3,
898 2259 1002 2323 41.
1093 2256 1271 2323 Idem
1319 2257 1438 2345 (sc.
1485 2254 1818 2343 Neratius)
1864 2256 2035 2321 libro
2085 2277 2223 2340 sep·

198 2350 363 2413 timo
409 2347 949 2412 Membranarum.
1002 2382 1075 2393 —
1130 2346 1197 2411 Si
1252 2369 1387 2411 rem
1446 2345 1818 2429 subreptam
1870 2345 2031 2410 mihi
2075 2367 2222 2430 pro·

198 2440 463 2501 curator
509 2456 687 2500 meus
736 2434 1207 2536 adprehendit,
1232 2435 1528 2519 quamvis
1577 2455 1691 2518 per
1737 2437 2221 2518 procuratorem

196 2524 671 2609 possessionem
738 2524 937 2607 apisci
1005 2544 1125 2587 nos
1189 2524 1321 2588 iam
1383 2523 1517 2588 fere
1583 2524 1952 2605 conveniat,
2014 2522 2220 2588 nihilo

197 2612 412 2697 magis
469 2633 610 2675 eam
665 2610 733 2675 111
791 2614 1181 2695 potestatem
1236 2633 1448 2675 meam
1495 2611 1738 2676 redisse
1783 2631 2031 2693 usuque
2079 2612 2221 2695 capi

194 2722 389 2787 posse
454 2698 953 2765 existimandum
1018 2704 1142 2780 est,
1208 2700 1359 2783 quia
1425 2703 1648 2765 contra
1714 2699 1913 2763 statui
1979 2699 2219 2783 captio-

196 2812 344 2857 sum
396 2790 536 2854 erit.
584 2796 601 2814 ⁶

1004 2894 1105 2960 De
1145 2894 1421 2977 deposita

380 3020 485 3085 61.
532 3018 605 3085 D.
641 3021 742 3102 17,
778 3022 839 3103 1,
867 3018 969 3084 39.
1042 3017 1352 3084 Neratius
1393 3018 1558 3083 libro
1597 3018 1872 3103 septimo
1901 3017 2218 3085 Membra·

194 3131 449 3175 narum.
496 3145 578 3157 —
627 3109 717 3175 Et
772 3108 1067 3173 Aristoni
1126 3112 1192 3173 et
1246 3106 1436 3173 Celso
1493 3106 1666 3192 patri
1723 3107 1971 3192 placuit
2027 3130 2219 3193 posse

195 3220 334 3263 rem
390 3197 513 3262 hac
558 3196 930 3263 condicione
978 3196 1214 3282 deponi
1261 3195 1766 3282 mandatumque
1815 3192 2220 3287 (condicione

197 3286 471 3352 fiduciae
519 3284 787 3373 causa?)
846 3287 1113 3370 suscipi,
1169 3292 1243 3350 ut
1297 3307 1404 3349 res
1461 3287 1745 3368 periculo
1793 3288 1929 3352 eius
1977 3287 2064 3352 sit
2109 3287 2220 3371 qui

196 3374 567 3459 depositum
606 3376 709 3440 vel
748 3374 1125 3440 mandatum
1162 3372 1473 3461 (depositi
1505 3375 1604 3439 vel
1633 3374 1923 3440 mandati
1953 3373 2219 3461 causa?)

197 3463 516 3547 suscepit,
562 3463 731 3548 quod
779 3468 843 3528 et
889 3463 1050 3528 mihi
1096 3484 1315 3527 verum
1365 3484 1505 3528 esse
1551 3462 1821 3529 videtur.

379 3555 625 3619 Pernice
671 3558 765 3616 111
809 3578 864 3635 p.
901 3558 1021 3617 139
1072 3576 1127 3615 11.
1161 3560 1216 3618 2.
