<?xml version="1.0" encoding="UTF-8"?>
<!DOCTYPE html PUBLIC "-//W3C//DTD XHTML 1.0 Transitional//EN"
    "http://www.w3.org/TR/xhtml1/DTD/xhtml1-transitional.dtd">
<html xmlns="http://www.w3.org/1999/xhtml" xml:lang="en" lang="en">
 <head>
  <title>
</title>
<meta http-equiv="Content-Type" content="text/html;charset=utf-8" />
  <meta name='ocr-system' content='tesseract 3.04.00' />
  <meta name='ocr-capabilities' content='ocr_page ocr_carea ocr_par ocr_line ocrx_word'/>
</head>
<body>
  <div class='ocr_page' id='page_1' title='image "./iurisprudentiae00unkngoog_0224.png"; bbox 0 0 2575 3900; ppageno 0'>
   <div class='ocr_carea' id='block_1_1' title="bbox 319 157 2343 225">
    <p class='ocr_par' dir='ltr' id='par_1_1' title="bbox 319 157 2343 225">
     <span class='ocr_line' id='line_1_1' title="bbox 319 157 2343 225; baseline -0.003 0"><span class='ocrx_word' id='word_1_1' title='bbox 319 160 445 225; x_wconf 82' lang='lat'>178</span> <span class='ocrx_word' id='word_1_2' title='bbox 478 161 573 217; x_wconf 90' lang='lat'>111.</span> <span class='ocrx_word' id='word_1_3' title='bbox 594 160 748 216; x_wconf 83' lang='lat' dir='ltr'>GAII</span> <span class='ocrx_word' id='word_1_4' title='bbox 770 158 1065 215; x_wconf 80' lang='lat' dir='ltr'>CLAUDII</span> <span class='ocrx_word' id='word_1_5' title='bbox 1082 160 1358 217; x_wconf 82' lang='lat' dir='ltr'>NERON.</span> <span class='ocrx_word' id='word_1_6' title='bbox 1379 159 1668 215; x_wconf 84' lang='lat' dir='ltr'>GALBAE</span> <span class='ocrx_word' id='word_1_7' title='bbox 1689 158 1906 215; x_wconf 83' lang='grc' dir='ltr'><strong>ΤΕΜΡ.</strong></span> <span class='ocrx_word' id='word_1_8' title='bbox 1926 157 2116 215; x_wconf 83' lang='lat' dir='ltr'>IURIS</span> <span class='ocrx_word' id='word_1_9' title='bbox 2133 157 2343 218; x_wconf 81' lang='lat' dir='ltr'>CONS.</span> 
     </span>
    </p>
   </div>
   <div class='ocr_carea' id='block_1_2' title="bbox 315 328 2340 507">
    <p class='ocr_par' dir='ltr' id='par_1_2' title="bbox 315 328 2340 507">
     <span class='ocr_line' id='line_1_2' title="bbox 315 328 2340 407; baseline -0.001 -18"><span class='ocrx_word' id='word_1_10' title='bbox 315 348 459 389; x_wconf 88' lang='lat' dir='ltr'>num</span> <span class='ocrx_word' id='word_1_11' title='bbox 513 348 550 388; x_wconf 94' lang='lat' dir='ltr'>a</span> <span class='ocrx_word' id='word_1_12' title='bbox 593 328 922 388; x_wconf 85' lang='lat' dir='ltr'>minoribus</span> <span class='ocrx_word' id='word_1_13' title='bbox 968 328 1189 407; x_wconf 79' lang='lat' dir='ltr'>viginti</span> <span class='ocrx_word' id='word_1_14' title='bbox 1237 328 1408 388; x_wconf 86' lang='lat' dir='ltr'>annis</span> <span class='ocrx_word' id='word_1_15' title='bbox 1456 328 1711 389; x_wconf 89' lang='lat' dir='ltr'>dominis</span> <span class='ocrx_word' id='word_1_16' title='bbox 1756 328 1951 404; x_wconf 85' lang='lat' dir='ltr'>possit</span> <span class='ocrx_word' id='word_1_17' title='bbox 1995 328 2154 403; x_wconf 87' lang='lat' dir='ltr'>apud</span> <span class='ocrx_word' id='word_1_18' title='bbox 2199 346 2340 388; x_wconf 69' lang='lat' dir='ltr'>con-³</span> 
     </span>
     <span class='ocr_line' id='line_1_3' title="bbox 316 416 1956 507; baseline -0.001 -30"><span class='ocrx_word' id='word_1_19' title='bbox 316 418 517 477; x_wconf 89' lang='lat' dir='ltr'>silium</span> <span class='ocrx_word' id='word_1_20' title='bbox 563 417 933 494; x_wconf 86' lang='lat' dir='ltr'>manumitti,</span> <span class='ocrx_word' id='word_1_21' title='bbox 981 418 1237 477; x_wconf 85' lang='lat' dir='ltr'>fortasse</span> <span class='ocrx_word' id='word_1_22' title='bbox 1284 417 1613 478; x_wconf 86' lang='lat' dir='ltr'>secundum</span> <span class='ocrx_word' id='word_1_23' title='bbox 1635 416 1956 507; x_wconf 79' lang='lat' dir='ltr'>Urseium.</span> 
     </span>
    </p>
   </div>
   <div class='ocr_carea' id='block_1_3' title="bbox 928 606 1726 691">
    <p class='ocr_par' dir='ltr' id='par_1_3' title="bbox 928 606 1726 691">
     <span class='ocr_line' id='line_1_4' title="bbox 928 606 1726 691; baseline -0.001 -19"><span class='ocrx_word' id='word_1_24' title='bbox 928 606 1031 672; x_wconf 83' lang='lat' dir='ltr'>De</span> <span class='ocrx_word' id='word_1_25' title='bbox 1074 607 1275 691; x_wconf 79' lang='lat' dir='ltr'>operis</span> <span class='ocrx_word' id='word_1_26' title='bbox 1320 608 1675 673; x_wconf 71' lang='lat' dir='ltr'>libertorum</span> <span class='ocrx_word' id='word_1_27' title='bbox 1689 606 1726 671; x_wconf 76' lang='grc'>,9</span> 
     </span>
    </p>
   </div>
   <div class='ocr_carea' id='block_1_4' title="bbox 313 720 2343 1429">
    <p class='ocr_par' dir='ltr' id='par_1_4' title="bbox 313 720 2343 1429">
     <span class='ocr_line' id='line_1_5' title="bbox 497 720 2339 807; baseline -0.001 -19"><span class='ocrx_word' id='word_1_28' title='bbox 497 723 597 789; x_wconf 90' lang='lat'>14.</span> <span class='ocrx_word' id='word_1_29' title='bbox 646 720 722 787; x_wconf 93' lang='lat' dir='ltr'>D.</span> <span class='ocrx_word' id='word_1_30' title='bbox 752 723 859 806; x_wconf 87' lang='lat'>44,</span> <span class='ocrx_word' id='word_1_31' title='bbox 887 721 950 806; x_wconf 88' lang='lat'>5,</span> <span class='ocrx_word' id='word_1_32' title='bbox 980 725 1036 802; x_wconf 93' lang='lat'>1,</span> <span class='ocrx_word' id='word_1_33' title='bbox 1068 723 1169 789; x_wconf 89' lang='lat'>10.</span> <span class='ocrx_word' id='word_1_34' title='bbox 1241 722 1561 807; x_wconf 75' lang='lat' dir='ltr'><strong>Ulpianus</strong></span> <span class='ocrx_word' id='word_1_35' title='bbox 1607 722 1774 786; x_wconf 89' lang='lat' dir='ltr'>libro</span> <span class='ocrx_word' id='word_1_36' title='bbox 1812 722 2339 807; x_wconf 86' lang='lat' dir='ltr'>septuagensimo</span> 
     </span>
     <span class='ocr_line' id='line_1_6' title="bbox 319 810 2341 898; baseline 0 -23"><span class='ocrx_word' id='word_1_37' title='bbox 319 815 500 875; x_wconf 90' lang='lat' dir='ltr'>sexto</span> <span class='ocrx_word' id='word_1_38' title='bbox 551 811 633 876; x_wconf 87' lang='lat' dir='ltr'>ad</span> <span class='ocrx_word' id='word_1_39' title='bbox 674 810 950 876; x_wconf 88' lang='lat' dir='ltr'>edictum</span> <span class='ocrx_word' id='word_1_40' title='bbox 990 810 1089 898; x_wconf 87' lang='lat' dir='ltr'>(P.</span> <span class='ocrx_word' id='word_1_41' title='bbox 1119 810 1340 897; x_wconf 88' lang='lat'>1684).</span> <span class='ocrx_word' id='word_1_42' title='bbox 1381 848 1464 859; x_wconf 91' lang='lat'>—-</span> <span class='ocrx_word' id='word_1_43' title='bbox 1504 861 1519 876; x_wconf 91' lang='lat'>.</span> <span class='ocrx_word' id='word_1_44' title='bbox 1548 860 1564 877; x_wconf 92' lang='lat'>.</span> <span class='ocrx_word' id='word_1_45' title='bbox 1593 811 1650 874; x_wconf 90' lang='lat' dir='ltr'>si</span> <span class='ocrx_word' id='word_1_46' title='bbox 1687 815 1996 894; x_wconf 90' lang='lat' dir='ltr'>patronus</span> <span class='ocrx_word' id='word_1_47' title='bbox 2034 811 2341 876; x_wconf 88' lang='lat' dir='ltr'>libertum</span> 
     </span>
     <span class='ocr_line' id='line_1_7' title="bbox 319 899 2342 984; baseline -0 -20"><span class='ocrx_word' id='word_1_48' title='bbox 319 922 507 965; x_wconf 90' lang='lat' dir='ltr'>suum</span> <span class='ocrx_word' id='word_1_49' title='bbox 573 899 969 984; x_wconf 77' lang='lat' dir='ltr'>delegaverit</span> <span class='ocrx_word' id='word_1_50' title='bbox 1032 900 1362 983; x_wconf 78' lang='lat' dir='ltr'>creditori,</span> <span class='ocrx_word' id='word_1_51' title='bbox 1427 922 1512 964; x_wconf 90' lang='lat' dir='ltr'>an</span> <span class='ocrx_word' id='word_1_52' title='bbox 1575 900 1880 965; x_wconf 85' lang='lat' dir='ltr'>adversus</span> <span class='ocrx_word' id='word_1_53' title='bbox 1937 899 2342 984; x_wconf 87' lang='lat' dir='ltr'>creditorem,</span> 
     </span>
     <span class='ocr_line' id='line_1_8' title="bbox 318 988 2332 1073; baseline 0 -20"><span class='ocrx_word' id='word_1_54' title='bbox 318 988 423 1053; x_wconf 88' lang='lat' dir='ltr'>cui</span> <span class='ocrx_word' id='word_1_55' title='bbox 470 988 809 1072; x_wconf 83' lang='lat' dir='ltr'>delegatus</span> <span class='ocrx_word' id='word_1_56' title='bbox 855 988 1157 1073; x_wconf 81' lang='lat' dir='ltr'>promisit</span> <span class='ocrx_word' id='word_1_57' title='bbox 1200 988 1528 1054; x_wconf 68' lang='lat' dir='ltr'>libertatis</span> <span class='ocrx_word' id='word_1_58' title='bbox 1577 1009 1771 1054; x_wconf 88' lang='lat' dir='ltr'>causa</span> <span class='ocrx_word' id='word_1_59' title='bbox 1807 988 2186 1073; x_wconf 87' lang='lat' dir='ltr'>onerandae,</span> <span class='ocrx_word' id='word_1_60' title='bbox 2231 1009 2332 1053; x_wconf 86' lang='lat' dir='ltr'>ex·</span> 
     </span>
     <span class='ocr_line' id='line_1_9' title="bbox 317 1074 2341 1165; baseline -0.001 -22"><span class='ocrx_word' id='word_1_61' title='bbox 317 1078 610 1161; x_wconf 84' lang='lat' dir='ltr'>ceptione</span> <span class='ocrx_word' id='word_1_62' title='bbox 648 1077 778 1142; x_wconf 89' lang='lat' dir='ltr'>ista</span> <span class='ocrx_word' id='word_1_63' title='bbox 816 1074 931 1162; x_wconf 91' lang='lat' dir='ltr'>(sc.</span> <span class='ocrx_word' id='word_1_64' title='bbox 961 1077 1323 1143; x_wconf 87' lang='lat' dir='ltr'>onerandae</span> <span class='ocrx_word' id='word_1_65' title='bbox 1362 1077 1686 1143; x_wconf 69' lang='lat' dir='ltr'>libertatis</span> <span class='ocrx_word' id='word_1_66' title='bbox 1725 1074 1949 1164; x_wconf 88' lang='lat' dir='ltr'>causa)</span> <span class='ocrx_word' id='word_1_67' title='bbox 1987 1077 2085 1141; x_wconf 85' lang='lat' dir='ltr'>uti</span> <span class='ocrx_word' id='word_1_68' title='bbox 2111 1076 2341 1165; x_wconf 90' lang='lat' dir='ltr'>possit,</span> 
     </span>
     <span class='ocr_line' id='line_1_10' title="bbox 314 1162 2343 1233; baseline -0.001 -2"><span class='ocrx_word' id='word_1_69' title='bbox 314 1166 668 1231; x_wconf 83' lang='lat' dir='ltr'>videamus.</span> <span class='ocrx_word' id='word_1_70' title='bbox 742 1170 807 1230; x_wconf 89' lang='lat' dir='ltr'>et</span> <span class='ocrx_word' id='word_1_71' title='bbox 835 1162 1165 1231; x_wconf 83' lang='lat' dir='ltr'>Cassium¹</span> <span class='ocrx_word' id='word_1_72' title='bbox 1195 1166 1599 1232; x_wconf 80' lang='lat' dir='ltr'>existimasse</span> <span class='ocrx_word' id='word_1_73' title='bbox 1629 1164 1894 1233; x_wconf 81' lang='lat' dir='ltr'>Urseius</span> <span class='ocrx_word' id='word_1_74' title='bbox 1921 1166 2119 1230; x_wconf 86' lang='lat' dir='ltr'>refert</span> <span class='ocrx_word' id='word_1_75' title='bbox 2146 1165 2343 1231; x_wconf 88' lang='lat' dir='ltr'>credi-</span> 
     </span>
     <span class='ocr_line' id='line_1_11' title="bbox 313 1254 2340 1339; baseline -0 -20"><span class='ocrx_word' id='word_1_76' title='bbox 313 1258 523 1320; x_wconf 89' lang='lat' dir='ltr'>torem</span> <span class='ocrx_word' id='word_1_77' title='bbox 569 1254 824 1339; x_wconf 91' lang='lat' dir='ltr'>quidem</span> <span class='ocrx_word' id='word_1_78' title='bbox 880 1255 1143 1320; x_wconf 88' lang='lat' dir='ltr'>minime</span> <span class='ocrx_word' id='word_1_79' title='bbox 1198 1275 1340 1320; x_wconf 87' lang='lat' dir='ltr'>esse</span> <span class='ocrx_word' id='word_1_80' title='bbox 1396 1254 1905 1320; x_wconf 86' lang='lat' dir='ltr'>submovendum</span> <span class='ocrx_word' id='word_1_81' title='bbox 1951 1255 2340 1338; x_wconf 77' lang='lat' dir='ltr'>exceptione,</span> 
     </span>
     <span class='ocr_line' id='line_1_12' title="bbox 317 1344 2339 1429; baseline -0 -21"><span class='ocrx_word' id='word_1_82' title='bbox 317 1344 470 1429; x_wconf 87' lang='lat' dir='ltr'>quia</span> <span class='ocrx_word' id='word_1_83' title='bbox 507 1365 690 1409; x_wconf 90' lang='lat' dir='ltr'>suum</span> <span class='ocrx_word' id='word_1_84' title='bbox 722 1344 987 1429; x_wconf 82' lang='lat' dir='ltr'>recepit3</span> <span class='ocrx_word' id='word_1_85' title='bbox 1022 1348 1469 1409; x_wconf 83' lang='lat' dir='ltr'>verumtamen</span> <span class='ocrx_word' id='word_1_86' title='bbox 1509 1344 1817 1408; x_wconf 88' lang='lat' dir='ltr'>libertum</span> <span class='ocrx_word' id='word_1_87' title='bbox 1844 1345 2121 1427; x_wconf 88' lang='lat' dir='ltr'>patrono</span> <span class='ocrx_word' id='word_1_88' title='bbox 2148 1364 2339 1427; x_wconf 89' lang='lat' dir='ltr'>posse</span> 
     </span>
    </p>
   </div>
   <div class='ocr_carea' id='block_1_5' title="bbox 314 1431 2342 1586">
    <p class='ocr_par' dir='ltr' id='par_1_5' title="bbox 314 1431 2342 1586">
     <span class='ocr_line' id='line_1_13' title="bbox 316 1431 2342 1516; baseline -0.001 -19"><span class='ocrx_word' id='word_1_89' title='bbox 316 1432 679 1516; x_wconf 89' lang='lat' dir='ltr'>condicere,</span> <span class='ocrx_word' id='word_1_90' title='bbox 746 1432 802 1497; x_wconf 92' lang='lat' dir='ltr'>si</span> <span class='ocrx_word' id='word_1_91' title='bbox 865 1454 996 1496; x_wconf 91' lang='lat' dir='ltr'>non</span> <span class='ocrx_word' id='word_1_92' title='bbox 1064 1432 1519 1516; x_wconf 84' lang='lat' dir='ltr'>transigendae</span> <span class='ocrx_word' id='word_1_93' title='bbox 1584 1432 2061 1497; x_wconf 84' lang='lat' dir='ltr'>controversiae</span> <span class='ocrx_word' id='word_1_94' title='bbox 2127 1431 2342 1516; x_wconf 89' lang='lat' dir='ltr'>gratia</span> 
     </span>
     <span class='ocr_line' id='line_1_14' title="bbox 314 1521 603 1586; baseline 0 -1"><span class='ocrx_word' id='word_1_95' title='bbox 314 1521 382 1585; x_wconf 88' lang='lat' dir='ltr'>id</span> <span class='ocrx_word' id='word_1_96' title='bbox 430 1522 603 1586; x_wconf 87' lang='lat' dir='ltr'>fecit.</span> 
     </span>
    </p>
   </div>
   <div class='ocr_carea' id='block_1_6' title="bbox 1041 1626 1623 1693">
    <p class='ocr_par' dir='ltr' id='par_1_6' title="bbox 1041 1626 1623 1693">
     <span class='ocr_line' id='line_1_15' title="bbox 1041 1626 1623 1693; baseline -0.002 0"><span class='ocrx_word' id='word_1_97' title='bbox 1041 1626 1142 1693; x_wconf 86' lang='lat' dir='ltr'>De</span> <span class='ocrx_word' id='word_1_98' title='bbox 1186 1629 1623 1693; x_wconf 77' lang='lat' dir='ltr'>communione.</span> 
     </span>
    </p>
   </div>
   <div class='ocr_carea' id='block_1_7' title="bbox 315 1739 2342 2253">
    <p class='ocr_par' dir='ltr' id='par_1_7' title="bbox 315 1739 2342 2253">
     <span class='ocr_line' id='line_1_16' title="bbox 498 1739 2341 1830; baseline 0.001 -24"><span class='ocrx_word' id='word_1_99' title='bbox 498 1742 599 1808; x_wconf 89' lang='lat'>15.</span> <span class='ocrx_word' id='word_1_100' title='bbox 658 1741 736 1807; x_wconf 91' lang='lat' dir='ltr'>D.</span> <span class='ocrx_word' id='word_1_101' title='bbox 769 1743 871 1826; x_wconf 90' lang='lat'>10,</span> <span class='ocrx_word' id='word_1_102' title='bbox 900 1744 959 1825; x_wconf 85' lang='lat'>2,</span> <span class='ocrx_word' id='word_1_103' title='bbox 989 1743 1075 1807; x_wconf 81' lang='lat'>52</span> <span class='ocrx_word' id='word_1_104' title='bbox 1090 1766 1183 1828; x_wconf 87' lang='lat' dir='ltr'>pr.</span> <span class='ocrx_word' id='word_1_105' title='bbox 1266 1742 1445 1809; x_wconf 89' lang='lat' dir='ltr'>Idem</span> <span class='ocrx_word' id='word_1_106' title='bbox 1492 1740 1610 1830; x_wconf 88' lang='lat' dir='ltr'>(sc.</span> <span class='ocrx_word' id='word_1_107' title='bbox 1655 1739 1980 1829; x_wconf 86' lang='lat' dir='ltr'>Iulianus)</span> <span class='ocrx_word' id='word_1_108' title='bbox 2029 1741 2199 1809; x_wconf 87' lang='lat' dir='ltr'>libro</span> <span class='ocrx_word' id='word_1_109' title='bbox 2247 1764 2341 1807; x_wconf 89' lang='lat' dir='ltr'>se·</span> 
     </span>
     <span class='ocr_line' id='line_1_17' title="bbox 318 1828 2342 1918; baseline 0 -23"><span class='ocrx_word' id='word_1_110' title='bbox 318 1831 525 1896; x_wconf 91' lang='lat' dir='ltr'>cundo</span> <span class='ocrx_word' id='word_1_111' title='bbox 574 1829 655 1895; x_wconf 89' lang='lat' dir='ltr'>ad</span> <span class='ocrx_word' id='word_1_112' title='bbox 692 1830 994 1896; x_wconf 85' lang='lat' dir='ltr'>Urseium</span> <span class='ocrx_word' id='word_1_113' title='bbox 1031 1831 1338 1897; x_wconf 88' lang='lat' dir='ltr'>Ferocem</span> <span class='ocrx_word' id='word_1_114' title='bbox 1385 1831 1481 1918; x_wconf 91' lang='lat' dir='ltr'>(P.</span> <span class='ocrx_word' id='word_1_115' title='bbox 1514 1828 1693 1915; x_wconf 88' lang='grc'>896).</span> <span class='ocrx_word' id='word_1_116' title='bbox 1740 1867 1825 1877; x_wconf 93' lang='grc'>-</span> <span class='ocrx_word' id='word_1_117' title='bbox 1873 1829 2183 1911; x_wconf 85' lang='lat' dir='ltr'>Maevius,</span> <span class='ocrx_word' id='word_1_118' title='bbox 2230 1834 2342 1916; x_wconf 91' lang='lat' dir='ltr'>qui</span> 
     </span>
     <span class='ocr_line' id='line_1_18' title="bbox 315 1919 2338 2003; baseline 0.002 -19"><span class='ocrx_word' id='word_1_119' title='bbox 315 1942 437 1986; x_wconf 88' lang='lat' dir='ltr'>nos</span> <span class='ocrx_word' id='word_1_120' title='bbox 485 1919 750 1986; x_wconf 90' lang='lat' dir='ltr'>heredes</span> <span class='ocrx_word' id='word_1_121' title='bbox 796 1920 977 2003; x_wconf 87' lang='lat' dir='ltr'>fecit,</span> <span class='ocrx_word' id='word_1_122' title='bbox 1027 1942 1163 1986; x_wconf 90' lang='lat' dir='ltr'>rem</span> <span class='ocrx_word' id='word_1_123' title='bbox 1213 1942 1620 1987; x_wconf 89' lang='lat' dir='ltr'>communem</span> <span class='ocrx_word' id='word_1_124' title='bbox 1666 1919 1900 1985; x_wconf 86' lang='lat' dir='ltr'>habuit</span> <span class='ocrx_word' id='word_1_125' title='bbox 1944 1940 2091 1985; x_wconf 88' lang='lat' dir='ltr'>cum</span> <span class='ocrx_word' id='word_1_126' title='bbox 2138 1921 2338 1988; x_wconf 77' lang='lat' dir='ltr'>Attio.</span> 
     </span>
     <span class='ocr_line' id='line_1_19' title="bbox 318 2009 2340 2095; baseline 0 -22"><span class='ocrx_word' id='word_1_127' title='bbox 318 2009 374 2073; x_wconf 91' lang='lat' dir='ltr'>si</span> <span class='ocrx_word' id='word_1_128' title='bbox 430 2032 574 2075; x_wconf 89' lang='lat' dir='ltr'>cum</span> <span class='ocrx_word' id='word_1_129' title='bbox 624 2010 809 2074; x_wconf 86' lang='lat' dir='ltr'>Attio</span> <span class='ocrx_word' id='word_1_130' title='bbox 860 2011 1187 2074; x_wconf 90' lang='lat' dir='ltr'>communi</span> <span class='ocrx_word' id='word_1_131' title='bbox 1235 2010 1584 2076; x_wconf 83' lang='lat' dir='ltr'>dividundo</span> <span class='ocrx_word' id='word_1_132' title='bbox 1635 2009 1994 2095; x_wconf 83' lang='lat' dir='ltr'>egissemus</span> <span class='ocrx_word' id='word_1_133' title='bbox 2042 2013 2109 2076; x_wconf 81' lang='lat' dir='ltr'>et</span> <span class='ocrx_word' id='word_1_134' title='bbox 2153 2011 2340 2076; x_wconf 90' lang='lat' dir='ltr'>nobis</span> 
     </span>
     <span class='ocr_line' id='line_1_20' title="bbox 319 2097 2342 2182; baseline 0.001 -20"><span class='ocrx_word' id='word_1_135' title='bbox 319 2120 395 2163; x_wconf 93' lang='lat' dir='ltr'>ea</span> <span class='ocrx_word' id='word_1_136' title='bbox 456 2120 560 2163; x_wconf 92' lang='lat' dir='ltr'>res</span> <span class='ocrx_word' id='word_1_137' title='bbox 628 2097 995 2163; x_wconf 88' lang='lat' dir='ltr'>adiudicata</span> <span class='ocrx_word' id='word_1_138' title='bbox 1059 2103 1258 2182; x_wconf 84' lang='lat' dir='ltr'>esset,</span> <span class='ocrx_word' id='word_1_139' title='bbox 1322 2103 1661 2164; x_wconf 84' lang='lat' dir='ltr'>venturam</span> <span class='ocrx_word' id='word_1_140' title='bbox 1729 2120 1870 2163; x_wconf 91' lang='lat' dir='ltr'>eam</span> <span class='ocrx_word' id='word_1_141' title='bbox 1934 2099 2003 2161; x_wconf 91' lang='lat' dir='ltr'>in</span> <span class='ocrx_word' id='word_1_142' title='bbox 2057 2099 2342 2165; x_wconf 87' lang='lat' dir='ltr'>familiae</span> 
     </span>
     <span class='ocr_line' id='line_1_21' title="bbox 319 2185 1531 2253; baseline 0.001 -2"><span class='ocrx_word' id='word_1_143' title='bbox 319 2186 728 2253; x_wconf 83' lang='lat' dir='ltr'>erciscundae</span> <span class='ocrx_word' id='word_1_144' title='bbox 776 2187 1013 2252; x_wconf 88' lang='lat' dir='ltr'>iudicio</span> <span class='ocrx_word' id='word_1_145' title='bbox 1059 2185 1374 2252; x_wconf 88' lang='lat' dir='ltr'>Proculus</span> <span class='ocrx_word' id='word_1_146' title='bbox 1422 2189 1531 2253; x_wconf 89' lang='lat' dir='ltr'>ait.</span> 
     </span>
    </p>
   </div>
   <div class='ocr_carea' id='block_1_8' title="bbox 500 2292 2343 2374">
    <p class='ocr_par' dir='ltr' id='par_1_8' title="bbox 500 2292 2343 2374">
     <span class='ocr_line' id='line_1_22' title="bbox 500 2292 2343 2374; baseline -0.002 -13"><span class='ocrx_word' id='word_1_147' title='bbox 500 2295 602 2361; x_wconf 88' lang='lat'>16.</span> <span class='ocrx_word' id='word_1_148' title='bbox 672 2292 833 2358; x_wconf 88' lang='lat' dir='ltr'>Ibid.</span> <span class='ocrx_word' id='word_1_149' title='bbox 890 2296 930 2374; x_wconf 66' lang='grc' dir='ltr'>ἓ</span> <span class='ocrx_word' id='word_1_150' title='bbox 968 2295 1031 2358; x_wconf 83' lang='grc'>2.</span> <span class='ocrx_word' id='word_1_151' title='bbox 1101 2331 1178 2341; x_wconf 95' lang='grc'>-</span> <span class='ocrx_word' id='word_1_152' title='bbox 1246 2294 1516 2359; x_wconf 87' lang='lat' dir='ltr'>Arbiter</span> <span class='ocrx_word' id='word_1_153' title='bbox 1589 2295 1871 2360; x_wconf 87' lang='lat' dir='ltr'>familiae</span> <span class='ocrx_word' id='word_1_154' title='bbox 1935 2293 2343 2360; x_wconf 89' lang='lat' dir='ltr'>erciscundae</span> 
     </span>
    </p>
   </div>
   <div class='ocr_carea' id='block_1_9' title="bbox 316 2382 2346 2982">
    <p class='ocr_par' dir='ltr' id='par_1_9' title="bbox 316 2382 2346 2982">
     <span class='ocr_line' id='line_1_23' title="bbox 316 2382 2344 2468; baseline -0 -21"><span class='ocrx_word' id='word_1_155' title='bbox 316 2383 488 2449; x_wconf 88' lang='lat' dir='ltr'>inter</span> <span class='ocrx_word' id='word_1_156' title='bbox 539 2404 639 2448; x_wconf 92' lang='lat' dir='ltr'>me</span> <span class='ocrx_word' id='word_1_157' title='bbox 688 2387 755 2448; x_wconf 89' lang='lat' dir='ltr'>et</span> <span class='ocrx_word' id='word_1_158' title='bbox 799 2387 864 2448; x_wconf 86' lang='lat' dir='ltr'>te</span> <span class='ocrx_word' id='word_1_159' title='bbox 912 2386 1206 2467; x_wconf 80' lang='lat' dir='ltr'>sumptus</span> <span class='ocrx_word' id='word_1_160' title='bbox 1255 2384 1569 2468; x_wconf 88' lang='lat' dir='ltr'>quaedam</span> <span class='ocrx_word' id='word_1_161' title='bbox 1619 2384 1804 2463; x_wconf 90' lang='lat' dir='ltr'>mihi,</span> <span class='ocrx_word' id='word_1_162' title='bbox 1861 2384 2175 2468; x_wconf 86' lang='lat' dir='ltr'>quaedam</span> <span class='ocrx_word' id='word_1_163' title='bbox 2220 2382 2344 2447; x_wconf 81' lang='lat' dir='ltr'>tibi</span> 
     </span>
     <span class='ocr_line' id='line_1_24' title="bbox 320 2471 2343 2556; baseline -0 -20"><span class='ocrx_word' id='word_1_164' title='bbox 320 2471 684 2537; x_wconf 88' lang='lat' dir='ltr'>adiudicare</span> <span class='ocrx_word' id='word_1_165' title='bbox 731 2473 1023 2555; x_wconf 86' lang='lat' dir='ltr'>volebat,</span> <span class='ocrx_word' id='word_1_166' title='bbox 1080 2495 1195 2556; x_wconf 93' lang='lat' dir='ltr'>pro</span> <span class='ocrx_word' id='word_1_167' title='bbox 1243 2472 1347 2536; x_wconf 89' lang='lat' dir='ltr'>his</span> <span class='ocrx_word' id='word_1_168' title='bbox 1393 2473 1586 2537; x_wconf 88' lang='lat' dir='ltr'>rebus</span> <span class='ocrx_word' id='word_1_169' title='bbox 1636 2473 1912 2538; x_wconf 87' lang='lat' dir='ltr'>alterum</span> <span class='ocrx_word' id='word_1_170' title='bbox 1959 2472 2150 2537; x_wconf 87' lang='lat' dir='ltr'>alteri</span> <span class='ocrx_word' id='word_1_171' title='bbox 2197 2493 2343 2536; x_wconf 88' lang='lat' dir='ltr'>con-</span> 
     </span>
     <span class='ocr_line' id='line_1_25' title="bbox 319 2560 2345 2647; baseline 0 -22"><span class='ocrx_word' id='word_1_172' title='bbox 319 2561 713 2628; x_wconf 89' lang='lat' dir='ltr'>demnandos</span> <span class='ocrx_word' id='word_1_173' title='bbox 762 2584 900 2627; x_wconf 90' lang='lat' dir='ltr'>esse</span> <span class='ocrx_word' id='word_1_174' title='bbox 946 2561 1386 2647; x_wconf 87' lang='lat' dir='ltr'>intellegebat.</span> <span class='ocrx_word' id='word_1_175' title='bbox 1463 2562 1822 2647; x_wconf 90' lang='lat' dir='ltr'>quaesitum</span> <span class='ocrx_word' id='word_1_176' title='bbox 1863 2565 1978 2646; x_wconf 89' lang='lat' dir='ltr'>est,</span> <span class='ocrx_word' id='word_1_177' title='bbox 2016 2583 2099 2626; x_wconf 93' lang='lat' dir='ltr'>an</span> <span class='ocrx_word' id='word_1_178' title='bbox 2134 2560 2345 2644; x_wconf 82' lang='lat' dir='ltr'>possit</span> 
     </span>
     <span class='ocr_line' id='line_1_26' title="bbox 316 2649 2345 2736; baseline -0.001 -20"><span class='ocrx_word' id='word_1_179' title='bbox 316 2652 695 2736; x_wconf 87' lang='lat' dir='ltr'>pensatione</span> <span class='ocrx_word' id='word_1_180' title='bbox 759 2651 934 2716; x_wconf 90' lang='lat' dir='ltr'>ultro</span> <span class='ocrx_word' id='word_1_181' title='bbox 1002 2651 1289 2736; x_wconf 88' lang='lat' dir='ltr'>citroque</span> <span class='ocrx_word' id='word_1_182' title='bbox 1356 2651 1912 2716; x_wconf 87' lang='lat' dir='ltr'>condemnationis</span> <span class='ocrx_word' id='word_1_183' title='bbox 1966 2649 2140 2714; x_wconf 84' lang='lat' dir='ltr'>facta</span> <span class='ocrx_word' id='word_1_184' title='bbox 2196 2671 2345 2714; x_wconf 91' lang='lat' dir='ltr'>eum</span> 
     </span>
     <span class='ocr_line' id='line_1_27' title="bbox 320 2739 2346 2825; baseline -0.001 -21"><span class='ocrx_word' id='word_1_185' title='bbox 320 2742 549 2825; x_wconf 87' lang='lat' dir='ltr'>solum,</span> <span class='ocrx_word' id='word_1_186' title='bbox 587 2742 769 2806; x_wconf 89' lang='lat' dir='ltr'>cuius</span> <span class='ocrx_word' id='word_1_187' title='bbox 809 2762 1064 2805; x_wconf 88' lang='lat' dir='ltr'>summa</span> <span class='ocrx_word' id='word_1_188' title='bbox 1100 2741 1448 2823; x_wconf 83' lang='lat' dir='ltr'>excederet,</span> <span class='ocrx_word' id='word_1_189' title='bbox 1485 2740 1623 2803; x_wconf 88' lang='lat' dir='ltr'>eius</span> <span class='ocrx_word' id='word_1_190' title='bbox 1664 2739 2000 2805; x_wconf 82' lang='lat' dir='ltr'>dumtaxat</span> <span class='ocrx_word' id='word_1_191' title='bbox 2038 2759 2346 2822; x_wconf 86' lang='lat' dir='ltr'>summae,</span> 
     </span>
     <span class='ocr_line' id='line_1_28' title="bbox 320 2826 2342 2912; baseline -0 -21"><span class='ocrx_word' id='word_1_192' title='bbox 320 2851 482 2912; x_wconf 87' lang='lat' dir='ltr'>quae</span> <span class='ocrx_word' id='word_1_193' title='bbox 530 2830 625 2894; x_wconf 86' lang='lat' dir='ltr'>ita</span> <span class='ocrx_word' id='word_1_194' title='bbox 673 2829 1021 2911; x_wconf 86' lang='lat' dir='ltr'>excederet,</span> <span class='ocrx_word' id='word_1_195' title='bbox 1073 2829 1398 2894; x_wconf 89' lang='lat' dir='ltr'>damnare.</span> <span class='ocrx_word' id='word_1_196' title='bbox 1491 2832 1556 2892; x_wconf 92' lang='lat' dir='ltr'>et</span> <span class='ocrx_word' id='word_1_197' title='bbox 1602 2828 1846 2912; x_wconf 86' lang='lat' dir='ltr'>placuit</span> <span class='ocrx_word' id='word_1_198' title='bbox 1892 2849 2083 2912; x_wconf 86' lang='lat' dir='ltr'>posse</span> <span class='ocrx_word' id='word_1_199' title='bbox 2130 2826 2197 2891; x_wconf 86' lang='lat' dir='ltr'>id</span> <span class='ocrx_word' id='word_1_200' title='bbox 2244 2849 2342 2891; x_wconf 90' lang='lat' dir='ltr'>ar-</span> 
     </span>
     <span class='ocr_line' id='line_1_29' title="bbox 317 2917 838 2982; baseline 0.002 -2"><span class='ocrx_word' id='word_1_201' title='bbox 317 2917 562 2980; x_wconf 87' lang='lat' dir='ltr'>bitrum</span> <span class='ocrx_word' id='word_1_202' title='bbox 607 2917 838 2982; x_wconf 89' lang='lat' dir='ltr'>facere.</span> 
     </span>
    </p>
   </div>
   <div class='ocr_carea' id='block_1_10' title="bbox 317 3021 2343 3375">
    <p class='ocr_par' dir='ltr' id='par_1_10' title="bbox 317 3021 2343 3375">
     <span class='ocr_line' id='line_1_30' title="bbox 502 3021 2342 3106; baseline 0 -20"><span class='ocrx_word' id='word_1_203' title='bbox 502 3024 600 3088; x_wconf 84' lang='lat'>17.</span> <span class='ocrx_word' id='word_1_204' title='bbox 646 3021 725 3087; x_wconf 91' lang='lat' dir='ltr'>D.</span> <span class='ocrx_word' id='word_1_205' title='bbox 759 3022 858 3106; x_wconf 88' lang='lat'>10,</span> <span class='ocrx_word' id='word_1_206' title='bbox 888 3023 949 3105; x_wconf 86' lang='lat'>3,</span> <span class='ocrx_word' id='word_1_207' title='bbox 970 3022 1029 3086; x_wconf 83' lang='lat'>5.</span> <span class='ocrx_word' id='word_1_208' title='bbox 1096 3021 1386 3088; x_wconf 88' lang='lat' dir='ltr'>Iulianus</span> <span class='ocrx_word' id='word_1_209' title='bbox 1417 3023 1584 3088; x_wconf 91' lang='lat' dir='ltr'>libro</span> <span class='ocrx_word' id='word_1_210' title='bbox 1617 3023 1897 3088; x_wconf 88' lang='lat' dir='ltr'>secundo</span> <span class='ocrx_word' id='word_1_211' title='bbox 1929 3022 2010 3087; x_wconf 88' lang='lat' dir='ltr'>ad</span> <span class='ocrx_word' id='word_1_212' title='bbox 2037 3021 2342 3088; x_wconf 88' lang='lat' dir='ltr'>Urseium</span> 
     </span>
     <span class='ocr_line' id='line_1_31' title="bbox 317 3108 2342 3199; baseline -0.001 -23"><span class='ocrx_word' id='word_1_213' title='bbox 317 3111 623 3177; x_wconf 87' lang='lat' dir='ltr'>Ferocem</span> <span class='ocrx_word' id='word_1_214' title='bbox 654 3108 755 3199; x_wconf 89' lang='lat' dir='ltr'>(P.</span> <span class='ocrx_word' id='word_1_215' title='bbox 775 3110 953 3191; x_wconf 81' lang='lat'>897).</span> <span class='ocrx_word' id='word_1_216' title='bbox 973 3147 1059 3158; x_wconf 88' lang='grc'>-</span> <span class='ocrx_word' id='word_1_217' title='bbox 1087 3109 1193 3196; x_wconf 91' lang='lat' dir='ltr'>(D.</span> <span class='ocrx_word' id='word_1_218' title='bbox 1216 3113 1318 3192; x_wconf 87' lang='lat'>10,</span> <span class='ocrx_word' id='word_1_219' title='bbox 1339 3114 1398 3196; x_wconf 87' lang='lat'>3,</span> <span class='ocrx_word' id='word_1_220' title='bbox 1417 3113 1478 3193; x_wconf 91' lang='lat'>4,</span> <span class='ocrx_word' id='word_1_221' title='bbox 1496 3112 1558 3178; x_wconf 89' lang='lat'>4.</span> <span class='ocrx_word' id='word_1_222' title='bbox 1614 3111 1796 3176; x_wconf 92' lang='lat' dir='ltr'>Idem</span> <span class='ocrx_word' id='word_1_223' title='bbox 1834 3134 1919 3178; x_wconf 88' lang='lat' dir='ltr'>sc.</span> <span class='ocrx_word' id='word_1_224' title='bbox 1946 3110 2097 3196; x_wconf 87' lang='lat' dir='ltr'>Ulp.</span> <span class='ocrx_word' id='word_1_225' title='bbox 2126 3112 2167 3177; x_wconf 95' lang='lat' dir='ltr'>l.</span> <span class='ocrx_word' id='word_1_226' title='bbox 2185 3109 2342 3175; x_wconf 91' lang='lat' dir='ltr'>XIX</span> 
     </span>
     <span class='ocr_line' id='line_1_32' title="bbox 319 3197 2343 3287; baseline -0 -22"><span class='ocrx_word' id='word_1_227' title='bbox 319 3200 400 3265; x_wconf 88' lang='lat' dir='ltr'>ad</span> <span class='ocrx_word' id='word_1_228' title='bbox 456 3201 551 3264; x_wconf 88' lang='lat' dir='ltr'>ed.</span> <span class='ocrx_word' id='word_1_229' title='bbox 626 3197 665 3267; x_wconf 70' lang='lat'>².</span> <span class='ocrx_word' id='word_1_230' title='bbox 694 3252 707 3266; x_wconf 91' lang='lat'>.</span> <span class='ocrx_word' id='word_1_231' title='bbox 757 3201 984 3265; x_wconf 89' lang='lat' dir='ltr'>scribit</span> <span class='ocrx_word' id='word_1_232' title='bbox 1028 3198 1351 3286; x_wconf 88' lang='lat' dir='ltr'>Iulianus,</span> <span class='ocrx_word' id='word_1_233' title='bbox 1409 3203 1464 3266; x_wconf 89' lang='lat' dir='ltr'>si</span> <span class='ocrx_word' id='word_1_234' title='bbox 1521 3201 1699 3266; x_wconf 91' lang='lat' dir='ltr'>missi</span> <span class='ocrx_word' id='word_1_235' title='bbox 1751 3203 1818 3265; x_wconf 93' lang='lat' dir='ltr'>in</span> <span class='ocrx_word' id='word_1_236' title='bbox 1862 3201 2343 3287; x_wconf 87' lang='lat' dir='ltr'>possessionem</span> 
     </span>
     <span class='ocr_line' id='line_1_33' title="bbox 320 3289 2342 3375; baseline -0.001 -21"><span class='ocrx_word' id='word_1_237' title='bbox 320 3290 539 3354; x_wconf 81' lang='lat' dir='ltr'>damni</span> <span class='ocrx_word' id='word_1_238' title='bbox 576 3289 805 3354; x_wconf 87' lang='lat' dir='ltr'>infecti</span> <span class='ocrx_word' id='word_1_239' title='bbox 843 3291 1042 3355; x_wconf 88' lang='lat' dir='ltr'>simus</span> <span class='ocrx_word' id='word_1_240' title='bbox 1084 3294 1148 3354; x_wconf 90' lang='lat' dir='ltr'>et</span> <span class='ocrx_word' id='word_1_241' title='bbox 1177 3294 1345 3375; x_wconf 89' lang='lat' dir='ltr'>ante,</span> <span class='ocrx_word' id='word_1_242' title='bbox 1383 3313 1575 3375; x_wconf 90' lang='lat' dir='ltr'>quam</span> <span class='ocrx_word' id='word_1_243' title='bbox 1603 3290 1932 3374; x_wconf 88' lang='lat' dir='ltr'>possidere</span> <span class='ocrx_word' id='word_1_244' title='bbox 1961 3290 2342 3371; x_wconf 88' lang='lat' dir='ltr'>iuberemur,</span> 
     </span>
    </p>
   </div>
   <div class='ocr_carea' id='block_1_11' title="bbox 310 3429 2344 3594">
    <p class='ocr_par' dir='ltr' id='par_1_11' title="bbox 310 3429 2344 3594">
     <span class='ocr_line' id='line_1_34' title="bbox 310 3429 2344 3535; baseline -0.001 -16"><span class='ocrx_word' id='word_1_245' title='bbox 310 3477 315 3480; x_wconf 88' lang='grc'><em>·</em></span> <span class='ocrx_word' id='word_1_246' title='bbox 463 3472 491 3519; x_wconf 90' lang='grc'>1</span> <span class='ocrx_word' id='word_1_247' title='bbox 551 3465 644 3520; x_wconf 77' lang='lat' dir='ltr'>Fz.</span> <span class='ocrx_word' id='word_1_248' title='bbox 705 3464 950 3521; x_wconf 78' lang='lat' dir='ltr'>‘Cassius</span> <span class='ocrx_word' id='word_1_249' title='bbox 1018 3465 1367 3521; x_wconf 82' lang='lat' dir='ltr'>existimasse</span> <span class='ocrx_word' id='word_1_250' title='bbox 1432 3465 1734 3535; x_wconf 84' lang='lat' dir='ltr'>Urseium’‚</span> <span class='ocrx_word' id='word_1_251' title='bbox 1808 3429 1979 3534; x_wconf 79' lang='lat' dir='ltr'>quam</span> <span class='ocrx_word' id='word_1_252' title='bbox 2041 3463 2344 3519; x_wconf 86' lang='lat' dir='ltr'>lectionem</span> 
     </span>
     <span class='ocr_line' id='line_1_35' title="bbox 317 3536 1086 3594; baseline 0.003 -2"><span class='ocrx_word' id='word_1_253' title='bbox 317 3536 577 3594; x_wconf 85' lang='lat' dir='ltr'>Karlowa</span> <span class='ocrx_word' id='word_1_254' title='bbox 613 3538 639 3590; x_wconf 96' lang='lat' dir='ltr'>I</span> <span class='ocrx_word' id='word_1_255' title='bbox 678 3543 781 3593; x_wconf 84' lang='lat'>694</span> <span class='ocrx_word' id='word_1_256' title='bbox 819 3537 1086 3594; x_wconf 81' lang='lat' dir='ltr'>defendit.</span> 
     </span>
    </p>
   </div>
   <div class='ocr_carea' id='block_1_12' title="bbox 2554 185 2575 1331">
    <p class='ocr_par' dir='ltr' id='par_1_12' title="bbox 2554 185 2575 1331">
     <span class='ocr_line' id='line_1_36' title="bbox 2554 185 2575 1331; baseline 0 0"><span class='ocrx_word' id='word_1_257' title='bbox 2554 185 2575 1331; x_wconf 95' lang='lat' dir='ltr'> </span> 
     </span>
    </p>
   </div>
  </div>
 </body>
</html>
