2575 3900
839 226 887 275 7.
933 219 1327 275 IUVENTIUS
1366 218 1631 274 CELSUS
2110 219 2239 283 497

226 390 418 448 refert
455 389 828 448 Tuberonem
875 389 1244 448 existimasse
1275 436 1287 447 .
1318 433 1332 446 .
1362 433 1402 464 .,
1457 387 1777 447 seeundum
1814 407 1992 465 quem
2032 387 2241 449 Celsus

227 478 318 536 ait
370 495 543 554 posse
601 470 754 536 dioi'.
836 477 910 536 D.
955 481 1009 554 7,
1049 480 1106 555 8,
1149 480 1203 553 2,
1245 480 1277 535 1
1330 470 1562 535 ‘Celsus
1609 477 1865 553 scripsit,
1912 525 1925 538 .
1956 521 1971 536 .
2001 525 2014 536 .
2062 497 2244 554 quam

229 565 588 627 sententiam
625 570 688 625 et
715 567 950 625 Tubero
986 558 1242 642 probat'.
1318 565 1392 624 ef.
1411 565 1483 623 D.
1516 567 1616 639 33,
1651 568 1750 643 10,
1783 569 1816 626 7
1858 560 2244 644 ‘magnopere

228 674 323 713 me
371 655 700 714 Tuberonis
747 702 760 714 .
792 647 806 714 ’.
897 655 1224 714 auotoritas
1268 647 1543 731 movet'),
1588 653 1880 714 Labeonis
1919 649 2019 732 (D.
2053 657 2153 729 36,
2184 659 2244 734 2,

233 745 332 820 12,
364 748 398 803 1
449 738 672 803 ‘Labeo
713 790 724 802 .
757 791 768 802 .
800 789 814 803 .
851 746 914 801 et
951 742 1158 802 Celsus
1199 793 1212 804 .
1242 788 1255 802 .
1287 788 1301 801 .
1338 742 1451 802 hoc
1485 735 1964 823 probaverunt'),
2010 744 2243 804 Nervae

228 823 326 912 (D.
362 833 462 909 16,
497 836 550 906 1,
582 834 663 891 32
722 825 908 908 ‘quod
960 831 1164 891 Nerva
1215 831 1442 890 diceret
1488 879 1499 891 .
1532 879 1543 890 .
1576 877 1616 908 .,
1669 832 1819 890 mihi
1862 831 2244 892 verissimum

227 911 536 1000 videtur’),
577 919 782 979 Sabini
810 912 911 999 (D.
935 923 992 998 8,
1026 923 1079 997 6,
1113 922 1192 979 12
1234 913 1415 997 ‘quod
1452 924 1513 979 et
1551 919 1769 979 Sabino
1806 924 1967 979 reete
2004 916 2245 997 plaeet'.

227 1009 300 1070 D.
324 1010 380 1083 8,
405 1012 461 1086 1,
485 1011 520 1068 9
561 1004 762 1068 ‘sicuti
793 1009 1013 1068 Sabino
1052 1028 1286 1086 quoque
1324 1002 1684 1068 videbatur'.
1754 1009 1826 1068 D.
1850 1010 1951 1083 28,
1982 1011 2039 1085 5,
2074 1013 2127 1082 9,
2163 1012 2241 1069 13

229 1091 466 1157 ‘Celsus
513 1097 1016 1174 expeditissimam
1055 1097 1261 1156 Sabini
1309 1097 1664 1157 sententiam
1702 1091 2012 1173 sequitur'.
2083 1098 2155 1159 D.
2189 1103 2245 1176 7,

230 1189 290 1263 5,
320 1187 380 1258 5,
414 1190 446 1245 1
499 1179 775 1245 ‘Sabinus
821 1189 1002 1262 putat
1029 1234 1042 1246 .
1072 1233 1085 1246 .
1117 1233 1157 1262 .,
1187 1206 1366 1264 quam
1414 1186 1773 1246 sententiam
1819 1192 1879 1245 et
1918 1185 2128 1246 Celsus
2158 1234 2171 1246 .
2195 1230 2209 1246 .
2229 1233 2244 1248 .

226 1269 484 1351 probat’.
563 1275 635 1336 D.
668 1278 767 1348 13,
801 1278 857 1346 2,
889 1278 924 1334 2
967 1268 1247 1334 ‘Sabinus
1285 1275 1511 1347 scribit,
1548 1280 1609 1334 et
1643 1275 1734 1334 ita
1770 1277 1832 1334 et
1869 1273 2095 1352 Celsus,
2142 1276 2247 1335 sed

226 1363 315 1422 ita
371 1355 502 1445 si'),
559 1363 750 1422 Cassii
804 1356 905 1444 (D.
945 1366 1055 1436 43,
1099 1366 1208 1438 12,
1253 1368 1316 1442 1,
1358 1367 1394 1424 3
1452 1357 1621 1422 ‘haec
1685 1364 1980 1423 sententia
2037 1363 2245 1442 Cassii,

230 1471 409 1528 quam
455 1455 518 1511 et
563 1451 770 1511 Celsus
816 1445 1104 1534 probat'),
1152 1453 1391 1512 Proculi
1438 1445 1538 1534 (D.
1570 1454 1671 1524 28,
1702 1454 1759 1527 5,
1793 1455 1895 1529 60,
1925 1455 1961 1512 2
2011 1447 2246 1514 ‘verum

231 1545 321 1599 est
364 1541 521 1617 quod
547 1539 795 1600 Proculo
825 1535 1065 1617 placet'.
1137 1540 1207 1600 D.
1231 1543 1334 1617 28,
1356 1543 1412 1600 5.
1446 1544 1505 1616 9,
1526 1543 1562 1598 3
1594 1535 1902 1600 ‘Proculus
1929 1545 2105 1616 putat
2136 1589 2147 1602 .
2172 1591 2183 1603 .
2205 1589 2245 1622 .,

229 1648 411 1706 quam
485 1629 841 1689 sententiam
915 1633 978 1688 et
1051 1627 1259 1688 Celsus
1333 1623 1587 1704 probat'.
1690 1629 1761 1687 D.
1802 1630 1912 1704 34,
1956 1633 2015 1705 2,
2064 1634 2157 1710 19,
2206 1633 2243 1691 3

230 1711 542 1777 ‘Proculus
582 1720 645 1776 et
672 1715 879 1776 Celsus
914 1712 1122 1778 aiunt’.
1187 1717 1327 1777 Vat.
1363 1718 1437 1776 fr.
1470 1721 1504 1776 1
1540 1712 1847 1777 eProculus
1878 1721 1939 1777 et
1968 1712 2247 1801 Oelsus'),

229 1805 472 1865 Viviani
509 1798 610 1887 (D.
632 1809 691 1880 4,
725 1809 782 1879 8,
806 1808 904 1881 21,
931 1810 1007 1865 11
1051 1799 1369 1866 ‘Vivianus
1408 1806 1495 1865 ait
1523 1852 1537 1865 .
1559 1851 1573 1865 .
1597 1851 1635 1880 .,
1673 1825 1853 1883 quam
1890 1809 2247 1868 sententiam

231 1897 292 1954 et
339 1893 548 1955 Celsus
588 1941 602 1955 .
633 1943 645 1955 .
678 1941 691 1956 .
725 1889 1022 1976 probat'),
1075 1895 1309 1956 Neratii
1346 1888 1444 1977 (D.
1478 1897 1582 1969 14,
1611 1899 1667 1974 6,
1701 1899 1736 1955 7
1756 1915 1843 1972 pr.
1938 1889 2247 1959 ‘Neratius

278 2031 291 2043 .
323 2031 334 2043 .
384 1985 487 2062 ait,
533 1985 691 2044 idem
729 1980 977 2045 Celsus'.
1070 1986 1143 2045 of.
1173 1983 1312 2045 Vat.
1341 1986 1412 2045 fr.
1448 1987 1526 2046 78
1567 1979 1875 2045 ‘Neratius
1919 1990 2098 2063 putat
2143 2034 2157 2047 .
2185 2032 2200 2047 .
2230 2032 2245 2045 .

230 2074 398 2134 cuius
447 2074 779 2133 sententiae
825 2075 1104 2152 congruit
1146 2075 1301 2135 ratio
1352 2075 1508 2134 Celsi
1554 2068 1875 2152 dicentis').

412 2161 622 2227 Celsus
707 2182 743 2221 a
822 2164 1079 2239 posteris
1162 2163 1514 2241 designatur
1584 2164 1683 2223 vel
1756 2157 1990 2223 ‘Celsus
2062 2158 2248 2223 filius'

233 2242 497 2330 (seilicet
553 2271 590 2309 a
634 2252 960 2327 Pomponio
1004 2252 1077 2311 D.
1111 2254 1209 2325 13,
1243 2256 1298 2326 6,
1334 2254 1433 2329 13,
1464 2254 1519 2311 2.
1563 2254 1662 2330 18,
1696 2254 1750 2328 1,
1783 2254 2069 2329 6pr.‚18,
2100 2254 2157 2325 5,
2190 2255 2246 2313 1.

232 2341 340 2415 41,
373 2342 429 2416 1,
460 2340 563 2415 30,
597 2343 628 2398 1
682 2342 744 2397 et
788 2338 1045 2413 Ulpiano
1091 2340 1163 2401 D.
1198 2342 1296 2411 13,
1330 2344 1385 2413 6,
1417 2342 1473 2417 5,
1509 2334 1637 2418 15),
1683 2340 1778 2399 vel
1825 2334 2055 2400 ‘Celsus
2102 2342 2247 2400 adu-

230 2421 478 2485 lescens'
529 2420 595 2504 (a
640 2427 830 2486 Paulo
875 2427 945 2485 D.
978 2430 1080 2499 45,
1113 2432 1169 2503 1,
1201 2431 1304 2503 91,
1333 2420 1418 2508 3).

1009 2640 1056 2698 I.
1103 2640 1479 2715 Responsa.

411 2761 782 2840 Quamquam
827 2764 1116 2823 nonnulla
1157 2781 1443 2839 responsa
1486 2763 1823 2823 Hadrianae
1868 2765 2083 2823 aetatis
2120 2783 2249 2824 esse

229 2854 509 2929 possunt,
565 2852 765 2913 omnia
817 2856 1018 2912 tamen
1071 2853 1184 2912 hoo
1238 2852 1367 2911 loco
1422 2853 1709 2912 collocare
1763 2853 2043 2912 idoneum
2088 2853 2247 2914 duxi.

978 3016 1078 3081 De
1122 3018 1509 3081 testamentis.

415 3134 469 3197 1.
500 3132 578 3197 D.
598 3133 702 3215 28,
727 3134 783 3215 1,
801 3132 906 3197 27.
968 3129 1192 3197 Celsus
1221 3132 1390 3197 libro
1421 3132 1645 3217 quinto
1674 3131 1921 3197 decimo
1951 3131 2249 3217 Digesto-

232 3243 394 3309 rum.
441 3258 517 3269 —
560 3221 884 3286 Domitius
933 3220 1147 3285 Labeo
1197 3218 1387 3285 Celso
1441 3242 1555 3285 suo
1612 3220 1906 3284 salutem.
1992 3220 2247 3296 Quaero

235 3332 321 3373 an
366 3311 632 3375 testium
677 3331 944 3375 numero
991 3309 1325 3375 habendus
1374 3310 1459 3374 sit
1504 3311 1587 3387 ie,
1634 3310 1743 3393 qui
1790 3331 1934 3374 cum
1980 3314 2249 3393 rogatus

233 3402 334 3462 est
397 3398 474 3462 ad
540 3401 1000 3463 testamentum
1071 3397 1506 3482 scribendum,
1567 3398 1737 3462 idem
1793 3420 2046 3483 quoque
2103 3420 2249 3462 cum

234 3487 490 3551 tabulas
539 3486 929 3570 scripsisset,
976 3488 1348 3571 signaverit.

411 3573 743 3639 Iuventius
774 3574 996 3641 Celsus
1025 3574 1310 3640 Labeoni
1349 3596 1464 3639 suo
1503 3575 1795 3640 salutem.
1868 3573 2087 3657 <Aut>
2122 3593 2251 3639 non

341 3687 542 3735 Iurispr.
571 3688 804 3728 antehadr.
832 3688 931 3728 rell.
959 3689 1027 3728 ed.
1055 3688 1252 3729 Bremer.
1299 3688 1362 3741 Π,
1392 3690 1429 3728 2.
1758 3683 1824 3730 32
