2575 3900
325 202 462 269 412
534 203 602 257 v,
639 202 943 259 NERVAE
981 183 1421 259 Ermum
1455 202 1670 259 mur.
1706 202 1899 258 mms
1936 201 2300 259 consmxn

331 368 476 433 liter
529 368 724 451 leyato
768 366 1049 433 Stichum
1094 368 1421 433 tradiderit
1466 368 1635 449 isque
1676 388 1721 433 a
1765 371 1820 431 te
1862 367 2085 433 evictus
2122 365 2363 447 fuisset,

323 476 502 539 posse
565 462 620 521 te
681 476 755 521 ex
819 461 1168 521 testamento
1229 477 1408 539 ayere
1458 456 1665 521 Labeo
1726 456 1960 539 scribit,
2021 457 2171 537 quia
2230 476 2365 519 non

327 546 574 611 videtur
624 543 795 611 heres
847 546 1108 629 dedisse,
1163 547 1328 628 quod
1376 546 1470 609 ita
1522 546 1790 623 dederat,
1842 550 1917 610 ut
1964 543 2180 609 habere
2232 564 2365 609 non

318 634 560 717 possis,·
615 639 675 699 et
723 633 832 699 hoc
879 655 1091 701 verum
1135 639 1305 716 puto.
1394 635 1504 701 sed
1551 633 1661 699 hoc
1712 634 1985 715 amplius
2026 634 2123 698 ait
2154 634 2365 697 debere

329 726 413 807 te,
466 723 843 805 priusquam
914 724 1215 787 iudicium
1275 724 1645 806 accipiatur,
1706 723 2072 788 denuntiare
2122 721 2361 800 heredi,-

331 832 488 877 nam
532 811 591 877 si
631 811 816 876 aliter
855 813 1090 895 feceris,
1135 812 1343 895 aqenti
1386 832 1462 877 ex
1499 817 1848 877 testamento
1884 816 2216 894 opponetur
2250 810 2365 875 tibi

331 900 461 966 doli
503 900 663 965 mali
705 902 985 983 exceptio.

508 988 613 1055 34.
660 987 739 1053 D.
769 988 922 1055 ibid.
951 992 990 1069 ξ
1019 989 1080 1053 4.
1125 1024 1216 1036 —
1259 988 1361 1056 ‘Si
1394 987 1642 1055 Stichus
1683 993 1742 1054 et
1775 987 1994 1053 Dama
2036 989 2195 1054 servi
2238 989 2364 1053 mei

327 1080 398 1144 in
427 1082 721 1160 potestate
763 1097 902 1143 mea
951 1083 1136 1143 erunt
1167 1098 1311 1143 cum
1334 1079 1591 1160 moriar,
1628 1082 1759 1142 tum
1783 1076 2030 1143 Stichus
2063 1083 2122 1142 et
2144 1076 2364 1142 Dama

333 1166 510 1233 liberi
562 1173 744 1233 sunto
797 1171 857 1231 et
902 1165 1175 1248 fundum
1217 1167 1400 1232 illum
1443 1166 1564 1233 sibi
1606 1165 1903 1231 habento?
1995 1167 2054 1231 si
2096 1165 2362 1230 alterum

329 1276 406 1321 ex
458 1255 559 1320 his
599 1260 747 1338 post
799 1261 1222 1321 testamentum
1278 1256 1517 1336 factum
1568 1257 1856 1321 dominus
1899 1255 2229 1321 alienasset
2269 1254 2365 1320 vel

329 1346 818 1427 manumisisset,
880 1349 1169 1409 neutrum
1231 1343 1491 1410 liberum
1548 1344 1837 1425 futurum
1898 1344 2103 1410 Labeo
2154 1347 2362 1426 putat.

328 1434 435 1498 sed
493 1432 726 1499 Tubero
782 1453 920 1497 eum
981 1434 1093 1515 qui
1151 1435 1549 1499 remansisset
1598 1434 1671 1497 in
1711 1437 2036 1517 potestate,
2100 1433 2363 1497 liberum

325 1520 616 1603 futurum
659 1527 719 1586 et
760 1520 1023 1604 leqatum
1067 1521 1427 1587 habiturum
1462 1527 1664 1603 putat.
1752 1522 2089 1587 Tuberonis
2122 1525 2365 1588 senten-

333 1611 490 1675 tiam
535 1612 841 1676 voluntati
883 1611 1155 1692 defuncti
1196 1612 1400 1695 maqis
1438 1616 1589 1694 puto
1632 1613 1962 1677 convenire.

1054 1803 1150 1862 De
1181 1804 1413 1877 peculio
1458 1803 1657 1878 le9ato.

512 1919 615 1988 35.
661 1919 740 1986 D.
770 1920 874 2007 33,
904 1922 963 2004 8,
993 1922 1077 1987 22
1104 1944 1200 2008 pr.
1283 1920 1505 1987 Labeo
1549 1920 1721 1988 libro
1770 1920 2046 1988 seeundo
2083 1921 2364 2008 posteri·

337 2031 520 2074 orum
579 2032 618 2074 a
672 2008 980 2076 Iavoleno
1037 2013 1561 2095 epitomatorum.
1617 2048 1702 2057 —
1760 2011 2073 2077 Dominus
2118 2031 2364 2076 servum

335 2103 684 2164 testamento
718 2101 1170 2165 manumiserat
1201 2105 1260 2166 et
1283 2103 1341 2165 ei
1361 2101 1669 2182 peculium
1697 2101 2038 2182 leqaverat‚·
2074 2101 2130 2165 is
2153 2119 2368 2165 servus

333 2188 505 2253 mille
547 2208 833 2253 nummos
875 2190 1122 2254 domino
1167 2189 1455 2254 debuerat
1496 2195 1557 2254 et
1597 2210 1695 2255 eos
1736 2189 1942 2254 heredi
1984 2189 2175 2255 solvit.
2266 2209 2365 2253 re-

333 2277 557 2359 spondi
627 2298 833 2342 omnes
903 2298 1009 2343 eas
1079 2276 1519 2362 (peculiarest)
1580 2298 1677 2344 res
1737 2279 1937 2344 deberi
1999 2279 2233 2362 orcino,
2304 2278 2367 2342 si

325 2366 664 2450 pecuniam
711 2368 960 2432 orcinus
1003 2387 1193 2448 quam
1235 2367 1524 2432 debuerat
1565 2367 1847 2433 solvisset.

513 2455 616 2521 36.
675 2453 751 2520 Ι).
788 2455 940 2520 ibid.
979 2457 1020 2536 ξ
1053 2457 1108 2521 1.
1156 2492 1240 2503 -
1286 2455 1603 2521 Dominus
1645 2477 1911 2540 servum,
1956 2457 2066 2539 qui
2108 2475 2248 2521 cum
2296 2475 2365 2520 eo

334 2545 639 2611 vicarium
700 2565 1080 2610 communem
1140 2545 1421 2630 habebat,
1496 2550 1847 2611 testamento
1908 2546 2366 2610 manumiserat

333 2639 393 2698 et
437 2634 758 2718 peculium
820 2635 878 2698 ei
941 2635 1267 2717 leqaverat,
1331 2635 1547 2700 deinde
1603 2635 1809 2717 ipsum
1861 2635 2188 2716 vicarium,
2253 2634 2367 2715 qui

333 2724 678 2789 communis
719 2727 877 2806 erat,
931 2725 1306 2789 nominatim
1351 2729 1410 2789 et
1450 2724 1575 2806 ipsi
1616 2729 1675 2789 et
1717 2724 1966 2790 libertae
2006 2743 2158 2789 suae
2204 2723 2364 2805 ἱερα-

333 2817 520 2877 verat.
592 2813 882 2894 respondi
894 2817 1142 2894 partem
1168 2818 1461 2896 quartam
1493 2812 1754 2896 libertae,
1791 2813 2093 2895 reliqwm
2114 2816 2365 2894 partem

337 2897 702 2985 [quartam]
749 2901 951 2966 liberti
988 2900 1274 2981 ficturum
1286 2924 1309 2980 ;
1354 2904 1521 2986 quod
1559 2908 1618 2967 et
1663 2902 2001 2967 Trebatius.

1060 3093 1156 3152 De
1199 3093 1385 3167 tundo
1429 3094 1625 3167 leqato.

514 3209 617 3275 37.
675 3209 750 3274 D.
787 3210 892 3294 35,
935 3213 990 3294 1,
1024 3212 1132 3292 40,
1172 3213 1226 3277 1.
1329 3211 1511 3277 Idem
1576 3210 1689 3299 (so.
1748 3206 2121 3299 Iavolenus)
2183 3211 2360 3278 libro

337 3296 619 3363 secundo
693 3319 771 3362 ex
841 3301 1312 3385 posterioribus
1375 3299 1711 3365 Labeonis,
1784 3336 1859 3347 —
1931 3301 2200 3382 Quidam
2268 3302 2363 3366 ita

337 3386 672 3468 leqaverat:
745 3385 828 3452 ‘si
899 3387 1164 3453 Publius
1230 3387 1549 3453 Cornelius
1624 3390 1967 3471 impensam
2038 3410 2229 3472 quam
2292 3390 2365 3454 in

332 3474 604 3555 fundum
671 3472 970 3540 Seianum
1029 3477 1174 3558 feci,
1235 3476 1441 3542 heredi
1502 3496 1632 3541 meo
1690 3478 1945 3560 dederit,
2009 3482 2143 3542 tum
2195 3477 2365 3543 heres

337 3582 508 3628 meus
549 3561 772 3629 Publio
809 3562 1088 3630 Cornelio
1130 3565 1401 3645 fundum
1430 3562 1730 3630 Seianum
1766 3565 1981 3631 dato’..
2030 3565 2366 3633 Cascellius
