2575 3900
899 203 948 253 5.
994 196 1230 253 TITIUS
1267 198 1531 255 ARISTO
2092 204 2218 269 391

381 368 584 428 Sermo
650 371 744 427 est
805 387 999 443 neque
1065 367 1138 426 de
1201 367 1495 444 mancipio
1559 368 1620 427 in
1683 370 2037 445 provinciali
2093 373 2219 431 solo

193 457 438 533 sepulto
505 448 660 539 (Gai.
702 459 760 535 2,
799 459 834 516 7
902 450 988 515 ‘in
1049 455 1405 533 provinciali
1469 457 1593 516 solo
1656 459 1857 533 placet
1919 460 2220 539 plerisque

194 548 396 607 solum
441 545 787 622 religiosum
823 564 943 605 non
979 537 1160 623 fieri')
1199 564 1390 621 neque
1430 545 1503 605 de
1537 546 1923 622 provincialis
1960 549 2219 611 hominis

199 654 390 711 serv0,
437 634 656 711 quippe
701 634 850 693 iuris
889 634 1212 704 Quiritium
1256 652 1376 693 non
1421 634 1731 711 participe,
1779 638 1881 696 sed
1928 638 2000 698 de
2048 657 2218 700 servo

103 756 112 763 ·
191 725 346 785 civis
383 725 652 783 Romani.
725 723 974 783 Pernice
1018 722 1048 782 I
1092 744 1150 799 p.
1183 725 1310 783 114
1350 722 1460 782 ait:
1510 718 1743 783 ‘Dieser
1782 725 1920 785 Satz
1960 719 2221 807 (scilieet

195 813 358 889 quod
393 812 597 872 Arissso
644 803 984 891 proposuit)
1031 813 1114 871 ist
1156 831 1274 871 nur
1320 812 1449 871 eine
1493 813 1837 888 praktisehe
1874 815 2219 895 Folgerung

195 921 308 961 aus
346 901 478 960 dem
517 903 678 961 alten
707 900 1128 977 Sacralreehte‚
1165 918 1291 961 was
1326 919 1531 961 manes
1570 902 1815 962 serviles
1848 905 2217 965 anerkannte
2267 976 2271 981 .

192 991 320 1049 und
392 991 582 1049 feiern
657 982 830 1050 liess'.
950 992 1014 1049 at
1085 1008 1450 1066 quamquam
1523 990 1681 1065 apud
1745 990 2078 1053 Varronem
2144 996 2217 1054 de

189 1078 314 1139 LL.
348 1082 402 1153 6,
435 1082 515 1139 24
563 1080 692 1139 1000
740 1078 887 1138 satis
935 1079 1256 1155 depravato
1304 1079 1449 1139 haec
1494 1080 1802 1157 leguntur:
1860 1074 1992 1141 ‘hoe
2040 1085 2220 1143 sacri·

189 1168 396 1228 ficium
457 1168 528 1227 fit
588 1167 652 1226 in
706 1168 994 1245 Velabro,
1058 1186 1176 1243 qua
1237 1168 1302 1225 in
1354 1168 1587 1227 Novam
1644 1169 1804 1229 viam
1860 1172 2082 1248 exitur,
2147 1176 2218 1232 ut

187 1257 364 1316 aiunt
419 1257 687 1335 quidam,
743 1257 818 1315 ad
873 1255 1211 1333 sepulcrum
1264 1256 1484 1335 Accae,
1537 1260 1610 1317 ut
1663 1258 1821 1334 quod
1874 1258 1983 1337 ibi3
2029 1280 2214 1338 prope

187 1347 422 1405 faciunt
476 1346 588 1405 diis
633 1345 912 1404 Manibus
969 1346 1289 1405 servilibus
1338 1341 1715 1424 sacerdotes',
1770 1349 1970 1407 tamen
2017 1349 2215 1409 locum

185 1435 256 1495 in
309 1454 424 1513 quo
480 1452 688 1494 servus
743 1434 1014 1510 sepultus
1071 1435 1225 1511 erat,
1281 1438 1419 1493 ante
1465 1434 1807 1495 Aristonem
1863 1437 2214 1514 religiosum

183 1523 464 1583 habitum
551 1542 670 1583 non
766 1541 894 1582 esse
984 1522 1228 1599 Ulpiani
1318 1522 1516 1583 verbis
1616 1523 1857 1584 videtur
1952 1527 2211 1602 probari.

183 1632 385 1690 neque
439 1612 739 1671 Aristonis
803 1612 1162 1671 sententiam
1227 1612 1507 1672 continuo
1573 1612 1845 1673 omnibus¹
1911 1615 2210 1689 placuisse

183 1701 332 1760 lieet
369 1705 660 1778 stassuere3
697 1701 900 1777 potius
936 1702 1110 1760 notas
1149 1700 1223 1759 ab
1261 1699 1521 1775 Ulpiano
1560 1701 1784 1762 relatas
1815 1703 2211 1765 Tribonianus

185 1790 429 1849 demum
485 1790 724 1851 videtur
775 1790 1076 1849 abiecisse.
1169 1792 1433 1850 ceterum
1480 1790 1551 1848 de
1598 1790 1731 1850 loeo
1777 1791 2055 1868 religioso
2101 1794 2210 1853 illa

184 1879 314 1938 fere
371 1882 567 1939 aetasse
614 1877 988 1954 disputatum
1033 1895 1160 1938 esse
1207 1878 1368 1938 idem
1413 1876 1710 1956 Ulpianus
1756 1878 1828 1942 D.
1860 1884 1961 1959 11,
1994 1885 2051 1962 ’1,
2081 1885 2138 1960 2,
2170 1886 2207 1943 5

183 1971 430 2045 probat,
487 1969 592 2045 qui
644 1967 792 2027 haee
846 1968 1057 2027 refert:
1125 1962 1360 2028 ‘Celsus
1399 2015 1411 2028 .
1444 2015 1457 2028 .
1488 2015 1501 2028 .
1541 1968 1655 2028 ait:
1707 1989 1828 2028 non
1881 1973 2049 2032 totus
2106 1973 2247 2048 qui.

182 2057 534 2134 sepulturae
572 2057 904 2117 destinatus
951 2060 1043 2116 est
1079 2057 1246 2117 loeus
1283 2057 1600 2134 religiosus
1636 2058 1723 2134 fit,
1771 2059 1874 2118 sed
1913 2063 2207 2136 quatenus

181 2165 404 2222 corpus
450 2147 763 2205 humassum
812 2139 942 2205 est'.
1037 2145 1109 2204 de
1157 2165 1461 2206 servorum
1511 2147 1797 2222 sepulcris
1843 2167 1898 2208 v.
1936 2146 2205 2210 Pernice:

184 2234 497 2296 Sita-Ber.
545 2236 649 2294 der
695 2233 856 2293 Berl.
903 2234 1232 2294 Akademie
1282 2236 1451 2294 1886
1482 2255 1537 2310 p.
1574 2238 1739 2296 1179
1782 2240 1843 2296 et
1876 2237 2206 2298 Mommsen

185 2323 250 2383 Z.
283 2324 335 2384 d.
367 2323 618 2385 Sam-St.
664 2322 810 2382 XVI
835 2343 892 2400 p.
925 2325 1069 2384 217.

1032 2511 1132 2576 De
1175 2531 1358 2594 aqua.

364 2652 467 2719 58.
509 2654 588 2719 D.
615 2655 721 2736 43,
753 2655 856 2737 20,
889 2656 946 2739 1,
967 2654 1069 2718 19.
1134 2651 1450 2737 Ulpianus
1478 2654 1646 2719 libro
1677 2655 2199 2739 septuagensimo

175 2741 263 2807 ad
332 2743 610 2807 edictum
664 2740 765 2830 (P.
804 2741 1024 2829 1570).
1085 2778 1162 2790 —
1222 2742 1445 2807 Aristo
1500 2745 1691 2826 putat
1744 2764 1888 2808 eum
1945 2743 2202 2808 demum

179 2831 595 2896 interdictum
649 2831 772 2897 hoe
827 2831 945 2919 (sc.
991 2832 1067 2896 de
1125 2853 1293 2915 aqua
1339 2827 1723 2920 cottidiana)
1769 2831 2034 2917 habere,
2089 2833 2203 2916 qui

183 2941 251 2985 se
305 2925 497 3005 putat
553 2943 670 2986 suo
725 2921 863 2986 iure
920 2921 1042 2999 uti,
1097 2941 1229 2985 non
1283 2943 1456 3005 eum,
1513 2920 1623 3006 qui
1669 2920 1793 2986 seit
1838 2942 1906 2985 se
1950 2921 2198 2986 nullum

177 3008 280 3074 ius
326 3010 566 3075 habere
615 3013 680 3074 et
723 3010 946 3074 utibur.

359 3117 462 3182 59.
526 3115 689 3182 Ibid.
737 3119 776 3197 ξ
807 3117 908 3181 20.
958 3152 1040 3164 -
1096 3116 1273 3181 Idem
1332 3116 1424 3181 ait
1469 3137 1641 3200 eum,
1699 3119 1811 3200 qui
1858 3117 1983 3182 hoe
2029 3139 2197 3182 anno

175 3226 413 3290 aquam
461 3205 715 3270 duxerit
760 3227 878 3270 nec
925 3206 988 3270 vi
1029 3227 1148 3270 nec
1185 3206 1355 3270 elam
1392 3227 1509 3270 nee
1546 3206 1834 3291 precario
1874 3209 1939 3271 et
1975 3206 2198 3271 eodem

177 3314 352 3358 anno
427 3293 658 3358 vibiose
727 3315 881 3359 usus
949 3299 1074 3378 est,
1117 3295 1317 3359 'reebe
1382 3298 1597 3358 tamen
1660 3293 1785 3359 hoe
1851 3295 2197 3361 inierdieto

179 3403 474 3467 usurum,
530 3383 699 3467 quod
755 3383 982 3447 referri
1038 3382 1116 3446 ad
1172 3383 1238 3447 id
1292 3386 1576 3467 tempuS,
1632 3382 1802 3466 quod
1851 3382 1989 3448 sine
2035 3383 2195 3448 vitio

178 3469 399 3554 fuerit3
466 3492 605 3535 esse
664 3472 835 3536 enim
890 3493 1113 3535 verum
1166 3472 1291 3536 hoc
1344 3492 1511 3534 anno
1558 3491 1691 3553 non
1737 3471 1800 3535 vi
1846 3493 1977 3537 non
2025 3472 2197 3536 elam

177 3579 309 3624 non
354 3559 646 3644 precario
693 3581 899 3624 usum.
