2575 3900
2009 210 2183 268 xvn*

157 379 356 441 livione
390 377 741 442 vindicatus
769 381 834 440 et
859 381 1123 440 virorum
1153 380 1636 440 doctissimorum
1669 399 1851 456 opera
1881 384 1943 441 et
1972 381 2171 441 studio

155 470 324 544 magis
378 471 702 548 magisque
755 471 994 530 restitui
1053 472 1299 544 coeptus
1356 473 1473 547 est,
1529 489 1649 529 non
1706 471 1881 530 modo
1938 471 2010 529 de
2057 472 2171 530 hoc

151 556 278 616 iuris
319 559 541 636 perito,
580 559 684 619 sed
725 559 909 617 etiam
946 559 1017 617 de
1055 559 1313 618 aliorum
1339 561 1616 619 veterum
1647 557 1819 619 libris
1849 559 2171 636 iniquitate

147 649 533 721 posteriorum
588 652 928 722 temporum
985 648 1196 707 misere
1253 648 1552 723 corruptis
1599 649 1849 724 aequius
1896 648 2165 708 iudicare

143 735 312 795 licuit.
402 735 678 814 Savigny
724 737 980 814 quidem,
1029 756 1165 796 cum
1208 737 1272 794 in
1318 736 1472 796 libro
1520 735 1625 795 illo
1675 737 1778 814 qui
1815 737 2187 796 inscribitur·

147 823 491 885 Geschichte
530 826 636 884 des
673 831 822 885 rom.
859 826 1082 885 Rechts
1117 827 1200 883 im
1228 826 1587 885 Mittelalter
1612 825 1675 884 II
1704 847 1753 900 p.
1782 827 1863 886 56
1898 822 1973 885 de
1998 825 2173 884 Pauli

142 915 467 990 sententiiS,
509 933 660 990 quas
689 914 992 992 Visigothi
1031 914 1449 990 adhibuerunt,
1487 915 1634 974 haec
1673 915 2012 991 scripsisset
2041 909 2173 974 ‘das

142 1048 186 1064 ..
209 1003 376 1062 Buch
419 1003 529 1063 des
558 1004 786 1062 Paulus
823 1004 1037 1082 gehdrt
1073 1005 1288 1079 gewiss
1328 1005 1389 1062 in
1429 1003 1578 1062 Plan
1614 1002 1738 1063 und
1776 1005 2169 1082 Ausffihrung

137 1097 304 1150 unter
343 1093 443 1151 die
487 1092 922 1152 schlechtesten
960 1093 1126 1152 nicht
1153 1111 1270 1152 nur
1301 1093 1491 1152 dieses
1519 1093 1879 1169 VerfasserS‚
1914 1093 2183 1152 sondern·

139 1180 234 1238 der
267 1181 614 1240 romischen
647 1181 1078 1256 Jurisprudenz
1116 1174 1498 1256 uberhaupt-⁹,
1527 1182 1772 1240 interim
1803 1180 1955 1241 Gaio
1983 1180 2173 1240 Vero-

137 1270 293 1328 nensi
331 1271 586 1346 cognito
633 1269 698 1329 in
741 1271 1040 1329 volumine
1076 1269 1172 1328 III
1213 1289 1266 1328 a.
1310 1272 1479 1330 1822
1529 1271 1691 1329 edito
1736 1291 1793 1346 p.
1846 1273 1974 1331 660
2022 1272 2171 1330 haec

136 1357 367 1418 adiecit:
418 1353 559 1417 ‘Die
595 1358 1024 1418 Institutionen
1062 1358 1164 1418 des
1203 1358 1406 1433 Gaius,
1450 1360 1630 1418 deren
1669 1378 1917 1437 grossen
1954 1359 2164 1418 Reich·

135 1451 252 1504 tum
301 1448 422 1507 wir
463 1451 590 1506 erst
616 1449 767 1522 jetzt
804 1468 878 1506 zu
913 1448 1249 1508 beurteilen
1285 1454 1627 1524 vermogem
1678 1449 1811 1508 sind
1850 1449 2041 1507 durch
2075 1448 2181 1507 die·

133 1537 602 1612 westgothische
659 1537 1066 1613 Bearbeitung
1127 1507 1278 1614 g⁸anz
1342 1537 1768 1596 unbedeutend
1832 1537 2168 1616 geworden‚

131 1626 244 1682 und
299 1625 624 1685 vielleicht
675 1625 759 1684 ist
805 1625 910 1684 das
965 1627 1132 1686 Buch
1181 1628 1282 1685 des
1330 1625 1559 1684 Paulus
1612 1626 1799 1685 durch
1846 1626 2007 1685 diese
2054 1627 2185 1685 Be·-

134 1713 456 1792 arbeitung
494 1715 662 1773 nicht
699 1715 960 1792 weniger
995 1712 1087 1774 als
1126 1717 1231 1774 das
1270 1715 1374 1774 des
1404 1713 1588 1774 Graius
1630 1709 1945 1774 entstellt'.
2012 1734 2167 1791 quae

129 1805 304 1862 verba
325 1805 393 1864 in
417 1803 685 1862 secunda
701 1822 933 1879 quoque
955 1804 1151 1878 operis
1171 1804 1431 1862 editione
1452 1804 1840 1863 inveniuntur
1854 1801 1943 1880 (II
1961 1825 2015 1879 p.
2031 1796 2165 1883 57),

133 1891 228 1948 sed
271 1894 362 1952 ita
411 1895 680 1951 mutata:
730 1885 1058 1952 ‘vielleicht
1091 1893 1174 1952 ist
1212 1894 1318 1953 das
1358 1894 1527 1953 Buch
1567 1894 1671 1953 des
1712 1892 1938 1952 Paulus
1978 1893 2167 1952 durch

129 1982 412 2055 geistlose
456 1980 828 2059 Abkurzung
863 1982 1032 2041 nicht
1068 1984 1187 2042 viel
1225 1983 1490 2059 weniger
1527 1976 1837 2042 entstellt'.
1904 1984 1969 2041 at
2006 1982 2167 2060 quod

131 2069 198 2127 de
249 2070 665 2149 fungibilibus
711 2077 984 2132 veterum
1026 2072 1413 2149 prudentium
1462 2072 1729 2147 personis
1777 2071 2035 2151 dixerat,
2090 2062 2181 2130 ne-

128 2157 188 2215 in
230 2159 478 2219 iteratis
525 2159 766 2235 quidem
813 2161 1085 2237 opusculi
1132 2160 1493 2220 editionibus
1542 2150 1857 2220 mutavit.1

298 2249 538 2308 Nostra
594 2251 818 2327 aetate,
883 2269 1019 2309 eum
1077 2246 1499 2309 Theodorus
1546 2249 1933 2309 Mommsen
1988 2249 2181 2325 Dige-'

130 2337 357 2395 storum
407 2355 632 2397 novam
681 2338 1001 2397 editionem
1048 2338 1208 2398 omni
1253 2342 1385 2397 arte
1433 2340 1642 2398 critica
1680 2342 1952 2397 ornatam
1990 2358 2163 2414 para·

127 2426 309 2485 visset
382 2429 451 2485 et
518 2428 659 2501 post
716 2426 1027 2502 Adolphi
1098 2427 1457 2486 Friderici
1516 2428 1892 2487 Rudorffii
1956 2419 2163 2487 curas²

130 2513 386 2573 edictum
445 2519 802 2592 perpetuum
861 2517 936 2574 ab
985 2514 1249 2575 Ottone
1296 2517 1596 2575 Lenelio
1642 2518 1867 2592 optime
1914 2518 2161 2576 restitu-

129 2604 262 2659 tum
307 2607 482 2676 esset,
533 2603 657 2661 iam
709 2604 1028 2663 videbatur
1081 2605 1370 2664 librorum
1415 2606 1478 2664 in
1521 2605 1844 2664 Iustiniani
1892 2605 2157 2681 Digestis

135 2688 544 2751 adhibitorum
581 2710 725 2750 vera
761 2694 1051 2767 quaedam
1087 2695 1499 2770 palingenesia
1536 2692 1809 2769 componi
1844 2710 2037 2769 posse.
2100 2694 2178 2751 et·

131 2778 318 2838 edidit
391 2798 543 2857 opus
618 2780 1190 2841 desideratissimum
1265 2787 1327 2841 et
1401 2782 1477 2841 ad
1541 2782 1634 2841 ius
1700 2782 2034 2841 Romanum
2099 2786 2160 2841 et

125 2872 400 2927 veterum
440 2870 974 2945 iurisprudentiam
1000 2873 1238 2948 penitus
1269 2872 1741 2949 cognoscendam
1770 2871 2156 2931 utilissimum

124 2957 284 3017 idem
329 2960 429 3019 vir
474 2959 857 3019 doctissimus
903 2960 1089 3019 Lenel
1137 2980 1289 3019 anno
1342 2953 1569 3021 1889.3

269 3168 320 3220 1.
375 3162 518 3217 Vom
581 3164 754 3218 Beruf
807 3168 909 3219 etc.
1008 3165 1307 3219 Neudruck
1371 3164 1517 3219 nach
1581 3164 1679 3219 der
1745 3164 1955 3220 dritten
2018 3166 2164 3221 Auf-

123 3232 252 3303 lage
295 3236 481 3305 (1840)
571 3234 844 3304 Freiburg
885 3242 1018 3291 1892
1058 3257 1110 3305 p.
1143 3241 1226 3291 96.

273 3312 328 3359 2.
370 3306 450 3361 De
488 3306 874 3361 iurisdnctione
913 3309 1174 3362 edictum.
1215 3311 1369 3361 1869.

269 3382 322 3431 3.
372 3377 764 3447 Palingenesia
808 3380 943 3432 iuris
990 3379 1186 3432 civiliS.
1267 3379 1409 3431 Iuris
1456 3377 1837 3431 consultorum
1882 3376 2155 3446 reliquiae

125 3464 270 3514 qnae
323 3446 616 3503 Iustiniani
655 3448 900 3519 Digestis
947 3448 1303 3503 continentur
1354 3450 1649 3516 ceteraque
1686 3449 2167 3516 1urisprudentiae-

127 3516 316 3572 civilis
375 3521 689 3588 fragmenta
754 3524 970 3575 minora
1031 3521 1333 3575 secundum
1388 3526 1643 3573 auctores
1700 3523 1757 3572 et
1811 3517 1985 3571 libros
2043 3518 2153 3571 dis-

127 3592 325 3656 posuit
361 3590 423 3646 0.
463 3592 522 3646 L.
589 3589 829 3661 Lipsiae.
879 3598 910 3645 2
950 3592 1083 3647 voli.
1140 3591 1216 3645 4⁰.

237 3688 433 3738 luri-pr.
462 3690 698 3732 antehadr.
725 3691 826 3733 rell.
856 3692 925 3732 ed.
953 3691 1153 3731 Bremer.
1195 3690 1258 3741 11,
1278 3690 1317 3729 2.
1361 3717 1367 3721 -
1693 3674 1731 3727 b
