2575 3900
354 121 492 184 480
563 121 630 176 V.
667 119 968 176 NERVAE
1005 119 1100 174 ET
1137 119 1443 173 TRAIANI
1477 117 1689 174 TEMP.
1726 117 1922 173 IURIS
1962 117 2338 174 CONSULTI

347 284 664 367 pationem
716 283 877 348 adiit
926 282 1095 348 heres
1143 282 1349 365 filius,·
1396 282 1557 364 petit
1606 301 1771 346 nunc
1816 283 2167 362 pecuniam
2214 287 2391 366 pater

351 393 430 436 ex
473 371 867 452 stipulatione
909 391 1103 453 supra
1145 371 1361 435 relata.

534 459 902 542 Respondit:
933 481 1058 524 non
1074 465 1230 542 puto
1257 464 1491 541 turpem
1520 478 1643 523 esse
1666 478 1923 523 causam
1940 460 2396 542 stipulationis,

353 553 555 629 utpote
607 568 745 613 cum
797 549 978 612 aliter
1028 549 1232 630 filium
1276 547 1777 629 emancipaturus
1822 567 1950 611 non
1991 549 2219 628 fuerit.
2299 570 2400 614 nec

344 642 545 720 potest
584 638 780 702 videri
821 638 1060 702 iniusta
1103 657 1295 702 causa
1336 636 1769 720 stipulationis,
1814 637 1874 700 si
1908 637 2176 718 aliquid
2212 640 2401 721 adop-

354 726 516 790 tivus
564 731 749 808 pater
809 726 1024 790 habere
1078 726 1361 807 voluerit,
1414 729 1667 807 propter
1728 726 1892 807 quod
1952 745 1998 788 a
2061 726 2213 808 filio
2258 732 2403 810 post

351 816 900 897 emancipationem
944 815 1143 897 mayis
1186 819 1527 879 curaretur.

1185 1050 1404 1110 Liber
1447 1049 1549 1110 IX.

565 1195 572 1204 ·
1001 1160 1101 1225 De
1143 1161 1319 1226 bonis
1360 1159 1733 1226 vacantibus.

535 1278 640 1341 47.
696 1275 772 1342 D.
801 1277 906 1356 49,
947 1277 1049 1356 14,
1090 1278 1190 1340 11.
1279 1275 1623 1339 Iavolenus
1669 1273 1837 1339 libro
1884 1296 2064 1340 nono
2114 1275 2403 1361 Epistu-

358 1366 585 1430 larum.
647 1401 721 1412 —
781 1369 932 1430 Non
978 1370 1240 1446 possunt
1289 1365 1425 1429 ulla
1469 1364 1627 1428 bona
1670 1365 1758 1428 ad
1794 1365 2015 1447 fiscum
2054 1368 2403 1449 pertinere,

353 1455 483 1519 nisi
517 1475 671 1536 quae
705 1455 1098 1519 creditoribus
1131 1453 1529 1535 superfutura
1562 1458 1739 1530 sunt,·
1777 1453 1848 1517 id
1880 1453 2044 1516 enim
2084 1454 2407 1520 bonorum

354 1545 650 1625 cuiusque
693 1563 816 1608 esse
859 1543 1250 1627 intelleyitur‚
1296 1543 1460 1624 quod
1500 1543 1633 1608 aeri
1676 1542 1877 1606 alieno
1921 1549 2223 1624 superest.

535 1655 606 1714 cf.
643 1655 782 1713 Tac.
821 1673 954 1713 ann.
995 1657 1051 1732 2,
1080 1655 1182 1714 48.
1275 1654 1348 1713 cf.
1395 1651 1741 1713 Hirschfeld
1790 1651 1900 1729 Vg.
1946 1673 2004 1728 p.
2045 1656 2152 1714 57.

1179 1826 1277 1891 Dc
1324 1826 1555 1909 leyatis.

534 1943 638 2006 48.
684 1940 760 2006 D.
791 1941 894 2019 33,
924 1941 982 2022 3,
1009 1942 1070 2007 4.
1142 1940 1482 2006 Iavolenus
1512 1940 1677 2007 libro
1707 1963 1877 2006 nono
1906 1939 2397 2026 Epistularum.

363 2068 438 2079 ·—-
482 2030 558 2096 Si
601 2033 659 2095 is
702 2033 810 2113 qui
854 1992 1012 2095 (luas
1057 2032 1232 2096 aedes
1273 2030 1543 2111 habebat,
1588 2052 1749 2095 unas
1784 2031 1956 2114 mihi,
2000 2031 2241 2097 alteras
2278 2033 2399 2097 tibi

355 2120 581 2205 leyavit
633 2124 690 2185 et
738 2121 973 2184 medius
1016 2120 1254 2203 paries,
1309 2120 1418 2201 qui
1465 2082 1754 2201 utrasque
1797 2117 1971 2185 aedes
2016 2120 2395 2205 distinyuat,

357 2210 703 2291 intervenit,
756 2229 822 2273 eo
874 2210 1010 2273 iure
1062 2229 1199 2273 eum
1256 2229 1635 2273 communem
1692 2209 1867 2273 nobis
1909 2228 2035 2273 esse
2077 2210 2395 2295 existimo,

353 2319 498 2381 quo,
564 2298 620 2362 si
669 2298 884 2381 paries
949 2302 1191 2362 tantum
1253 2296 1483 2362 duobus
1544 2298 1719 2361 nobis
1774 2298 2176 2361 communiter
2232 2304 2394 2365 esset

359 2390 615 2471 leyatus,
669 2388 918 2468 ideoque
969 2408 1158 2467 neque
1201 2407 1296 2450 me
1339 2406 1527 2467 neque
1572 2392 1626 2450 te
1669 2407 1843 2469 ayere
1878 2405 2055 2469 posse
2106 2386 2212 2452 ius
2256 2408 2391 2453 non

353 2496 480 2541 esse
549 2477 729 2541 alteri
798 2478 890 2540 ita
961 2476 1273 2540 immissas
1339 2474 1622 2559 <trabes>
1685 2474 1929 2551 habere,·
2001 2494 2155 2539 nam
2220 2478 2393 2558 quod

352 2567 756 2632 communiter
798 2566 997 2630 socius
1039 2563 1228 2643 habet,
1274 2564 1430 2627 item
1472 2565 1609 2629 iure
1654 2584 1754 2628 me
1798 2563 2015 2628 habere
2030 2562 2050 2598 ²
2087 2566 2385 2651 constitit.

356 2657 560 2739 itaque
603 2657 675 2720 de
717 2675 790 2719 ea
833 2674 900 2717 re
933 2654 1163 2718 arbiter
1199 2653 1506 2717 communi
1540 2653 1875 2718 dividundo
1909 2654 2243 2718 sumendus
2278 2659 2384 2720 est.

1074 2830 1173 2895 De
1217 2832 1339 2913 leye
1383 2829 1664 2912 Aquilia.

536 2946 640 3011 49.
701 2943 778 3010 D.
809 2945 869 3029 9,
896 2945 955 3029 2,
984 2946 1089 3010 38.
1179 2944 1359 3009 Idem
1407 2942 1519 3030 (sc.
1565 2942 1939 3029 Iavolenus)
1985 2944 2153 3008 libro
2200 2966 2382 3011 nono

357 3032 821 3117 Epistularum.
881 3070 956 3081 ·—-
1020 3032 1097 3098 Si
1147 3054 1212 3098 eo
1268 3039 1551 3115 tempore,
1605 3054 1723 3117 quo
1778 3033 1889 3097 tibi
1941 3052 2110 3097 meus
2167 3052 2383 3101 servus

352 3141 536 3203 quem
589 3122 747 3187 bona
797 3124 918 3206 siole
970 3123 1171 3187 emisti
1220 3123 1538 3203 serviebat,
1592 3124 1722 3208 ipse
1774 3143 1817 3186 a
1868 3142 2039 3186 servo
2094 3125 2197 3185 tuo
2244 3122 2378 3187 vul-

355 3213 638 3275 neratus.
672 3215 782 3291 est,
847 3212 1090 3293 placuit
1159 3212 1329 3276 omni
1391 3212 1566 3277 modo
1628 3232 1723 3276 me
1785 3216 1976 3275 tecum
2036 3214 2191 3275 recte
2256 3211 2381 3295 leye

355 3299 623 3380 Aquilia
664 3300 946 3379 experiri.

504 3492 531 3539 1
573 3488 668 3543 Fl.
715 3488 774 3541 et
807 3486 865 3540 in
905 3488 1024 3542 iure
1063 3505 1188 3542 eum
1224 3487 1447 3543 habere.
