2575 3900
342 173 471 237 190
510 172 607 231 111.
632 172 785 229 GAII
804 172 1096 229 CLAUDII
1116 172 1387 230 NERON.
1410 172 1698 229 GALBAE
1720 172 1936 230 ΤΕΜΡ.
1955 172 2149 230 mals
2169 175 2316 231 CON
2320 174 2378 233 S.

346 342 766 402 manumisisse
786 361 923 401 eum
942 336 1261 403 videatur?
1305 341 1600 418 Ulpianus
1619 345 1823 403 autem
1843 336 2060 422 (D.26,
2074 346 2130 419 2,
2143 346 2244 421 10,
2256 336 2372 425 21)

338 431 638 508 disputatz
695 426 863 508 ‘qnid
908 478 921 493 .
954 480 966 493 .
1012 431 1295 506 interest,
1342 450 1517 491 suum
1564 450 1806 493 servum
1850 451 1929 491 an
1971 433 2233 492 alienum
2277 437 2378 493 tu·

335 524 533 580 torem
580 520 913 598 scripserit,
958 539 1095 581 cum
1139 521 1359 598 pupilli
1403 521 1610 581 favore
1656 524 1719 581 et
1764 521 2040 596 publicae
2084 522 2373 582 utilitatis

337 609 659 685 adsumpta
712 610 963 669 libertas
1020 610 1104 670 sit
1155 610 1222 668 in
1263 627 1526 687 persona
1569 609 1699 669 eius
1747 610 1850 686 qui
1894 612 2065 670 tutor
2111 611 2372 687 scriptus

337 697 471 759 est?
562 700 765 776 potest
818 698 1010 775 igitur
1064 702 1127 758 et
1178 697 1321 758 huic
1375 698 1927 761 fideicommissaria
1970 698 2223 759 libertas
2272 700 2372 759 de-

334 786 500 845 fendi
552 834 566 847 .
598 834 611 848 .
643 779 683 846 .'
771 785 1050 847 Atilicini
1102 805 1245 848 vero
1301 787 1660 847 sententiam
1715 806 1790 846 ne
1844 786 2071 847 Paulus
2127 788 2373 865 quidem

334 875 641 951 probavit,
714 876 938 953 quippe
1012 894 1152 935 cum
1214 876 1613 936 Tribonianus
1687 875 1759 935 de
1832 877 1945 935 hac
2013 895 2080 935 re
2144 876 2370 937 diserte

335 967 553 1028 taceat.
645 965 900 1042 denique
957 964 1231 1025 dubitare
1287 965 1456 1041 licet,
1511 984 1588 1023 an
1631 964 1956 1024 Atilicinus
2009 984 2074 1024 re
2119 984 2264 1026 vera
2306 966 2372 1025 id

336 1054 798 1131 existimaverit,
862 1053 1023 1129 quod
1081 1054 1484 1114 Tribonianus
1541 1072 1679 1113 eum
1733 1053 2106 1114 existimasse
2163 1054 2372 1147 tradit.

1165 1233 1265 1299 De
1311 1235 1542 1319 leyatis.

872 1365 967 1423 De
1010 1366 1192 1437 zeyato
1227 1382 1342 1438 per
1387 1366 1831 1424 damnationem.

511 1475 569 1538 2.
616 1472 693 1538 D.
722 1473 829 1556 45,
856 1475 917 1551 2,
950 1474 1050 1540 17.
1123 1473 1367 1539 Paulus
1413 1474 1581 1538 libro
1630 1479 1862 1539 octavo
1907 1474 1989 1538 ad
2035 1473 2368 1541 Plautium

331 1559 430 1648 (P.
465 1560 712 1645 1158⁸).
763 1599 839 1609 —
893 1562 1040 1627 Sive
1095 1585 1134 1627 a
1192 1564 1389 1628 certis
1441 1563 1736 1646 personis
1793 1563 2100 1628 heredum
2157 1565 2370 1628 nomi-

328 1650 539 1715 natim
594 1652 884 1736 legatum
932 1655 1104 1717 esset
1150 1652 1285 1716 sive
1332 1652 1415 1716 ab
1465 1652 1764 1717 omnibus
1810 1657 2078 1735 excepto
2132 1651 2369 1737 alique,

334 1739 681 1804 Atilicinus
748 1738 1026 1805 Sabinus
1094 1737 1358 1805 Cassius
1425 1761 1542 1823 pro
1597 1740 2007 1805 hereditariis
2067 1741 2369 1825 partibus

329 1831 542 1892 totum
589 1850 698 1894 eos
745 1828 1033 1912 legatum
1081 1829 1412 1893 debituros
1450 1829 1653 1908 aiunt,
1701 1829 1854 1913 quia
1889 1829 2216 1894 hereditas
2256 1851 2368 1894 eos

333 1916 604 2002 obligat.

507 2011 597 2070 De
642 2011 965 2070 usufructu
1010 2012 1214 2087 legato
1262 2030 1315 2070 v.
1346 2012 1523 2087 Resp.
1557 2014 1614 2072 1.

997 2171 1102 2230 De
1152 2172 1430 2230 locatione
1474 2174 1683 2246 leyata.

509 2281 567 2345 3.
622 2279 702 2344 D.
731 2281 835 2364 34,
864 2281 923 2364 3,
957 2281 1057 2346 16.
1148 2281 1390 2345 Paulus
1446 2282 1615 2347 libro
1670 2303 1841 2347 nono
1899 2282 1980 2346 ad
2035 2282 2371 2348 Plautium

330 2366 427 2457 (P.
470 2367 692 2458 1172).
737 2405 823 2416 —
881 2371 964 2434 Ei
1020 2371 1123 2435 cui
1178 2369 1448 2436 fundum
1504 2371 1574 2434 in
1627 2369 2137 2455 quinquennium
2193 2371 2368 2437 loca-

329 2480 546 2524 veram
601 2460 817 2544 legavi
873 2459 1185 2544 quidquid
1241 2481 1390 2523 eum
1445 2459 1607 2524 mihi
1654 2460 1803 2523 dare
1848 2459 2060 2524 facere
2107 2465 2372 2542 oportet

330 2549 740 2631 oportebitve
786 2551 862 2613 ut
908 2549 1151 2613 sineret
1186 2547 1374 2612 heres
1413 2549 1539 2612 sibi
1575 2547 1833 2614 habere.
1912 2547 2132 2614 Nerva
2169 2549 2370 2614 Atili-

328 2637 536 2722 cinuS,
593 2639 648 2703 si
703 2639 889 2702 heres
946 2637 1324 2721 prohiberet
1375 2659 1521 2701 eum
1567 2636 1722 2719 frui,
1779 2659 1857 2700 ex
1903 2637 2221 2702 conducto
2231 2686 2250 2721 ,
2309 2639 2368 2702 si

327 2729 463 2791 iure
510 2727 856 2792 locationis
903 2726 1056 2810 quid
1104 2727 1442 2809 retineret,
1498 2747 1576 2790 ex
1621 2687 2013 2790 testamento
2062 2725 2202 2790 fore
2250 2727 2368 2791 ob-

327 2815 602 2899 ligatum
656 2817 869 2896 aiunt,
927 2815 1079 2916 quia
1123 2815 1294 2880 nihil
1339 2815 1707 2898 interesset,
1761 2817 2088 2898 peteretur
2131 2837 2216 2879 an
2263 2837 2364 2880 re-

329 2903 595 2986 tineret3
640 2907 847 2967 totam
896 2904 1065 2967 enim
1112 2902 1504 2968 locationem
1551 2903 1831 2987 legatam
1880 2902 2097 2967 videri.

1074 3068 1167 3126 De
1211 3085 1375 3126 servo
1421 3068 1619 3140 leyam.

506 3177 567 3242 4.
633 3176 713 3240 D.
752 3175 857 3254 35,
885 3176 943 3256 2,
972 3176 1057 3241 49
1078 3198 1171 3261 pr.
1273 3175 1453 3240 Idem
1511 3174 1625 3263 (sc.
1665 3176 1929 3258 Paulus)
1984 3179 2152 3243 libro
2211 3179 2364 3246 duo-

330 3265 579 3329 decimo
648 3265 729 3329 ad
794 3225 1123 3330 Plautium
1182 3263 1207 3310 ‘¹
1182 3265 1280 3350 P
1323 3261 1543 3350 1188).
1601 3301 1682 3311 -
1739 3263 2048 3331 Plautius.
2159 3265 2361 3334 Servo

328 3375 520 3437 quem
557 3353 678 3417 tibi
720 3353 1107 3456 legaveram,
1145 3353 1416 3418 fundum
1453 3354 1681 3436 legavi.
1754 3354 2100 3420 Atilicinus
2139 3355 2365 3422 Nerva

330 3442 606 3508 Sabinus
679 3443 963 3528 primum
1038 3443 1105 3506 in
1169 3463 1355 3506 servo
1420 3442 1738 3505 rationem
1803 3443 1967 3528 legis
2034 3443 2361 3510 Falcidiae

328 3532 689 3597 habendam
737 3535 803 3596 et
850 3535 1047 3615 quota
1092 3552 1243 3615 pars
1294 3552 1370 3594 ex
1418 3550 1492 3594 eo
1531 3529 1874 3614 decederet,
1922 3553 2064 3596 eam
2099 3537 2361 3617 partem
