2575 3900
342 193 474 257 334
543 192 611 248 V.
648 191 945 247 NERVAE
982 191 1075 246 ΕΤ
1113 189 1416 246 TRAIANI
1451 189 1668 246 TEMP.
1705 189 1897 246 IURIS
1937 189 2293 246 CONSULTI

339 362 417 422 ad
463 362 593 422 eius
638 362 1082 438 Responsorum
1126 359 1312 420 libros
1358 360 1676 436 pertinere.
1767 360 1845 419 ad
1899 378 2075 437 quam
2133 360 2363 420 coniec-

335 456 538 510 turam
610 448 1071 510 confirmandam
1144 468 1506 527 quamquam
1570 448 1710 508 addi
1773 453 1990 526 potest,
2059 449 2121 507 in
2184 448 2362 508 Pauli

335 538 691 617 fragmentis
736 538 860 598 illis
896 557 1249 614 responsum
1286 557 1522 615 quoque
1557 538 1792 597 Neratii
1829 537 2082 598 inveniri
2121 530 2221 617 (D.
2254 540 2364 615 47,

340 630 438 702 19,
481 621 566 708 6),
623 632 685 688 et
711 687 715 692 ,
738 627 897 688 idem
953 628 1076 687 fere
1133 628 1295 706 quod
1341 627 1654 686 Neratium
1709 626 2086 703 respondisse
2132 627 2362 686 Paulus

334 713 405 777 D.
444 720 549 795 41,
588 718 646 795 3,
684 719 723 778 8
781 715 981 785 refert,
1037 716 1192 776 libro
1247 716 1344 776 111
1400 715 1476 775 ad
1531 716 1847 776 Neratium
1911 715 1982 776 D.
2022 718 2126 793 41,
2177 717 2233 794 3,
2271 718 2359 775 47

332 805 513 883 tradi,
558 808 761 865 tamen
802 805 939 882 plus
985 804 1377 865 dubitationis
1423 807 1708 881 remanet,
1765 823 1946 882 quam
2000 809 2072 865 ut
2126 805 2362 864 Neratii

338 895 685 974 fragmentis
721 895 1165 971 Responsorum
1208 894 1380 953 libris
1416 894 1750 954 tribuendis
1791 912 1860 954 ea
1898 894 2115 954 addere
2153 894 2356 970 liceat,

332 1004 483 1062 quae
530 1003 602 1044 ex
644 983 823 1044 Pauli
866 983 960 1042 his
1005 981 1176 1042 libris
1220 984 1427 1059 quaeri
1469 985 1735 1057 possunt.

508 1071 599 1132 De
661 1073 791 1132 iure
854 1072 1127 1148 inprimis
1193 1072 1355 1131 civili
1417 1071 1733 1131 Neratium
1801 1069 2022 1132 dixisse
2085 1074 2361 1148 apparet.

333 1161 495 1241 quod
530 1162 602 1221 de
638 1160 872 1237 peculio
908 1161 1203 1236 quaedam
1239 1159 1487 1237 addidit,
1523 1162 1586 1219 in
1621 1179 1692 1220 eo
1723 1159 2076 1220 Iavolenum
2112 1161 2360 1220 secutus

331 1251 596 1325 videtur,
658 1268 837 1326 quem
890 1249 1044 1309 libro
1091 1249 1208 1308 XII
1264 1267 1336 1308 ex
1383 1248 1588 1308 Cassio
1647 1249 1719 1309 de
1773 1249 2009 1326 peculio
2064 1251 2129 1308 et
2174 1248 2246 1307 de
2294 1249 2361 1306 in

331 1359 461 1400 rem
523 1357 693 1398 verso
758 1337 976 1397 dixisse
1031 1338 1305 1397 vidimus.
1408 1338 1676 1414 priorum
1739 1337 1891 1397 iuris
1945 1337 2359 1398 consultorum

333 1427 660 1487 sententias
716 1445 753 1485 a
805 1426 1053 1486 Neratio
1107 1427 1375 1504 prolatas
1432 1427 1779 1486 Triboniani
1825 1426 2066 1485 adiutor
2110 1424 2353 1485 videtur

332 1516 615 1576 abiecisse
664 1507 763 1597 (D.
795 1517 896 1591 45,
928 1518 986 1592 1,
1018 1518 1244 1592 140pr.
1318 1510 1430 1574 ‘De
1468 1515 1580 1575 hae
1619 1515 2007 1592 stipulatione
2049 1557 2064 1572 .
2095 1561 2107 1575 .
2138 1560 2151 1573 .
2197 1513 2361 1591 apud

332 1608 563 1666 veteres
608 1605 841 1663 varium
887 1605 1021 1665 fuit.
1069 1604 1317 1664 Paulusz
1365 1603 1470 1664 sed
1513 1605 1713 1664 verius
1763 1608 1855 1662 est
1882 1650 1895 1663 .
1929 1651 1941 1662 .
1971 1595 2059 1684 .').

506 1693 580 1753 In
616 1692 793 1752 Pauli
838 1693 1193 1770 fragmentis
1239 1712 1377 1753 oum
1412 1712 1484 1752 ea
1520 1712 1672 1772 quae
1711 1693 1790 1751 ad
1825 1692 2140 1752 Neratium
2177 1695 2358 1751 nota-

329 1783 444 1860 vit,
514 1781 750 1858 saepius
815 1781 1035 1842 diserte
1099 1782 1490 1860 designentur
1551 1774 1943 1862 (quibusdam
2009 1781 2356 1857 praemissis

329 1872 555 1951 legitur
601 1864 870 1929 ‘Paulus'
916 1870 979 1930 P.
1014 1873 1201 1931 1029.
1246 1871 1434 1930 1030.
1478 1871 1664 1930 1033.
1710 1872 1896 1931 1034.
1940 1871 2127 1930 1036.
2164 1871 2355 1930 1037.

333 1962 521 2023 1040.
558 1962 743 2021 1043.
777 1962 965 2020 1048.
1040 1954 1287 2019 ‘Paulus
1318 1955 1511 2020 notat'
1541 1960 1602 2019 P.
1639 1962 1828 2021 1040.
1905 1952 2237 2019 ‘Neratius'
2262 2006 2276 2020 .
2303 2006 2318 2020 .
2339 2006 2353 2020 .

332 2043 600 2109 ‘Paulus'
649 2050 711 2109 P.
763 2042 982 2130 1023),
1026 2068 1215 2108 unum
1260 2049 1671 2126 fragmentum
1717 2048 1888 2107 Pauli
1934 2048 2354 2108 tantummodo

328 2142 534 2199 notam
563 2137 840 2197 exhibere
860 2138 1077 2198 dicitur
1104 2131 1199 2219 (P.
1227 2132 1444 2219 1024).
1477 2137 1549 2197 de
1569 2138 1782 2198 ceteris
1803 2137 2160 2214 fragmentis
2181 2137 2354 2197 dubi-

328 2228 448 2287 tari
494 2229 711 2304 potest,
758 2232 958 2285 utrum
1002 2227 1237 2286 Neratii
1283 2246 1361 2286 an
1398 2226 1575 2286 Pauli
1623 2226 1982 2286 sententiam
2017 2225 2353 2286 exhibeant.

330 2336 586 2394 quorum
639 2315 1118 2393 fragmentorum
1172 2317 1288 2375 duo
1350 2334 1572 2392 genera
1617 2320 1775 2391 sunt,
1821 2316 2081 2374 alterum
2126 2333 2355 2393 eorum,

330 2424 481 2482 quae
510 2422 690 2463 unam
720 2405 1078 2464 sententiam
1106 2408 1449 2481 separatam
1476 2404 1785 2464 continent
1812 2397 1927 2486 (ex.
1957 2424 2045 2480 gr.
2067 2402 2131 2463 P.
2158 2405 2352 2464 1020.

333 2496 520 2555 1022.
572 2487 798 2575 1025),
863 2494 1118 2562 alterum
1184 2511 1416 2567 eorum,
1479 2493 1695 2569 quibus
1755 2494 1957 2569 plures
2015 2492 2354 2552 sententiae

327 2583 675 2644 coniunctae
713 2583 802 2642 ita
837 2583 1243 2659 proferuntur,
1278 2586 1351 2642 ut
1387 2583 1448 2641 in
1484 2582 1682 2658 priore
1719 2585 1892 2655 parte
1921 2581 2097 2641 Pauli
2130 2600 2354 2640 nomen

326 2672 590 2749 positum
619 2672 700 2731 sit
728 2664 819 2751 (P.
845 2673 1014 2732 1027
1044 2672 1112 2730 Ι).
1136 2673 1238 2746 35,
1262 2675 1319 2749 1,
1343 2674 1422 2732 96
1439 2691 1528 2748 pr.
1559 2717 1574 2731 .
1605 2717 1618 2729 .
1648 2716 1659 2729 .
1693 2671 1946 2730 Paulus:
1995 2717 2006 2729 .
2039 2716 2053 2729 .
2083 2713 2098 2728 .
2127 2666 2166 2745 ξ
2192 2671 2224 2728 1
2259 2716 2272 2730 .
2299 2713 2313 2727 .
2337 2716 2350 2729 .

329 2763 391 2821 Ρ.
427 2763 594 2822 1046
637 2761 706 2821 D.
737 2762 840 2837 45,
876 2765 927 2838 1,
960 2763 1190 2837 140pr.
1224 2808 1236 2819 .
1268 2809 1280 2822 .
1312 2757 1351 2836 ξ
1383 2765 1415 2820 1
1443 2807 1455 2820 .
1486 2808 1499 2821 .
1532 2760 1789 2820 ‚Paulus
1816 2806 1829 2820 .
1861 2807 1872 2820 .
1905 2756 1979 2834 .§
2011 2761 2048 2817 2
2081 2806 2094 2819 .
2126 2805 2138 2817 .
2171 2749 2243 2839 .).
2288 2758 2355 2817 in

326 2851 420 2909 his
487 2850 663 2909 Pauli
724 2868 941 2909 nomen
1004 2849 1079 2908 ad
1144 2869 1276 2909 eam
1339 2854 1575 2910 tantum
1639 2848 2024 2924 sententiam,
2101 2847 2198 2907 eui
2264 2846 2320 2905 di
2329 2880 2352 2891 -

328 2941 487 2997 serte
535 2938 836 2997 adiectum
883 2942 1001 3011 est,
1060 2943 1334 3014 spectare
1381 2939 1526 2997 satis
1574 2939 1840 3015 apparet.
1933 2939 1998 2996 at
2040 2954 2231 3013 neque
2282 2953 2354 2994 ea

325 3027 685 3103 fragmenta,
730 3027 794 3084 in
839 3026 1054 3103 quibus
1101 3027 1276 3085 Pauli
1322 3044 1538 3085 nomen
1583 3028 1768 3104 deest,
1814 3044 2006 3101 neque
2051 3025 2350 3101 fragmen-

325 3120 524 3176 torum
561 3119 783 3191 partes,
820 3112 897 3173 ad
934 3134 1085 3192 quas
1121 3114 1299 3173 Pauli
1334 3133 1551 3174 nomen
1589 3117 1881 3175 insertum
1915 3133 2035 3173 non
2069 3113 2350 3191 pertinet,

324 3203 459 3264 ideo
502 3202 750 3262 Neratio
797 3202 1212 3266 attribuendae
1258 3206 1414 3280 sunt,
1451 3204 1634 3263 immo
1671 3204 1839 3264 Pauli
1879 3203 2160 3263 videntur
2196 3220 2350 3261 esse.

326 3293 470 3372 quin
526 3292 709 3351 etiam
767 3292 936 3351 Pauli
992 3292 1183 3352 oratio
1230 3312 1659 3371 nonnunquam
1705 3292 2066 3371 agnoscitur,
2121 3310 2209 3351 ex.
2259 3310 2348 3368 gr.

326 3383 730 3459 fragmentum
775 3379 840 3439 P.
874 3382 1038 3441 1021
1083 3382 1152 3440 D.
1189 3384 1243 3459 7,
1276 3384 1332 3455 5,
1356 3385 1422 3442 4:
1460 3376 1626 3460 ‘ergo
1666 3382 1862 3441 cautio
1902 3381 2085 3440 etiam
2123 3380 2198 3439 ab
2235 3381 2349 3439 hoo

328 3468 620 3549 exigenda
657 3462 796 3528 erit'
834 3470 930 3528 vel
957 3470 1089 3531 ideo
1118 3470 1306 3531 Paulo
1336 3470 1790 3531 attribuendum
1817 3470 2072 3549 videtur,
2100 3467 2256 3547 quod
2284 3468 2350 3526 in

324 3560 461 3619 aliis
492 3558 843 3634 fragmentis
869 3560 1017 3619 haec
1044 3561 1351 3637 leguntur:
1383 3554 1656 3620 ‘Paulust
1689 3578 1830 3637 ergo
1852 3606 1866 3621 .
1889 3607 1900 3621 .
1927 3559 2118 3621 .idem
2149 3557 2348 3617 dioen-
