2575 3900
331 214 458 280 150
494 213 587 269 111.
611 213 759 269 GAII
779 211 1071 306 CLAJJDH
1090 211 1362 270 NERON.
1385 211 1674 269 GALBAE
1691 211 1904 269 ΤΕΜΡ.
1925 211 2118 270 IURIS
2139 212 2344 270 CONS.

1080 391 1171 446 De
1204 393 1353 447 vinis
1385 393 1592 462 emptis.

504 486 610 551 43.
656 484 734 549 D.
767 485 867 567 18,
896 484 957 568 6,
977 484 1036 549 6.
1107 483 1506 567 Pomponius
1532 484 1700 550 libro
1729 506 1899 550 nono
1927 485 2010 550 ad
2039 482 2348 550 Sabinum

332 571 431 661 (P.
458 571 639 660 550).
688 609 765 620 -
819 570 887 637 Si
930 574 1081 638 vina
1118 574 1406 637 emerim·
1422 572 1702 659 exceptis
1740 574 1936 639 acidis
1974 578 2041 638 et
2074 573 2346 639 mucidis

332 671 399 728 et
443 663 603 727 mihi
648 662 948 748 expediat
994 661 1176 727 acida
1219 682 1473 746 quoque
1520 663 1827 746 accipere,
1870 662 2183 729 Proculus
2231 662 2346 747 ait,

330 752 621 835 quamvis
666 750 735 815 id
782 751 1091 835 emptoris
1138 772 1334 816 causa
1381 755 1716 836 exceptum
1756 752 1860 835 sit,
1905 756 2126 816 tamen
2163 751 2347 817 acida

331 848 398 904 et
441 839 696 905 mucida
739 861 873 904 non
918 839 1199 924 venisse3
1243 861 1396 905 nam
1445 861 1608 924 quae
1653 841 1897 906 invitus
1944 844 2200 924 emptor
2245 862 2346 906 ac-

330 929 540 1014 cipere
621 950 754 994 non
825 932 1188 1013 cogeretur,
1268 929 1564 1012 iniquum
1640 950 1781 994 esse
1852 949 1982 994 non
2054 930 2349 1012 permitti

331 1018 651 1084 venditori
696 1017 843 1101 <vel
888 1017 1309 1101 consumere>
1352 1017 1455 1081 vel
1502 1017 1613 1082 alii
1659 1039 1738 1083 ea.
1781 1017 2071 1083 vendere.

1010 1173 1101 1229 De
1134 1175 1396 1230 mandato
1432 1173 1656 1230 emendi.

500 1267 607 1333 44.
662 1265 741 1330 D.
774 1267 874 1350 17,
908 1266 963 1349 1,
1001 1267 1061 1349 3,
1092 1267 1131 1332 2
1171 1271 1236 1330 et
1267 1267 1370 1350 17,
1402 1268 1457 1348 1,
1485 1268 1545 1331 4.
1619 1265 1861 1332 Paulus
1897 1266 2065 1333 libro
2101 1268 2341 1352 trigen-

326 1355 491 1421 simo
556 1354 831 1421 secundo
912 1354 992 1418 ad
1057 1356 1336 1420 edictum
1407 1354 1505 1439 (P.
1540 1354 1702 1441 485)
1777 1360 1845 1420 et
1908 1356 2106 1422 Gaius
2176 1357 2344 1423 libro

329 1444 605 1510 secundo
650 1443 894 1508 Rerum
941 1441 1459 1510 Cottidianarum
1509 1442 1610 1530 (Ρ.
1645 1442 1826 1530 504).
1873 1481 1956 1492 --
2013 1442 2115 1532 (Si
2168 1468 2346 1510 man-

331 1533 484 1598 davi
546 1533 693 1616 tibi,
757 1535 831 1596 ut
894 1532 1178 1616 aliquam
1241 1554 1376 1597 rem
1442 1533 1603 1597 mihi
1658 1533 1928 1618 emeres)
1975 1583 1991 1599 .
2027 1582 2046 1600 .
2093 1534 2148 1598 si
2201 1556 2345 1619 pre-

330 1622 495 1686 tium
554 1622 753 1687 statui
813 1624 1010 1704 tuque
1070 1621 1274 1706 pluris
1336 1622 1566 1704 emisti,
1627 1623 1889 1708 quidam
1942 1628 2348 1708 negaverunt

330 1714 398 1774 te
442 1710 730 1776 mandati
776 1709 1018 1775 habere
1067 1710 1405 1794 actionem,
1451 1711 1706 1776 etiamsi
1751 1715 2018 1795 paratus
2065 1733 2234 1778 esses
2280 1713 2345 1777 id

331 1798 504 1882 quod
550 1799 804 1864 excedit
849 1799 1207 1883 remitte-re3
1253 1821 1530 1882 namque
1575 1800 1866 1883 iniquum
1902 1805 2002 1866 est
2038 1822 2172 1865 non
2208 1822 2346 1866 esse

328 1887 492 1952 mihi
546 1909 690 1954 cum
745 1886 859 1954 illo
917 1887 1262 1970 actionem,
1319 1888 1376 1952 si
1430 1888 1626 1972 nolit,
1677 1888 1772 1954 illi
1829 1910 2012 1974 vero,
2066 1890 2124 1956 si
2170 1889 2346 1970 velit,

327 1998 580 2042 mecum
627 1999 783 2042 esse.
843 1981 853 2057 Ι
912 1979 1020 2043 sed
1061 1977 1371 2043 Proculus
1417 1981 1590 2043 recte
1641 1999 1788 2042 eum
1834 2000 2037 2064 usque
2083 1978 2164 2044 ad
2199 2001 2347 2066 pre-

325 2066 489 2129 tium
536 2069 853 2131 statutum
900 2070 1193 2131 acturum
1240 2065 1583 2131 existimat.

499 2177 684 2237 Lenel
732 2172 939 2237 ‘recte'
986 2197 1022 2236 a
1059 2177 1425 2238 Triboniano
1472 2177 1746 2239 additum
1791 2197 1920 2239 esse
1955 2180 2107 2239 falso
2146 2182 2342 2257 putat,

328 2284 474 2414 351
478 2373 513 2413 a
534 2286 650 2414 Ἐξ
722 2285 841 2325 non
904 2266 982 2325 ad
1047 2261 1422 2345 ‘existimat',
1495 2267 1600 2327 sed
1663 2268 1739 2327 ad
1804 2261 2124 2328 ‘acturum'
2193 2270 2344 2330 refe-

498 2444 646 2506 Inst.
694 2446 761 2521 3,
793 2446 904 2524 26,
934 2447 991 2505 8.
1049 2492 1107 2506 ..
1157 2445 1209 2506 si
1266 2444 1398 2522 quis
1455 2464 1644 2523 usque
1705 2446 1780 2505 ad
1835 2448 2073 2505 centum
2128 2464 2343 2507 aureos

322 2532 697 2594 mandaverit
757 2534 895 2608 tibi,
960 2538 1031 2594 ut
1094 2534 1350 2594 fundum
1412 2554 1639 2595 emeres
1678 2578 1694 2595 .
1735 2582 1748 2596 .
1790 2580 1828 2610 .,
1893 2553 2087 2612 neque
2150 2535 2343 2612 pluris

323 2640 516 2683 emere
554 2623 734 2685 debes
765 2672 777 2686 .
808 2672 820 2685 .
854 2671 885 2699 .‚
925 2624 1194 2702 alioquin
1220 2643 1342 2683 non
1368 2623 1615 2684 habebis
1644 2672 1656 2685 .
1690 2670 1703 2684 .
1733 2623 2000 2683 mandati
2028 2623 2343 2703 actionem,

322 2758 337 2770 .
365 2760 378 2773 .
412 2758 425 2772 .
464 2712 732 2774 diversae
789 2715 1027 2775 scholae
1084 2717 1362 2774 auctores
1417 2716 1578 2773 recte
1634 2716 1693 2772 te
1747 2731 1935 2790 usque
1984 2713 2058 2771 ad
2105 2715 2345 2773 centum

254 2882 260 2888 .
318 2820 536 2948 {zu-eos
583 2805 855 2863 acturum
902 2803 1267 2863 existimant.
1360 2804 1432 2861 cf.
1482 2800 1612 2861 Gai.
1653 2804 1713 2879 3,
1753 2804 1896 2861 161.
1946 2821 2003 2863 v.
2051 2801 2344 2862 Sabinum

396 2935 408 2962 ,
460 2893 495 2948 1
547 2912 600 2966 p.
633 2894 779 2951 574.

1114 3009 1216 3075 De
1258 3011 1548 3075 societate.

498 3132 601 3198 45.
652 3133 726 3197 D.
760 3134 859 3215 17,
887 3132 947 3212 2,
976 3132 1079 3214 38,
1112 3134 1168 3198 1.
1242 3133 1480 3198 Paulus
1510 3134 1677 3198 libro
1709 3137 1892 3199 sexto
1923 3132 2003 3199 ad
2034 3132 2345 3200 Sabinum

320 3219 423 3307 (P.
466 3218 684 3309 1734).
741 3257 825 3267 —
884 3217 952 3284 Si
1017 3224 1230 3286 tecum
1297 3222 1572 3286 societas
1627 3222 1787 3287 mihi
1845 3225 1932 3288 sit
1987 3227 2053 3288 et
2107 3245 2212 3289 res
2267 3244 2347 3288 ex

322 3310 629 3375 societate
693 3331 1089 3394 communes),
1154 3332 1348 3393 quam
1411 3311 1771 3393 impensam
1834 3314 1900 3375 in
1966 3334 2075 3377 eas
2131 3312 2346 3379 fecero

320 3421 563 3483 quosve
627 3401 877 3466 fructus
940 3422 1019 3465 ex
1079 3397 1181 3462 his
1245 3399 1438 3463 rebus
1496 3400 1737 3484 ceperis
1751 3451 1768 3484 ,
1830 3401 1935 3465 vel
1989 3423 2109 3486 pro
2168 3400 2346 3469 socio

321 3489 424 3554 vel
490 3489 810 3556 communi
875 3487 1220 3554 dividundo
1287 3510 1390 3553 me
1458 3493 1949 3555 consecuturum
2016 3494 2081 3555 et
2135 3491 2349 3556 altera.

322 3579 573 3646 actione
622 3582 889 3646 alteram
935 3578 1081 3643 tolli
1128 3576 1440 3645 Proculus
1489 3579 1594 3644 ait.
