2575 3900
329 197 454 262 126
484 197 579 253 111.
600 197 755 253 GAII
772 196 1061 252 CLAUDII
1080 195 1348 254 NERON.
1369 195 1654 251 GALBAE
1671 196 1884 253 ΤΕΜΡ.
1913 196 2106 252 IURIS
2133 195 2276 254 coN
2281 198 2336 254 S.

319 362 451 442 peti
474 365 795 445 poteram&
840 361 948 425 sed
978 361 1087 442 qui
1118 365 1336 446 petent,
1370 380 1575 426 cavere
1607 360 1909 445 debebunt,
1944 361 2003 424 si
2037 347 2339 426 hereditas

323 450 515 515 evicta
546 449 756 535 faerit,
788 451 952 531 quod
984 449 1318 532 leyatoram
1341 450 1589 514 nomine
1613 451 1832 514 datam
1855 451 1939 514 sit
1961 450 2204 514 redditu
2230 450 2338 514 iri.

808 608 908 674 De
950 608 1048 674 his
1091 609 1199 692 qui
1243 609 1437 674 alieni
1478 609 1644 674 iaris
1685 613 1848 676 sunt.

500 731 602 797 31.
641 733 718 796 D.
751 733 806 815 1,
837 733 874 796 7
879 782 894 814 ‚
912 731 1017 797 44.
1080 731 1394 797 Proculus
1423 732 1588 798 libro
1620 736 1846 798 octavo
1875 731 2335 817 Epistularum.

323 857 408 867 —
458 819 529 886 Si
573 821 657 904 ist,
708 821 818 906 qui
861 823 1162 903 nepotem
1211 842 1287 884 ex
1334 820 1467 885 filio
1513 820 1732 905 habet,
1774 821 1843 885 in
1889 819 2146 904 nepotis
2191 820 2336 885 loco

324 910 601 994 aliquem
677 908 1038 993 adoptavit,
1108 929 1235 973 non
1288 914 1441 992 puto
1504 914 1742 974 mortuo
1803 929 1916 974 avo
1977 910 2124 974 iura
2194 929 2334 974 con-

320 999 758 1082 sanyuinitatis
801 999 960 1061 inter
1002 1002 1241 1079 nepotes
1282 998 1505 1080 futura
1548 1017 1686 1064 esse.
1775 1000 1880 1063 sed
1920 998 1978 1062 si
2021 999 2110 1062 sio
2152 999 2336 1079 adop-

322 1089 501 1169 tavit,
562 1088 658 1151 uti
711 1091 839 1150 tam
884 1087 1018 1151 iure
1062 1087 1183 1170 leye
1224 1105 1410 1168 nepos
1453 1106 1602 1152 suus
1646 1091 1817 1171 esset,
1883 1106 2071 1168 quam
2113 1083 2205 1151 sil
2261 1106 2340 1150 ea·

320 1175 511 1241 Lucio
562 1180 725 1259 puta
783 1175 915 1257 filio
976 1194 1086 1239 suo
1150 1179 1207 1240 et
1260 1195 1336 1240 ex
1387 1179 1583 1240 matre
1630 1175 1917 1256 familias
1971 1176 2100 1240 eius
2150 1179 2338 1239 natus

321 1269 491 1347 esset,
538 1269 751 1328 contra
786 1268 954 1346 puto.

498 1375 647 1436 Gen.
703 1377 760 1451 5,
814 1377 913 1453 19,
969 1377 1023 1436 9.
1125 1374 1270 1435 Eius
1336 1375 1662 1454 rogationis
1725 1375 1909 1435 verba
1973 1376 2118 1434 haee
2165 1377 2335 1434 sunt:

321 1464 522 1524 velitis
567 1463 843 1536 iubeatis,
891 1464 959 1521 ut
1002 1463 1070 1524 L.
1108 1464 1386 1524 Valerius
1422 1463 1493 1524 L.
1529 1463 1690 1523 Titio
1735 1466 1864 1523 tam
1908 1464 2038 1522 iure
2083 1464 2334 1541 legeque

320 1553 481 1612 filius
538 1553 678 1630 siet,
734 1571 913 1629 quam
968 1551 1019 1611 si
1074 1572 1145 1611 ex
1198 1572 1267 1622 eo
1323 1555 1493 1630 patre
1547 1555 1854 1629 matreque
1904 1551 2159 1612 familias
2207 1551 2337 1611 eius

318 1644 497 1701 natus
546 1644 703 1700 esset
748 1644 811 1700 et
854 1633 907 1718 qss
958 1660 1001 1700 s,

772 1777 873 1843 De
916 1779 1291 1860 adquirendo
1335 1799 1542 1844 rerum
1587 1777 1881 1843 dominio.

497 1903 598 1969 32.
645 1902 724 1970 D.
753 1902 857 1987 41,
891 1903 946 1985 1,
975 1901 1059 1967 56
1075 1925 1168 1987 pr.
1208 1905 1246 1983 ἓ
1283 1903 1339 1968 1.
1411 1902 1591 1967 Idem
1632 1899 1746 1991 (se.
1783 1897 2127 1988 Proculus)
2164 1900 2334 1967 libro

323 1995 549 2057 octavo
597 1990 1057 2075 Epistularum.

498 2090 546 2142 1.
609 2079 831 2144 Insula
894 2084 993 2144 est
1056 2083 1246 2144 enata
1311 2080 1382 2144 in
1442 2079 1708 2144 flumine
1773 2082 1996 2144 eontra
2050 2077 2334 2143 frontem

320 2170 461 2252 agri
516 2169 669 2251 mei,
722 2168 817 2232 ita
869 2173 943 2233 ut
994 2168 1159 2232 nihil
1218 2167 1551 2232 excederet
1606 2168 1943 2251 longitudo
1999 2168 2332 2251 regionem

318 2256 565 2342 praedii
629 2257 781 2340 mei3
846 2259 1071 2340 postea
1126 2260 1314 2321 aucta
1369 2260 1468 2320 est
1523 2258 1836 2339 paulatim
1894 2260 1960 2320 et
2013 2257 2331 2340 prooessit

321 2348 547 2411 contra
574 2345 819 2409 frontes
859 2349 923 2409 et
962 2346 1310 2429 superioris
1340 2344 1535 2409 vieini
1569 2348 1632 2409 et
1659 2344 2001 2409 inferioris,
2076 2365 2331 2429 quaem,

320 2434 489 2519 quod
538 2434 821 2498 adcrevit
866 2437 1083 2498 utrum
1130 2455 1342 2497 meum
1390 2433 1494 2516 sit,
1540 2434 1841 2517 quoniam
1889 2454 2031 2497 meo
2075 2432 2330 2497 adiunc-

316 2527 457 2587 tum
514 2528 636 2605 est,
702 2544 784 2588 an
840 2524 975 2587 eius
1028 2523 1187 2587 iuris
1245 2522 1357 2603 sit,
1412 2521 1590 2587 cuius
1649 2526 1844 2605 esset,
1901 2520 1956 2585 si
2010 2521 2197 2585 initio
2257 2542 2333 2584 ea

316 2614 472 2675 nata
518 2612 651 2675 eius
698 2611 1122 2695 longitudinis
1168 2611 1414 2675 fuisset.

336 2718 339 2721 ’
492 2700 804 2765 Proculus
850 2700 1207 2784 respondit:
1272 2699 1504 2781 flumen
1547 2698 1737 2776 istud,
1781 2698 1852 2762 in
1895 2718 2011 2780 quo
2055 2698 2332 2764 insulam

316 2794 527 2853 contra
583 2788 849 2871 frontem
912 2789 1051 2871 ayri
1113 2790 1205 2853 tui
1256 2792 1501 2853 enatam
1554 2806 1678 2851 esse
1729 2788 2031 2869 scripsisti
2082 2788 2200 2870 ita,
2264 2792 2340 2850 ut

315 2897 441 2941 non
493 2878 790 2941 eoeoederet
842 2878 1281 2960 lonyitudinem
1335 2877 1474 2959 aqri
1529 2876 1644 2961 tui,
1701 2876 1760 2941 si
1812 2875 2139 2940 alluvionis
2187 2874 2335 2959 <is>

315 2966 417 3029 ias
472 2964 648 3029 habet
699 2969 755 3028 et
806 2965 1014 3029 insula
1068 2965 1246 3029 initio
1287 2965 1547 3047 propior
1587 2965 1783 3044 fundo
1830 2969 1932 3029 tuo
1972 2965 2101 3044 fuit
2140 2984 2332 3047 qaam

317 3054 472 3136 eine,
535 3052 643 3134 qui
696 3056 869 3117 trans
920 3060 1144 3129 flumen
1198 3053 1475 3137 habebat,
1541 3057 1668 3117 tota
1723 3057 1830 3117 tua
1878 3054 2050 3134 facta
2102 3058 2212 3137 est,
2276 3058 2337 3117 et

315 3143 477 3224 qaod
526 3145 740 3223 postea
792 3142 848 3204 ei
900 3142 1139 3206 insulae
1197 3143 1504 3207 alluvione
1555 3142 1825 3226 accessit,
1879 3142 1949 3207 id
1999 3147 2173 3206 tuum
2226 3146 2330 3221 est,

316 3231 558 3295 etiamsi
610 3230 703 3294 ita
754 3231 1023 3314 accessit,
1076 3235 1147 3294 ut
1186 3232 1530 3313 procederet
1579 3231 1791 3295 insula
1843 3235 2053 3295 contra
2093 3230 2333 3315 frontes

313 3320 654 3383 vicinorum
689 3320 1023 3399 superioris
1058 3324 1239 3401 atque
1272 3320 1607 3401 inferiori3‚
1642 3320 1735 3385 vel
1765 3321 1953 3384 etiam
1978 3325 2050 3385 at
2070 3319 2341 3403 propior

314 3413 464 3474 esset
500 3408 696 3489 fundo
741 3408 894 3493 eius,
939 3409 1048 3491 qui
1092 3413 1267 3473 trans
1311 3409 1542 3490 flumen
1585 3408 1772 3473 habet.

460 3571 486 3619 1
530 3565 602 3620 F.
640 3566 703 3620 ut
740 3564 907 3621 etiam
945 3565 1064 3621 iure
1099 3565 1243 3635 legis
1276 3603 1287 3619 .
1322 3606 1335 3621 .
1365 3606 1378 3621 .
1409 3565 1557 3620 esset
1592 3564 1769 3634 quasi.
