2575 3900
889 188 939 237 5.
988 180 1222 238 TITIUS
1258 181 1519 238 ARISTO
2084 180 2212 246 367

182 350 372 432 pater
427 346 600 411 male
656 350 885 413 contra
937 346 1249 431 pietatem
1308 343 1675 430 adficiebat,
1738 345 1953 430 coegit
2007 366 2218 410 eman-

183 436 420 520 cipare.
527 455 653 520 quo
716 438 948 519 postea
1008 434 1308 500 defuncto
1380 438 1566 518 pater
1636 438 1710 501 ut
1785 435 2218 500 manumissor

181 525 502 590 bonorum
575 524 1048 609 possessionem
1123 523 1249 588 sibi
1324 527 1685 609 competere
1750 522 2029 609 dicebat3
2102 523 2215 588 sed

185 614 462 680 consilio
507 612 762 678 Neratii
798 612 1005 678 Prisci
1051 615 1118 677 et
1152 612 1483 677 Aristonis
1529 612 1589 676 ei
1634 615 1899 696 propter
1942 612 2217 678 necessi-

182 706 396 768 tatem
461 701 810 767 solvendae
872 701 1136 786 pietatis
1201 697 1655 787 (potestatis?)
1719 700 2037 787 denegata
2100 705 2216 767 est.

693 897 793 962 De
837 897 1054 981 leyatis
1101 902 1159 961 et
1198 897 1707 980 fideicommissis.

365 1022 426 1087 3.
473 1020 548 1085 D.
579 1022 686 1106 33,
706 1023 766 1105 2,
784 1020 888 1086 22.
980 1020 1303 1105 Ulpianus
1348 1021 1518 1086 libro
1566 1021 1793 1106 quinto
1840 1020 2086 1087 decimo
2133 1022 2215 1086 ad

179 1111 399 1197 legem
439 1109 673 1176 Iuliam
720 1114 786 1175 et
821 1109 1095 1193 Papiam
1132 1107 1230 1193 (P.
1250 1109 1475 1196 2035).
1512 1146 1598 1157 —
1638 1108 2050 1175 ‘Patrimonii
2086 1112 2215 1175 mei

178 1198 465 1265 reditum
513 1200 808 1265 omnibus
857 1198 1045 1263 annis
1091 1199 1278 1263 uxori
1325 1219 1507 1263 meae
1546 1198 1688 1263 dari
1725 1198 1916 1264 volo'.
1991 1200 2214 1265 Aristo

177 1288 524 1373 respondit
578 1288 659 1353 ad
712 1287 1014 1353 heredem
1069 1288 1294 1353 uxoris
1348 1309 1482 1352 non
1537 1288 1844 1374 transire,
1899 1288 2050 1372 quia
2102 1291 2217 1353 aut

177 1378 332 1443 usui
394 1375 636 1443 fructui
699 1376 908 1441 simile
976 1380 1147 1441 esset
1211 1379 1325 1441 aut
1376 1376 1530 1441 huic
1585 1376 1807 1463 legato
1864 1374 1957 1442 ‘in
2014 1398 2215 1443 annos

177 1464 518 1552 singulos'.

361 1573 422 1638 4.
489 1571 566 1637 D.
612 1573 717 1652 36,
768 1575 825 1655 1,
870 1572 932 1654 3,
976 1573 1036 1637 2.
1127 1569 1445 1654 Ulpianus
1517 1571 1684 1636 libro
1747 1571 1944 1637 tertio
2007 1570 2214 1637 Fidei·

178 1662 681 1729 commissorum
735 1658 834 1749 (P.
867 1659 1086 1744 1873).
1139 1696 1214 1707 —
1268 1710 1283 1725 .
1322 1708 1339 1725 .
1393 1658 1792 1745 Pomponius
1848 1660 2100 1744 scribit,
2156 1662 2213 1727 si

178 1750 476 1817 deductis
541 1750 782 1835 legatis
846 1750 1188 1815 restituere
1253 1750 1395 1833 quis
1451 1748 1872 1815 hereditatem
1927 1754 2215 1835 rogatur,

178 1840 552 1926 quaesitum
601 1843 715 1921 est,
758 1842 977 1904 utrum
1026 1838 1234 1903 solida
1277 1840 1497 1924 legata
1541 1836 1935 1923 praestanda
1981 1840 2114 1903 sint
2150 1845 2216 1903 et

177 1932 488 2016 quartam
542 1951 620 1994 ex
675 1928 814 1994 solo
869 1927 1373 1994 fideicommisso
1432 1926 1769 1994 detrahere
1824 1928 2063 2013 possit,
2128 1950 2213 1992 an

177 2040 337 2085 vero
394 2023 461 2084 et
514 2039 591 2083 ex
644 2017 880 2102 legatis
940 2022 1006 2082 et
1061 2039 1140 2081 ex
1193 2017 1691 2083 fideicommisso
1748 2022 2050 2102 quartam
2108 2017 2211 2082 de-

175 2106 442 2173 trahere
504 2105 758 2191 possit?
858 2109 924 2171 et
981 2105 1181 2171 refert
1233 2104 1611 2172 Aristonem
1667 2106 2079 2191 respondisse
2135 2128 2213 2171 ex

178 2195 488 2262 omnibus
552 2194 1043 2280 detrahendam,
1106 2194 1232 2260 hoc
1298 2199 1401 2260 est
1466 2217 1544 2260 ex
1608 2195 1848 2282 legatis
1914 2199 1979 2259 et
2035 2195 2215 2260 fidei·

178 2306 549 2352 commisso.

364 2391 424 2457 5.
487 2391 566 2456 D.
602 2392 664 2475 4,
700 2391 761 2474 4,
801 2391 904 2474 16,
942 2391 999 2455 2.
1102 2389 1424 2475 Ulpianus
1489 2389 1656 2454 libro
1722 2389 2062 2456 undecimo
2127 2391 2208 2456 ad

180 2481 468 2546 edictum
517 2477 616 2567 (P.
637 2477 821 2566 406).
869 2517 951 2526 —
1000 2478 1398 2563 Pomponius
1443 2527 1457 2541 .
1479 2527 1493 2542 .
1540 2478 1740 2543 refert
1784 2478 1950 2544 libro
1997 2480 2209 2545 vicen-

181 2572 355 2635 simo
413 2572 669 2654 octavo,
721 2590 865 2634 cum
913 2567 1175 2652 quidam
1221 2566 1410 2632 heres
1456 2569 1725 2651 rogatus
1774 2572 1945 2632 esset
1988 2567 2210 2633 fratris

179 2658 358 2723 filiae
414 2657 777 2740 complures
831 2679 935 2722 res
991 2655 1146 2722 dare
1201 2678 1278 2720 ea
1334 2655 1733 2738 condicione,
1796 2659 1898 2740 ut,
1958 2655 2013 2720 si
2068 2657 2211 2722 sine

182 2745 413 2812 liberis
469 2745 873 2829 decessisset,
927 2746 1300 2811 restitueret
1354 2765 1463 2808 eas
1520 2742 1744 2808 heredi
1789 2748 1855 2810 et
1898 2744 2058 2809 haec
2106 2745 2210 2809 de-

180 2835 408 2901 functo
482 2833 715 2900 herede
778 2834 999 2900 heredi
1064 2834 1200 2898 eius
1264 2832 1543 2899 cavisset
1606 2853 1675 2897 se
1737 2833 2212 2920 restituturam,

184 2924 558 2990 Aristonem
602 2927 866 3008 putasse
908 2923 978 2986 in
1021 2922 1346 3008 integrum
1391 2921 1877 2988 restituendam.

851 3099 953 3166 De
997 3099 1270 3166 libertate
1311 3101 1544 3167 relicta.

367 3227 425 3292 6.
468 3225 551 3292 D.
567 3225 675 3309 40,
691 3225 754 3304 4,
771 3224 877 3290 46.
939 3223 1335 3309 Pomponius
1372 3224 1539 3291 libro
1576 3226 1851 3311 septimo
1881 3245 1957 3290 ex
1994 3223 2211 3289 Variis

185 3315 600 3381 Lectionibus
647 3310 748 3401 (P.
780 3311 956 3398 825).
1001 3351 1074 3360 -
1127 3313 1349 3378 Aristo
1397 3312 1668 3380 Neratio
1724 3313 2063 3399 Appiano¹
2116 3334 2211 3378 re-

295 3559 309 3570 ·
331 3490 710 3616 &Mommsen
746 3505 846 3558 pro
877 3487 1182 3558 ‘Appiano'
1221 3488 1412 3558 potius
1442 3485 1676 3543 ‘Prisco’
1709 3487 2061 3544 scribendum
2089 3501 2212 3543 esse

185 3576 366 3616 cornei
397 3601 410 3615 .
