2575 3900
351 185 486 251 420
555 185 624 242 V.
659 183 962 241 NERVAE
1001 186 1094 241 ΕΤ
1126 186 1431 241 TRAIANI
1464 185 1679 242 TEMP.
1713 186 1907 242 IURIS
1946 185 2317 242 CONSULTI

1184 391 1400 451 Liber
1442 390 1553 449 III.

1173 508 1276 575 De
1320 510 1548 593 leyatis.

1001 631 1095 691 De
1137 649 1252 691 usu
1295 633 1493 705 finan
1537 632 1738 705 zeqato.

535 740 636 805 70.
691 738 772 805 D.
811 740 916 824 22,
955 742 1014 823 1,
1047 742 1133 806 49
1175 771 1260 795 =
1300 740 1406 819 50,
1445 740 1548 824 17,
1589 742 1690 805 72.
1796 738 2142 805 Iavolenus
2206 737 2383 803 libro

353 827 550 893 tertio
617 850 692 893 ex
757 830 1226 913 posterioribus
1281 828 1623 895 Labeonis.
1680 866 1763 875 —-
1816 828 2085 893 Fructus
2144 829 2238 893 rei
2290 832 2387 893 est

353 918 450 983 vel
483 918 741 1000 piynori
784 920 936 983 dare
981 919 1170 984 licere.

535 1007 638 1071 71.
711 1006 791 1072 D.
841 1008 911 1089 7,
955 1008 1027 1088 4,
1072 1009 1160 1073 24
1204 1030 1301 1093 pr.
1407 1007 1746 1072 Iavolenus
1811 1007 1978 1071 libro
2042 1006 2236 1070 tertio
2302 1028 2383 1069 ex

355 1096 828 1180 posterioribus
895 1094 1234 1161 Labeonis.
1287 1132 1373 1144 -—
1429 1095 1586 1162 oum
1648 1116 1830 1161 usum
1887 1096 2161 1177 functum
2216 1094 2384 1159 horti

353 1185 652 1270 haberem,
696 1186 928 1265 flunaen
971 1186 1216 1249 hortum
1261 1186 1587 1268 occupavit,
1632 1186 1845 1250 deinde
1889 1184 1967 1249 ab
2001 1204 2068 1248 eo
2103 1184 2378 1259 recessit;

354 1276 458 1339 ius
510 1294 742 1356 quoque
789 1294 941 1339 usus
981 1275 1221 1354 fructus
1264 1276 1615 1339 restitutum
1658 1294 1781 1339 esse
1823 1273 2099 1337 Labeoni
2140 1274 2381 1337 videtur

357 1361 546 1446 [quia
589 1364 661 1427 id
691 1363 890 1427 solum
915 1367 1206 1446 perpetuo
1241 1364 1508 1429 eiusdem
1542 1364 1706 1427 iuris
1731 1361 2100 1427 mansisset?
2091 1360 2140 1445 ]
2144 1411 2159 1425 .
2194 1363 2286 1425 ita
2313 1362 2384 1425 id

354 1471 568 1516 verum
621 1456 801 1535 puto,
861 1453 921 1518 si
970 1454 1213 1533 'flumen
1276 1453 1683 1517 inundatione
1732 1450 1978 1515 hortum
2032 1452 2347 1533 occupavit
2354 1470 2377 1527 ;

354 1560 508 1604 nam
551 1542 610 1604 si
651 1540 820 1605 alveo
863 1546 1100 1606 mutato
1145 1542 1285 1606 inde
1328 1561 1591 1606 manare
1632 1541 1902 1624 coeperit,
1946 1540 2155 1603 amitti
2195 1559 2380 1603 usum

352 1627 629 1709 fructum
664 1630 963 1713 existimo,
999 1651 1140 1695 eum
1175 1631 1234 1695 is
1271 1630 1435 1695 locus
1469 1630 1629 1695 abvei
1642 1629 1932 1712 publicus
1956 1648 2081 1693 esse
2106 1628 2380 1713 coeperit,

356 1735 548 1799 neque
589 1720 662 1782 in
691 1719 1041 1800 pristinum
1083 1724 1317 1784 statum
1359 1720 1600 1784 restitui
1636 1738 1824 1801 posse.

541 1807 644 1871 72.
701 1806 779 1871 D.
817 1806 1040 1889 ibid.§
1071 1808 1129 1873 1.
1179 1843 1254 1855 —
1306 1808 1484 1873 Idem
1537 1809 1700 1873 iuris
1751 1808 1822 1871 in
1876 1807 2093 1871 itinere
2135 1810 2195 1871 et
2238 1810 2380 1869 actu

360 1896 820 1961 custodiendum
872 1916 995 1962 esse
1046 1898 1142 1962 ait
1182 1897 1414 1982 Labeo,
1470 1898 1544 1962 de
1590 1896 1810 1980 quibus
1852 1895 2029 1961 rebus
2072 1916 2177 1979 eqo
2218 1895 2380 1960 idem

362 1985 526 2066 quod
566 1985 638 2048 in
681 2005 800 2050 usu
840 1985 1050 2066 fructu
1092 1988 1300 2052 sentio,

541 2073 640 2139 73.
694 2072 775 2138 D.
811 2073 966 2138 ibid.
1002 2077 1045 2156 ξ
1080 2077 1138 2141 2.
1185 2111 1275 2124 -
1319 2074 1555 2140 Labeo.
1645 2075 1775 2140 Nec
1825 2075 1884 2139 si
1924 2093 2172 2139 summa
2216 2078 2381 2137 terra

358 2161 604 2226 sublata
646 2182 720 2227 ex
760 2162 958 2243 fundo
1001 2184 1133 2230 meo
1177 2170 1236 2229 et
1277 2165 1413 2229 alia
1447 2168 1677 2247 reyesta
1710 2168 1874 2246 esset,
1916 2164 2143 2227 idcirco
2177 2182 2379 2227 meum

359 2251 561 2316 sebum
605 2271 727 2316 esse
770 2253 1020 2332 desinit,
1065 2273 1194 2319 non
1236 2254 1439 2336 mayis
1480 2274 1669 2335 quam
1712 2257 2038 2317 stercorato
2082 2271 2250 2334 ayro.

1111 2433 1205 2495 De
1249 2439 1383 2495 vino
1429 2436 1624 2510 leyato,

544 2544 672 2610 74?
718 2544 798 2612 D.
817 2545 922 2628 33,
951 2545 1011 2630 6,
1034 2545 1117 2610 16
1135 2568 1230 2630 pr.
1292 2544 1472 2609 Idem
1502 2543 1616 2630 (se.
1644 2544 1974 2626 Proculus,
2004 2543 2116 2608 sed
2146 2564 2377 2626 errore,

365 2655 515 2698 nam
564 2633 782 2717 potius
819 2631 1161 2699 Iavolenus
1209 2633 1615 2699 scribendum
1663 2631 1815 2722 fuit)
1861 2595 2028 2698 libro
2069 2631 2268 2696 tertio
2304 2653 2381 2696 ex

361 2723 834 2807 posizerioribus
879 2721 1218 2788 Labeonis..
1261 2759 1338 2769 —
1381 2721 1507 2799 Qui
1552 2722 1774 2788 vinum
1820 2719 2266 2787 Surrentinum
2313 2719 2381 2784 in

367 2811 707 2876 urnalibus
761 2811 1050 2876 habebaf.
1105 2811 1433 2894 diffusum,
1488 2810 1546 2875 is
1600 2811 1726 2877 tibi
1777 2810 1997 2876 vinum
2051 2810 2381 2895 legaveraf.

365 2897 436 2962 in
507 2899 839 2985 amphoris
905 2922 1112 2965 omne.
1220 2899 1382 2965 illud
1448 2921 1699 2985 quoque
1762 2899 2012 2985 vinum,
2083 2896 2251 2984 quod
2313 2896 2379 2961 in

366 2987 699 3053 urnalibus
763 2986 1369 3074 fuisseiz,lega1·.um
1434 3010 1574 3054 esse
1632 2988 1850 3055 Labeo
1915 2993 1981 3053 et
2042 2984 2377 3053 Trebatius

367 3077 851 3158 responderunf..

1045 3172 1139 3232 De
1182 3173 1445 3232 dulcibus
1490 3173 1708 3246 leyatiS.

545 3278 647 3344 75.
705 3281 785 3346 D.
819 3279 974 3345 ibid.
1011 3285 1051 3358 ἐ
1093 3289 1151 3346 1.
1196 3318 1281 3328 -
1331 3279 1453 3346 cui
1508 3282 1719 3346 dulcia
1762 3282 1979 3366 legata
2026 3283 2272 3364 essent,
2325 3279 2379 3343 si

364 3366 532 3431 nihil
589 3365 763 3431 aliud
817 3372 1207 3434 testamenizo
1264 3369 1689 3455 significetur,
1755 3368 1973 3435 omnia
2025 3368 2186 3433 haee
2240 3389 2377 3432 esse

366 3455 616 3539 legata:
661 3457 944 3521 mulsum
989 3477 1250 3540 passum
1300 3456 1623 3522 defrutum
1668 3463 1735 3522 et
1782 3459 2026 3522 similes
2064 3456 2377 3540 potiones,

364 3540 524 3607 item
571 3565 731 3608 uvas
778 3544 934 3609 ficos
979 3545 1233 3628 palmas
1279 3544 1542 3609 caricas.
