2575 3900
795 176 798 179 ’
824 181 872 229 6.
919 174 1337 232 IAVOLENUS
1374 175 1671 233 PRISCUS
2126 179 2255 244 401

223 342 333 405 ubi
375 344 526 403 haec
569 343 880 419 leguntur:
939 338 1245 404 ‘Iavolenu
1304 364 1377 403 ex
1422 344 1627 405 Cassio
1682 346 1884 426 βιβλία
1928 343 2258 417 δεκαπέντε,

226 432 527 507 epistolon
582 432 784 511 βιβλία
838 428 1251 514 δεκατέσσαρα,
1308 434 1383 492 ad
1427 434 1736 494 Plautium
1790 435 1993 515 βιβλία
2044 430 2256 498 nem?

227 520 372 581 libri
419 540 490 580 ex
533 520 827 582 Labeonis
874 523 1305 597 posterioribus
1352 524 1669 599 compositi
1713 526 1875 600 apud
1912 524 2263 586 Iavolenum

223 628 348 670 non
383 609 734 685 laudantur3
771 611 1097 670 laudantur
1131 612 1284 671 falso
1324 612 1484 687 apud
1512 612 1851 672 Labeonem
1879 605 2261 695 (‘Aoe13362v09

225 698 632 774 posteriorum
678 698 879 778 βιβλία
925 692 1147 781 δέκα’),
1198 719 1374 776 quem
1418 720 1541 761 non
1586 702 1803 775 decem,
1853 704 1955 762 sed
1976 752 1982 759 ,
2004 704 2257 779 quadra-

221 786 403 865 ginta
447 786 575 847 fere
619 786 805 848 libros
851 788 1167 866 reliquisse
1212 790 1463 850 constat.
1537 789 1701 867 v.11,
1735 794 1768 849 1
1816 810 1873 866 p.
1907 793 2053 851 160.

724 1001 772 1060 Ι.
837 1002 972 1061 Res
1018 1002 1091 1061 in
1136 1006 1497 1064 conventu
1542 1006 1767 1065 actae.

406 1118 484 1187 D.
521 1121 627 1202 40,
665 1121 726 1205 2,
763 1119 820 1184 5.
930 1120 1218 1186 Iulianus
1283 1122 1508 1187 eodem
1567 1122 1737 1189 libro
1801 1120 1914 1209 (sc.
1983 1123 2253 1209 quadra·

224 1208 521 1295 gensimo
577 1209 858 1274 secundo
913 1206 1367 1297 Digestorum)
1420 1208 1521 1296 (P.
1560 1209 1738 1296 586).
1787 1248 1872 1259 —
1918 1210 2027 1276 An
2083 1212 2253 1297 apud

225 1319 296 1363 se
336 1298 791 1362 manumittere
828 1299 1039 1383 possit
1072 1300 1128 1363 is
1166 1300 1277 1385 qui
1316 1301 1654 1365 consilium
1691 1302 2020 1385 praebeat,
2060 1322 2252 1386 saepe
2286 1299 2291 1307 ’

225 1386 592 1471 quaesitum
640 1392 757 1452 est.
841 1408 962 1472 ego
1008 1388 1122 1471 qui
1167 1389 1604 1453 meminissem
1647 1389 2026 1455 Iavolenum
2069 1411 2252 1475 prae-

223 1480 553 1561 ceptorem
605 1497 821 1539 meum
870 1480 934 1540 et
979 1476 1045 1541 in
1093 1475 1321 1542 Africa
1367 1481 1433 1543 et
1478 1478 1546 1542 in
1593 1476 1784 1561 Syria
1832 1499 2051 1543 servos
2099 1500 2251 1545 suos

225 1564 708 1644 manumisisse,
755 1586 901 1629 cum
948 1566 1288 1630 consilium
1335 1567 1677 1649 praeberet
1705 1617 1719 1631 .
1750 1615 1763 1631 .
1792 1615 1808 1632 .

411 1690 541 1753 Gai.
594 1697 659 1769 1,
709 1694 809 1755 18.
860 1697 960 1755 19.
1013 1688 1207 1764 ‘Quod
1236 1740 1250 1753 .
1281 1742 1295 1753 .
1326 1694 1397 1754 de
1454 1698 1665 1756 aetate·
1706 1695 1863 1756 servi
1907 1696 2251 1774 requiritur,

223 1782 364 1859 lege
414 1781 590 1841 Aelia
636 1782 840 1842 Sentia
893 1784 1302 1843 introductum
1349 1786 1457 1844 est.
1539 1803 1689 1843 ,nam
1734 1804 1805 1844 ea
1850 1784 1948 1844 lex
1990 1786 2251 1855 minores

221 1870 388 1930 XXX
437 1888 728 1931 annorum
775 1889 978 1932 servos
1023 1890 1144 1931 non
1187 1873 1367 1931 aliter
1411 1873 1605 1934 voluit
1648 1874 2051 1934 manumissos
2090 1875 2250 1935 cives

221 1961 522 2021 Romanos
587 1960 742 2037 fieri,
807 1980 987 2038 quam
1051 1963 1103 2020 si
1141 1955 1435 2022 ¹vindicta.
1497 1964 1659 2040 apud
1722 1963 2034 2023 consilium
2090 1964 2252 2024 iusta

221 2067 406 2110 causa
456 2050 940 2111 manumissionis
996 2051 1351 2129 adprobata,
1406 2053 1648 2112 liberati
1700 2052 1927 2112 fuerint
1965 2097 1981 2113 .
2013 2100 2026 2114 .
2056 2098 2070 2112 .
2110 2073 2249 2113 con·

223 2138 428 2199 silium
480 2143 683 2198 autem
731 2139 1048 2199 adhibetur
1084 2185 1098 2200 .
1147 2187 1162 2200 .
1201 2188 1214 2200 .
1252 2141 1317 2199 in
1360 2141 1678 2217 provinciis
1716 2187 1729 2200 .
1770 2187 1783 2200 .
1818 2140 2038 2220 viginti
2081 2162 2251 2203 recu-

219 2230 569 2304 peratorum
623 2228 844 2289 civium
889 2228 1323 2307 Romanorum,
1371 2229 1549 2306 idque
1593 2230 1663 2290 fit
1706 2231 1921 2292 ultimo
1970 2231 2065 2290 die
2111 2250 2247 2292 con·

218 2320 436 2377 ventus
466 2364 478 2376 .
511 2364 521 2376 .
555 2311 590 2376 .’

971 2441 1048 2501 H.
1106 2443 1493 2519 Responsa.

397 2565 746 2625 Iavolenum
804 2566 920 2626 ·ius
1002 2566 1176 2627 civile
1255 2567 1493 2643 publice
1565 2566 1939 2642 respondisse
2013 2568 2243 2628 Plinius

220 2673 311 2730 ep.
354 2655 411 2729 6,
452 2656 534 2714 15
593 2654 859 2714 tradidit.
949 2656 1106 2731 quod
1159 2655 1225 2715 in
1276 2655 1763 2732 inscriptionibus
1819 2656 1969 2730 illis,
2026 2657 2243 2734 quibus

221 2741 551 2802 officiorum
585 2742 856 2802 Iavoleni
899 2745 1123 2804 mentio
1167 2744 1254 2818 fit,
1299 2745 1446 2803 iuris
1493 2743 1750 2803 consulti
1792 2763 2008 2805 nomen
2055 2745 2243 2822 deest,

221 2831 276 2892 ei
338 2834 547 2904 postea
609 2831 849 2890 demum
910 2833 1006 2892 ius
1061 2833 1460 2910 respondendi
1515 2832 1724 2893 datum
1781 2852 1911 2893 esse
1966 2833 2246 2911 Krueger

218 2940 276 2997 p.
309 2921 433 2980 162
481 2939 538 2980 n.
571 2923 707 2981 129
752 2920 881 2981 iure
927 2921 1167 2982 videtur
1212 2922 1496 2983 conicere.
1587 2922 1745 2981 inter
1789 2940 1889 2982 eos
1945 2922 2049 2998 qui
2104 2942 2243 2984 con·

220 3009 512 3086 sulebant,
558 3010 742 3070 etiam
787 3011 1178 3086 magistratus
1214 3012 1404 3071 fuisse
1439 3011 1569 3087 ipse
1608 3012 1679 3070 D.
1708 3013 1813 3087 40,
1844 3014 1901 3084 2,
1932 3014 1969 3073 5
2010 3018 2242 3073 narrat:

219 3092 602 3175 ‘quibusdam
655 3100 1030 3175 praetoribus
1087 3099 1537 3160 consulentibus
1576 3146 1591 3160 .
1621 3145 1635 3159 .
1667 3147 1680 3160 .
1718 3095 1922 3175 suasi',
1978 3104 2040 3160 et
2092 3101 2241 3161 iuris

217 3187 442 3263 peritos
507 3206 744 3266 quoque
808 3189 958 3248 alios
1021 3190 1119 3248 vel
1181 3189 1331 3248 iuris
1388 3189 1685 3249 studiosos
1738 3208 1857 3248 non
1911 3208 2049 3249 raro
2106 3209 2245 3250 eum

219 3275 586 3336 consuluisse
633 3294 706 3336 ea
749 3278 1033 3355 probant,
1090 3296 1240 3355 quae
1287 3276 1361 3338 D.
1392 3279 1451 3352 8,
1480 3279 1539 3350 4,
1572 3278 1627 3336 5.
1673 3279 1777 3352 41,
1810 3281 1865 3352 2,
1900 3281 2000 3353 23,
2032 3281 2090 3339 2.
2135 3281 2241 3357 42,

221 3365 279 3441 5,
311 3366 394 3424 28
431 3364 733 3443 leguntur.
814 3366 885 3426 cf.
928 3365 1203 3444 Krueger
1247 3387 1305 3442 p.
1337 3369 1481 3426 162.
1528 3365 1633 3442 qui
1675 3367 2081 3443 consulebant,
2119 3387 2238 3426 non

218 3453 394 3512 modo
429 3454 832 3528 proferebant,
870 3447 1054 3531 ‘quod
1081 3454 1569 3530 praeceptoribus
1597 3455 1725 3514 tuis
1744 3450 1963 3530 placet'
2036 3456 2106 3514 D.
2135 3457 2241 3533 42,

221 3543 283 3617 5,
312 3532 447 3624 28),
485 3543 591 3602 sed
629 3543 812 3602 etiam
848 3543 1008 3620 quod
1039 3543 1305 3602 Labeoni
1342 3545 1449 3601 aut
1474 3541 1731 3602 Proculo
1768 3544 1967 3619 placet
2039 3544 2106 3603 D.
2138 3546 2241 3621 50,

329 3649 522 3698 Iurispr.
549 3649 786 3690 antennor.
815 3650 914 3692 rell.
933 3651 1003 3691 ed.
1021 3651 1218 3692 Bremer.
1268 3649 1332 3701 Π,
1353 3652 1389 3690 2.
1746 3645 1815 3694 26
