2575 3900
802 205 851 253 6.
896 197 1309 254 IAVOLENUS
1346 197 1643 254 PRISCUS
2093 199 2231 264 465

198 361 422 445 fuerit,
484 362 762 427 adiretur
822 383 1003 428 necne
1052 363 1294 444 pupilli
1354 361 1678 440 hereditas,
1740 382 1881 428 eum
1937 383 2011 426 ea
2066 362 2230 427 bona

201 451 437 516 omissa
489 471 532 514 a
574 451 892 516 substituto
935 451 1259 516 hereditate
1303 452 1390 515 ad
1430 452 1753 515 creditores
1794 471 1919 515 non
1960 453 2227 532 pertine-

200 539 370 605 bant.
460 560 554 604 me
597 540 760 605 illud
799 541 1069 604 maxime
1111 541 1322 618 movit,
1372 541 1535 622 quod
1563 540 2061 622 praeceptoribus
2104 542 2231 606 tuis

193 629 403 711 placet
442 649 638 692 unum
681 648 805 693 esse
850 633 1287 694 testamentum.
1636 709 1643 716 Ι

385 715 750 800 Respondit:
804 719 965 799 quod
993 721 1250 801 praetor
1287 717 1437 800 filio,
1480 719 1590 800 qui
1624 739 1667 782 a
1689 722 1962 800 paterna
1996 717 2229 782 heredi-

203 810 332 869 tate
373 825 438 870 se
480 806 756 889 abstinet,
788 810 1086 889 praestat,
1130 826 1207 870 ne
1250 805 1425 870 bonis
1448 807 1661 888 patris
1696 807 1826 870 eius
1860 807 2121 871 venditis
2156 808 2227 870 in

199 915 345 959 eum
389 895 546 958 aetio
582 896 775 978 detur,
819 893 992 977 (ut),
1037 895 1277 958 tametsi
1300 900 1515 978 postea
1552 896 1608 960 ei
1642 895 1942 960 hereditas
1976 895 2231 978 obvenit,

200 983 604 1048 creditoribus
655 1005 783 1048 non
833 985 1070 1068 reddat,
1125 984 1286 1048 idem
1341 985 1413 1048 in
1464 984 1783 1048 substituto
1836 983 1969 1064 filio
2018 983 2231 1048 herede

203 1073 575 1136 servandum
636 1093 763 1138 non
825 1077 934 1157 est,
996 1073 1291 1154 quoniam
1352 1072 1475 1154 filii
1520 1074 1750 1154 pudori
1792 1073 2095 1155 parcitur,
2160 1077 2234 1136 ut

191 1161 412 1243 potius
445 1162 652 1242 patris
695 1181 884 1242 quam
919 1161 1050 1226 eius
1084 1160 1245 1225 bona
1278 1165 1551 1245 veneant,
1595 1162 1800 1243 itaque
1835 1162 1905 1225 in
1940 1162 2025 1244 id,
2069 1163 2235 1242 quod

195 1253 416 1332 postea
458 1250 516 1314 ei
559 1249 809 1328 obvenit,
854 1251 1013 1314 aetio
1048 1250 1443 1315 creditoribus
1477 1251 1826 1332 deneyatur,
1868 1250 2019 1332 quia
2054 1251 2125 1314 id
2155 1269 2233 1315 ex

204 1339 545 1402 adventicio
615 1339 992 1420 adquisitum
1063 1343 1176 1416 est,
1254 1358 1382 1403 non
1447 1359 1561 1420 per
1622 1344 1866 1420 patrem
1937 1339 2024 1402 ad
2091 1359 2231 1403 eum

191 1427 488 1509 pervenit.
605 1432 673 1492 at
751 1447 890 1491 oum
962 1427 1321 1492 substitutus
1390 1427 1519 1508 filio
1591 1427 1981 1492 hereditatem
2052 1429 2232 1513 adiit,

189 1519 529 1600 postquam
570 1516 856 1598 pupillus
899 1535 960 1580 se
992 1519 1294 1597 paternae
1336 1516 1648 1580 miscuerit
1687 1516 2033 1599 hereditati,
2090 1521 2233 1581 tune

203 1604 508 1669 hereditas
552 1610 609 1668 et
638 1605 850 1687 patris
893 1609 950 1668 et
990 1604 1113 1686 filii
1149 1625 1279 1668 una
1316 1608 1403 1668 est
1434 1608 1493 1668 et
1526 1605 1595 1668 in
1632 1605 1801 1669 omni
1835 1624 1973 1668 aere
2007 1605 2229 1687 alien0,

201 1695 370 1775 quod
423 1697 537 1756 aut
575 1693 785 1776 patris
828 1698 940 1756 aut
980 1693 1104 1776 filii
1143 1693 1358 1774 fuerit,
1416 1694 1601 1756 etiam
1646 1693 1877 1757 invitus
1920 1692 2089 1758 heres
2135 1694 2232 1758 ob-

209 1782 474 1864 liyatwr;
510 1785 568 1847 et
600 1783 1108 1863 quemadmodum
1146 1781 1402 1846 liberum
1438 1782 1495 1846 ei
1528 1801 1653 1846 non
1688 1786 1777 1846 est
1801 1780 2230 1864 obliyationem

199 1869 684 1955 <hereditariam
735 1870 1087 1956 recusare),
1140 1875 1212 1935 ut
1261 1891 1390 1935 non
1433 1871 1805 1951 omnimodo,
1859 1871 1918 1935 si
1960 1891 2084 1936 non
2130 1872 2228 1936 de·

202 1961 503 2043 fenditur,
565 1961 766 2043 ipsius
827 1961 984 2025 bona
1036 1965 1316 2043 veneant,
1378 1961 1473 2025 ita
1522 1980 1600 2025 ne
1649 1980 1936 2043 separare
1983 1962 2231 2042 quidem

207 2069 311 2113 aes
354 2050 625 2114 alienum
657 2050 868 2133 patris
912 2055 970 2114 et
1009 2049 1133 2131 filii
1160 2050 1413 2131 poterit;
1457 2069 1575 2131 quo
1611 2070 1759 2114 easu
1794 2048 2112 2133 efficietur,
2156 2054 2230 2115 ut

204 2138 600 2203 oreditoribus
634 2140 704 2203 in
739 2160 878 2203 eum
914 2140 1072 2203 aetio
1107 2139 1253 2203 dari
1286 2138 1506 2203 debeat.
1578 2139 1743 2220 quod
1773 2139 1831 2203 si
1864 2139 2231 2203 substitutus

206 2226 376 2291 heres
428 2227 813 2293 hereditatem
865 2249 992 2292 non
1042 2228 1291 2310 adierit,
1346 2227 1741 2312 creditoribus
1773 2228 1983 2309 patris
2026 2228 2097 2291 in
2142 2228 2229 2310 id,

203 2317 370 2397 quod
417 2316 699 2398 pupillus
759 2317 1030 2398 reliquit,
1093 2317 1252 2381 aetio
1305 2316 1449 2380 dari
1500 2335 1625 2379 non
1678 2314 1866 2393 debet,
1931 2316 2228 2397 quoniam

207 2423 394 2485 neque
447 2404 678 2486 pupilli
738 2405 897 2469 bona
957 2405 1164 2470 venire
1225 2405 1435 2470 debent
1480 2408 1735 2486 propter
1796 2423 1901 2468 aes
1952 2405 2228 2469 alienum

195 2493 405 2574 patris
456 2512 644 2575 neque
685 2493 758 2557 in
803 2494 975 2558 bonis
1015 2494 1218 2575 patris
1260 2498 1350 2557 est
1391 2494 1552 2574 quod
1583 2492 1871 2574 pupillus
1912 2494 2227 2575 adquisiit.

1028 2686 1129 2752 De
1173 2687 1405 2770 leyatis.

384 2801 444 2865 2.
511 2800 587 2865 D.
624 2802 728 2884 31,
764 2802 872 2867 40.
970 2801 1148 2867 Idem
1204 2798 1321 2889 (se.
1366 2798 1737 2889 Iavolenus)
1792 2802 1959 2867 libro
2013 2804 2225 2887 primo

209 2888 674 2974 Epistularum.
723 2926 804 2937 —-
853 2888 930 2956 Si
972 2891 1202 2956 duobus
1244 2892 1436 2955 servis
1471 2892 1621 2956 meis
1655 2892 1861 2955 eadem
1893 2911 1992 2956 res
2027 2893 2229 2974 leyata

202 2983 296 3043 est
319 2984 376 3043 et
399 2980 652 3045 alterius
675 2980 835 3045 servi
859 2981 1107 3044 nomine
1132 2981 1219 3044 ad
1241 3000 1335 3043 me
1362 3000 1497 3044 eam
1515 2981 1821 3062 pertinere
1846 2981 2003 3063 nolo,
2035 2986 2226 3046 totum

209 3068 293 3132 ad
331 3089 428 3133 me
459 3069 808 3153 pertinebit,
852 3069 1004 3151 Quia
1035 3073 1282 3151 partem
1327 3069 1583 3134 alterius
1618 3070 1778 3133 servi
1810 3090 1926 3151 per
1960 3070 2227 3134 alterum

207 3174 446 3221 servum
488 3158 767 3240 adgluirO,
804 3158 1060 3239 perinde
1102 3178 1174 3222 ao
1215 3158 1274 3223 si
1319 3177 1446 3222 meo
1490 3162 1547 3221 et
1579 3158 1837 3223 alterius
1871 3179 2039 3224 servo
2074 3162 2229 3224 esset

204 3245 489 3328 leyatum.

796 3352 896 3418 De
938 3353 1233 3436 emptione
1276 3353 1630 3418 venditione.

386 3466 446 3532 3.
507 3466 586 3531 D.
625 3468 731 3550 41,
769 3470 830 3552 3,
869 3468 969 3533 19.
1067 3467 1411 3533 Iavolenus
1474 3466 1640 3532 libro
1695 3468 1905 3551 primo
1961 3468 2223 3551 Epistu-

210 3554 435 3619 larum.
494 3591 570 3601 —
629 3555 706 3621 Si
765 3555 1069 3621 hominem
1130 3558 1356 3639 emisti,
1418 3560 1513 3635 ut,
1574 3558 1633 3621 si
1688 3558 1904 3638 aliqua
1954 3557 2224 3622 condicio

313 3666 505 3717 Iun-pr.
532 3669 767 3710 antehndr.
794 3669 893 3709 rell.
921 3669 991 3710 ed.
1017 3669 1218 3710 Bremer.
1263 3670 1330 3722 11,
1348 3672 1385 3711 2.
1733 3665 1801 3714 30
