2575 3900
600 194 649 243 6.
690 185 1168 243 PUTEOLANUS
1204 218 1275 229 -—
1315 195 1363 243 7.
1402 186 1794 243 CAMPANUS
2079 187 2209 253 239

181 349 411 439 toris),
467 352 601 418 sive
652 354 711 417 ei
756 352 1063 419 mandavi
1106 355 1180 417 ut
1222 351 1683 436 pacisceretur,
1739 351 1875 416 sive
1923 353 2211 417 omnium

180 464 403 507 rerum
449 463 741 507 mearum
782 446 1165 525 procurator
1199 442 1354 525 fuit,
1399 444 1473 505 ut
1509 445 1576 505 et
1610 439 2005 505 Puteolanus
2042 442 2210 506 libro

184 533 402 616 primo
449 531 984 597 Adsessoriorum
1032 530 1287 615 scribit,
1333 552 1477 595 cum
1527 530 1778 614 placuit
1822 550 1968 593 eum
2014 528 2211 594 etiam

183 642 324 685 rem
370 621 441 684 in
486 620 799 687 iudicium
844 620 1173 684 deducere.

885 918 961 1002 7.
1018 923 1531 998 GAMPANUS

362 1070 823 1131 iurisconsultus
880 1088 916 1128 a
960 1068 1291 1146 Pomponio
1350 1072 1412 1129 et
1455 1068 1710 1129 Valente
1755 1067 2054 1149 laudatus,
2109 1069 2212 1145 qui

186 1159 259 1219 de
317 1160 454 1238 lege
507 1159 684 1219 Aelia
737 1157 946 1218 Sentis
1008 1158 1160 1219 dixit
1224 1162 1284 1218 et
1346 1157 1518 1217 libris
1583 1157 1908 1218 scribendis
1969 1176 2210 1235 operam

187 1248 378 1321 dedit,
404 1284 412 1293 ·
442 1251 707 1307 ceterum
751 1247 925 1307 nobis
972 1248 1243 1325 ignotus,
1292 1247 1394 1307 sed
1443 1245 1797 1323 capuensis,
1843 1250 1916 1306 ut
1960 1249 2212 1323 apparet

186 1342 249 1397 et
290 1336 499 1415 primi,
544 1339 615 1396 ut
657 1336 923 1411 videtur,
970 1336 1207 1397 saeculi.

640 1505 1522 1596 Fideicommissorum(‘?)
1570 1513 1770 1574 libri.

370 1637 522 1699 Cum
576 1638 916 1716 fragmenta
969 1657 1041 1699 ex
1086 1636 1374 1715 Campani
1424 1637 1594 1697 libris
1639 1639 1880 1698 servata
1925 1636 2002 1696 ad
2045 1637 2210 1696 fidei-

187 1728 506 1789 commissa
556 1727 927 1805 pertineant,
982 1727 1055 1786 de
1110 1729 1224 1786 hac
1277 1745 1344 1786 re
1401 1745 1538 1786 eum
1589 1726 1893 1804 scripsisse
1938 1722 2212 1786 coniciaS.

518 1881 618 1947 De
664 1882 938 1947 libertate
968 1903 1089 1966 per
1130 1882 1670 1965 fideicommissum
1714 1882 1884 1947 data.

373 1993 428 2056 1.
487 1989 563 2056 D.
601 1990 705 2074 40,
743 1989 805 2074 5,
833 1991 936 2072 34,
968 1991 1024 2055 1.
1101 1988 1498 2074 Pomponius
1550 1990 1717 2055 libro
1763 1989 1958 2054 tertio
2005 1987 2212 2053 Fidei-

189 2079 680 2146 commissorum
744 2076 843 2166 (P.
880 2076 1061 2167 217).
1114 2115 1205 2126 —
1259 2078 1631 2163 Campanus
1696 2078 1816 2162 ait,
1879 2079 1935 2142 si
2000 2078 2212 2143 minor

192 2169 381 2236 annis
431 2167 666 2252 viginti
708 2167 1039 2253 rogaverit
1081 2167 1410 2248 heredem,
1455 2172 1529 2233 ut
1573 2168 1908 2254 proprium
1956 2188 2211 2231 servum

191 2256 637 2340 manumittat,
692 2255 1149 2340 praestandam
1205 2257 1265 2321 ei
1312 2257 1705 2336 libertatem,
1761 2257 1912 2342 quia
1955 2256 2064 2320 hic
2109 2255 2213 2320 lex

190 2346 382 2412 Aelia
429 2343 649 2410 Sentia
692 2347 906 2410 locum
952 2367 1085 2410 non
1130 2345 1344 2412 habet.

368 2440 443 2500 cf.
499 2438 626 2499 Gai.
676 2442 733 2518 2,
782 2441 928 2500 249.
1038 2433 1264 2498 ‘Verba
1301 2485 1314 2498 .
1354 2485 1367 2499 .
1405 2437 2001 2498 fideicommissorum
2063 2438 2212 2498 haec

190 2529 445 2589 maxime
489 2528 554 2587 in
599 2546 712 2588 usu
758 2546 887 2588 esse
932 2525 1239 2588 videntur:
1285 2530 1444 2604 pete,
1491 2546 1639 2602 rogo
1669 2574 1682 2588 .
1715 2573 1728 2586 .
1759 2521 1798 2587 .'
1893 2529 1949 2604 2,
1982 2529 2106 2587 263
2127 2546 2210 2605 sq.

192 2613 467 2678 ‘libertas
533 2635 767 2694 quoque
834 2635 1006 2676 servo
1071 2636 1180 2693 per
1231 2616 1756 2676 fideicommissum
1813 2616 1943 2674 dari
1996 2617 2213 2691 potest,

189 2710 260 2767 ut
288 2752 303 2766 .
332 2755 347 2767 .
380 2707 553 2765 heres
599 2709 847 2784 rogetur
886 2706 1314 2765 manumittere
1345 2753 1356 2766 .
1388 2753 1401 2766 .
1430 2724 1539 2765 nec
1578 2705 1848 2782 interest,
1893 2707 2100 2762 utrum
2138 2703 2211 2762 de

190 2815 297 2856 suo
354 2794 598 2871 proprio
664 2813 833 2856 servo
895 2797 1153 2855 testator
1204 2797 1405 2873 roget,
1471 2812 1549 2853 an
1609 2792 1682 2852 de
1737 2811 1806 2852 eo
1863 2792 1969 2870 qui
2019 2792 2212 2868 ipsius

188 2884 427 2944 heredis
464 2931 477 2944 .
518 2930 531 2944 .
561 2926 576 2943 .
606 2877 727 2943 sit'.

370 2969 430 3034 2.
496 2967 573 3032 D.
613 2967 813 3053 38,1‚
849 2969 954 3033 47.
1051 2965 1228 3032 Idem
1296 2964 1410 3054 (sc.
1455 2965 1728 3051 Valens)
1793 2965 1963 3031 libro
2030 2969 2213 3030 sexto

190 3055 867 3123 Fideicommissorum
924 3053 1021 3144 (P.
1057 3056 1190 3141 20).
1244 3093 1322 3104 -
1382 3053 1749 3139 Campanus
1805 3055 2030 3120 scribit
2080 3077 2213 3120 non

192 3146 423 3211 debere
460 3149 827 3229 praetorem
863 3147 1005 3229 pati
1042 3146 1279 3211 donum
1318 3166 1550 3211 munus
1590 3165 1820 3228 operas
1856 3143 2105 3229 imponi
2135 3143 2216 3228 ei,

192 3237 304 3321 qui
342 3256 421 3299 ex
457 3234 943 3299 fideicommissi
980 3256 1173 3300 causa
1211 3234 1724 3300 manumittatur.
1807 3234 1918 3298 sed
1956 3233 2030 3316 si,
2067 3254 2213 3297 cum

194 3325 387 3390 sciret
431 3345 625 3407 posse
664 3346 730 3389 se
769 3323 835 3388 id
871 3345 1184 3408 recusare,
1232 3323 1512 3409 obligari
1551 3344 1618 3388 se
1655 3344 1888 3407 passus
1925 3323 2030 3407 sit,
2076 3344 2211 3387 non

192 3411 613 3478 inhibendam
651 3434 990 3497 operarum
1028 3412 1435 3498 petitionem,
1462 3411 1616 3496 quia
1645 3413 1917 3478 donasse
1949 3411 2213 3476 videtur.
