2575 3900
366 185 453 249 54
506 185 599 242 ΙΠ.
631 185 783 240 GAII
812 185 1109 240 CLAUDII
1127 185 1400 242 NERON.
1420 185 1706 241 GALBAE
1727 186 1944 242 TEMP.
1963 185 2155 242 IURIS
2178 187 2380 243 CONS.

365 349 645 432 pretium
676 397 692 414 .
710 395 727 412 .
749 399 762 413 .
792 352 1304 433 argumentoque
1330 352 1599 414 utuntur
1613 347 1860 414 Graeco
1878 354 2074 435 poeta
2089 349 2380 416 Homero

364 437 473 522 qui
522 435 736 520 aliqua
782 440 968 520 parte
1016 436 1107 502 sic
1153 438 1274 502 ait:
1321 489 1337 504 .
1374 486 1389 502 .
1428 487 1444 502 .

539 546 884 625 Sequuntur
927 548 1099 607 Iliad.
1144 551 1196 621 ⁷,
1238 551 1606 610 472—475.

542 657 704 744 69⁰?
765 656 938 723 Serv.
985 658 1064 723 ad
1103 657 1339 743 Georg.
1376 659 1435 739 3,
1474 659 1619 724 306.
1674 695 1748 704 —
1791 708 1806 723 .
1835 708 1849 723 .
1889 658 2060 745 apud
2098 659 2378 723 maiores

364 768 544 811 omne
599 747 1087 811 mercimonium
1141 745 1209 810 in
1257 748 1730 831 permutatione
1777 748 2148 830 constabat,
2208 747 2377 831 quod

365 839 429 898 et
474 833 670 898 Gaius
715 833 1064 899 Homerico
1112 835 1454 899 confirmat
1498 837 1813 919 exemplo.

534 945 756 1004 Utrum
784 944 1057 1005 Cassium
1093 964 1169 1006 an
1206 947 1554 1023 posterioris
1591 947 1810 1007 aetatis
1849 945 2064 1006 Gaium
2101 947 2378 1024 designa-

360 1034 516 1096 verit
552 1033 813 1115 Servius,
849 1035 912 1092 in
948 1035 1173 1094 incerto
1211 1036 1664 1112 relinquendum
1700 1039 1818 1112 est3
1863 1054 2004 1095 nam
2039 1036 2197 1094 hunc
2235 1055 2378 1113 quo-

362 1142 475 1200 que
519 1142 628 1200 pro
676 1126 1029 1201 argumento
1083 1141 1259 1182 usum
1307 1142 1437 1184 esse
1472 1124 1730 1184 Homero
1779 1126 2037 1184 constat.
2128 1125 2278 1184 Inst.
2320 1127 2375 1199 3,

372 1214 515 1272 141.
578 1213 650 1272 cf.
696 1212 943 1272 Pernice
987 1212 1018 1270 I
1061 1232 1121 1288 p.
1158 1213 1262 1272 85.

537 1321 639 1387 70.
686 1321 825 1387 Gai.
856 1322 914 1405 3,
947 1321 1090 1386 140.
1142 1358 1217 1369 —
1270 1371 1285 1386 .
1315 1372 1330 1387 .
1366 1323 1421 1386 si
1466 1322 1563 1386 ita
1607 1323 1777 1386 inter
1821 1344 1941 1388 nos
1988 1323 2378 1408 convenerit,

358 1413 432 1474 ut
495 1411 721 1495 quanti
777 1409 984 1474 Titius
1048 1432 1184 1474 rem
1242 1411 1704 1492 aestimaverit,
1766 1411 1940 1474 tanti
1999 1412 2084 1475 sit
2140 1415 2377 1495 empta,

359 1497 574 1562 Labeo
622 1500 887 1580 negavit
929 1498 1130 1562 ullam
1177 1499 1307 1564 vim
1345 1499 1470 1563 hoc
1507 1499 1843 1582 negotium
1880 1498 2147 1581 habere3
2195 1499 2376 1567 cuius

360 1586 726 1670 opinionem
774 1585 1037 1652 Cassius
1085 1588 1338 1672 probat.

537 1675 638 1740 71.
685 1674 762 1740 D.
796 1677 897 1760 18,
928 1677 983 1756 1,
1012 1677 1115 1757 35,
1143 1675 1205 1741 5.
1277 1675 1478 1740 Gaius
1510 1676 1676 1740 libro
1706 1675 1952 1741 decimo
1983 1676 2065 1740 ad
2093 1675 2374 1742 edictum

356 1763 749 1846 provinciale
795 1760 896 1851 (P.
924 1760 1127 1850 238⁰).
1170 1801 1253 1810 —
1301 1763 1375 1828 In
1422 1763 1526 1828 his
1573 1785 1734 1848 quae
1780 1765 2061 1847 pondere
2105 1786 2372 1830 numero

357 1872 733 1916 mensurave
772 1858 1090 1936 constant,
1128 1852 1334 1918 veluti
1370 1852 1694 1917 frumento
1734 1853 1884 1918 vino
1915 1854 2055 1918 oleo
2086 1857 2374 1939 argento,

361 1940 552 2005 modo
600 1963 675 2005 ea
721 1945 1058 2007 servantur
1104 1963 1267 2025 quae
1316 1942 1383 2006 in
1432 1942 1678 2027 ceteris,
1723 1945 1798 2006 ut
1834 1941 2025 2008 simul
2063 1946 2256 2027 atque
2295 1939 2373 2007 de

359 2030 571 2113 pretio
619 2031 1005 2114 convenerit,
1053 2031 1342 2095 videatur
1381 2031 1667 2114 perfecta
1702 2032 2007 2116 venditi0,
2041 2032 2244 2101 ,modo
2283 2036 2374 2116 ut,

362 2118 617 2182 etiamsi
654 2117 730 2182 de
767 2118 976 2202 pretio
1016 2120 1405 2204 convenerit,
1439 2141 1570 2184 non
1605 2124 1826 2184 tamen
1863 2121 2051 2184 aliter
2077 2119 2373 2184 videatur

357 2206 644 2289 perfecta
689 2206 994 2289 venditio,
1042 2228 1234 2290 quam
1282 2208 1341 2271 si
1386 2207 1689 2272 admensa
1736 2209 2018 2292 adpensa
2066 2211 2373 2273 adnume-

356 2298 579 2358 ratave
635 2294 782 2359 sint.
870 2317 1023 2358 nam
1078 2295 1132 2358 si
1178 2316 1367 2360 omne
1413 2295 1634 2359 vinum
1683 2297 1784 2360 vel
1830 2298 2040 2361 oleum
2090 2296 2192 2360 vel
2238 2295 2374 2362 fru-

356 2386 644 2447 mentum
680 2383 782 2447 vel
820 2386 1157 2468 argentum
1196 2387 1780 2467 quantumcumque
1808 2391 1976 2449 esset
2003 2406 2130 2449 uno
2158 2386 2376 2468 pretio

355 2472 653 2550 venierit,
705 2470 874 2535 idem
930 2472 1086 2535 iuris
1141 2476 1242 2537 est
1293 2471 1460 2555 quod
1506 2472 1574 2535 in
1622 2474 1851 2537 ceteris
1897 2473 2105 2537 rebus.
2199 2476 2374 2557 quod

358 2560 413 2623 si
461 2560 682 2625 vinum
728 2560 823 2626 ita
868 2560 1159 2642 venierit,
1215 2564 1289 2625 ut
1342 2560 1410 2624 in
1457 2561 1742 2646 singulas
1791 2560 2166 2645 amphoras,
2212 2563 2373 2626 item

357 2649 596 2734 oleum,
650 2653 723 2714 ut
777 2650 844 2713 in
890 2648 1177 2733 singulos
1226 2653 1556 2731 metretas,
1612 2650 1769 2714 item
1815 2649 2236 2732 frumentum,
2295 2655 2375 2715 ut

354 2737 421 2802 in
485 2739 775 2822 singulos
840 2737 1116 2822 modios,
1180 2739 1337 2803 item
1393 2742 1757 2823 argentum,
1821 2740 1896 2801 ut
1949 2738 2019 2801 in
2075 2738 2374 2822 singulas

355 2825 551 2889 libras
615 2829 859 2888 certum
925 2827 1204 2908 pretium
1269 2827 1611 2905 diceretur,
1688 2825 2045 2910 quaeritur,
2110 2827 2370 2910 quando

356 2911 648 2975 videatur
704 2912 946 2997 emptio
997 2914 1229 2995 perfici.
1321 2914 1490 2997 quod
1538 2915 1840 2979 similiter
1888 2914 2133 2979 scilicet
2178 2937 2372 2999 quae-

356 2990 521 3063 ritur
567 3003 633 3063 et
679 3000 755 3064 de
801 2999 905 3065 his
953 3022 1116 3084 quae
1162 3023 1430 3067 numero
1479 3007 1796 3086 constant,
1842 3003 1894 3067 si
1940 3025 2056 3086 pro
2095 3024 2368 3069 numero

357 3108 696 3172 corporum
730 3088 1010 3172 pretium
1047 3089 1241 3155 fuerit
1277 3094 1607 3157 statutum.
1683 3088 1958 3157 Sabinus
1997 3095 2063 3157 et
2100 3088 2370 3157 Cassius

355 3181 510 3241 tunc
563 3177 783 3261 perfici
840 3178 1231 3262 emptionem
1288 3180 1687 3262 existimant,
1742 3201 1887 3244 cum
1943 3180 2370 3246 adnumerata

358 3264 663 3330 admensa
708 3266 1067 3353 adpensave
1113 3268 1268 3351 sint,
1317 3270 1468 3352 quia
1512 3268 1795 3333 venditio
1842 3268 2026 3353 quasi
2074 3270 2190 3333 sub
2239 3268 2367 3335 hac

356 3353 726 3419 condicione
798 3356 1050 3421 videtur
1112 3358 1277 3441 fieri,
1351 3361 1424 3422 ut
1486 3356 1596 3441 <in
1661 3357 1947 3441 singulas
2012 3356 2362 3441 amphoras

356 3442 772 3509 contrahatur
819 3445 974 3529 aut>
1016 3445 1084 3509 in
1132 3445 1425 3531 singulos
1464 3447 1768 3509 metretas
1807 3449 1921 3509 aut
1958 3445 2027 3509 in
2063 3445 2365 3531 singulos

354 3531 606 3597 modios
667 3554 837 3617 quos·
884 3557 1122 3619 quasve
1178 3534 1522 3600 admensus
1580 3534 1733 3612 eris,
1788 3538 1901 3598 aut
1954 3533 2017 3596 in
2073 3534 2367 3619 singulas

2557 3379 2568 3420 ε

2554 3466 2570 3514 Π

2537 3547 2568 3603 ἢ

2539 3630 2566 3691 ’ἢ
