2575 3900
331 169 466 234 462
538 171 604 225 V.
643 170 944 224 NERVAE
985 171 1076 224 ΕΤ
1113 169 1418 224 TRA1AN1
1454 170 1666 226 ΤΕΜΡ.
1704 169 1895 225 IURJS
1936 168 2316 225 CONSULTI

520 333 618 398 14.
693 332 768 396 D.
808 333 912 414 21,
950 334 1010 411 2,
1049 332 1151 398 60.
1268 332 1611 398 Iavolenus
1684 334 1851 397 libro
1925 332 2204 397 secundo
2282 354 2393 397 ex

337 423 616 487 Plautio,
667 457 742 466 -
792 421 868 486 Si
920 423 991 486 in
1046 423 1387 487 venditione
1439 424 1667 486 dictum
1719 443 1846 486 non
1893 424 2001 500 sit,
2054 427 2391 504 qnantum

335 513 706 576 venditorem
742 531 859 592 pro
898 513 1182 576 evictione
1207 516 1529 592 praestare
1562 516 1846 594 oporteat,
1889 511 2051 576 nihil
2084 511 2391 575 venditor

325 600 666 684 praestabit
695 604 948 682 praeter
980 601 1274 681 simplam
1308 600 1616 664 evictionis
1649 601 1897 664 nomi-ne
1928 605 1989 664 et
2018 620 2092 664 ea·
2126 603 2384 664 natura

335 710 411 754 ex
453 694 648 770 empto
693 689 952 753 actionis
994 688 1105 753 hoc
1147 691 1311 770 quod
1350 689 1614 754 interest.

851 831 950 895 De
992 831 1308 896 verborum
1353 831 1831 914 obligationibus,

517 937 619 1002 15.
672 937 745 1002 D.
773 937 879 1019 45,
910 938 970 1020 3,
999 938 1101 1002 34.
1173 936 1519 1002 Iavolenus
1546 937 1717 1002 libro
1745 937 2021 1002 secundo
2054 936 2134 1000 ad
2164 935 2373 1000 Plau-

334 1027 519 1091 tium.
555 1064 628 1072 —
662 1025 738 1091 Si
771 1046 982 1094 servus
1009 1031 1359 1091 testamento
1384 1027 1819 1108 manumissus,
1845 1046 1986 1091 cum
2010 1045 2074 1091 se
2101 1025 2371 1090 liberum

334 1136 459 1180 esse
503 1117 816 1198 iynoraret
856 1120 916 1180 et
958 1117 1026 1179 in
1061 1136 1253 1180 eausa
1288 1115 1664 1180 hereditaria
1700 1119 1988 1197 maneret,
2026 1115 2371 1196 pecuniam

333 1204 540 1270 heredi
593 1205 924 1285 stipulatus
969 1209 1080 1282 est,
1132 1204 1294 1269 nihil
1338 1204 1641 1268 debebitur
1683 1203 2025 1282 heredibus,
2078 1205 2137 1268 si
2179 1204 2366 1266 modo

333 1295 584 1359 scierint
644 1315 782 1356 eum
838 1298 1187 1358 testamento
1242 1294 1721 1373 manumissum,
1784 1294 1935 1375 qnia
1987 1313 2115 1356 non
2158 1297 2368 1373 potest

333 1383 530 1446 videri
584 1383 812 1446 iustam
865 1383 1206 1446 servitutem
1258 1383 1513 1447 servisse
1561 1383 1668 1458 iis,
1721 1384 1831 1462 qui
1873 1382 2053 1446 illum
2100 1381 2364 1446 liberum

333 1491 457 1535 esse
510 1491 636 1536 non
687 1471 1068 1553 iynorabant.
1157 1472 1349 1536 distat
1388 1473 1445 1536 is
1488 1469 1566 1536 al
1610 1491 1800 1536 cansa
1842 1473 1999 1548 εἰπε,
2054 1471 2162 1552 qui
2205 1469 2361 1533 liber

335 1564 572 1641 emptus
615 1560 773 1624 bona
815 1561 936 1638 fide
977 1561 1178 1644 servit,
1223 1561 1375 1641 qnia
1418 1561 1489 1624 in
1532 1581 1597 1624 eo
1642 1564 1699 1624 et
1740 1560 1937 1640 ipsius
1981 1564 2039 1623 et
2070 1559 2359 1640 emptoris

334 1649 708 1713 existimatio
740 1650 1048 1713 consentit.
1101 1654 1362 1714 ceterum
1388 1650 1462 1733 is,
1497 1649 1605 1730 qni
1629 1649 1745 1714 scit
1766 1648 2071 1712 hominem
2098 1647 2357 1712 liberum

334 1757 473 1816 esse,
517 1739 799 1818 quamvis
843 1738 948 1802 ille
991 1738 1400 1803 condicionem
1434 1758 1614 1802 suam
1651 1739 1898 1821 iynore-t,
1944 1757 2021 1801 ne
2046 1737 2358 1818 possidere

334 1827 579 1907 quidem
623 1847 761 1891 enm
797 1831 996 1907 potest
1035 1827 1245 1892 videri.

1163 2010 1377 2070 Liber
1423 2008 1531 2069 ΙΙΙ.

851 2111 951 2176 De
993 2112 1312 2177 verborum
1357 2111 1838 2193 obliqationibns.

515 2218 616 2282 16.
663 2217 740 2281 D.
767 2216 874 2299 45,
901 2218 963 2302 2,
991 2219 1051 2281 2.
1132 2216 1473 2283 Iavolenus
1521 2218 1686 2281 libro
1726 2218 1922 2281 tertio
1960 2238 2038 2280 ex
2074 2214 2348 2279 Plautio.

331 2344 421 2353 —-
458 2305 618 2372 Onon
653 2307 774 2371 dno
811 2308 1064 2372 eandem
1086 2306 1419 2389 pecuniam
1456 2311 1567 2371 ant
1591 2306 1993 2388 promiserint
2026 2310 2140 2369 ant
2160 2306 2349 2386 stipu-

333 2397 451 2461 lati
511 2401 679 2474 sunt,
743 2397 876 2478 ipso
939 2396 1074 2461 iure
1125 2400 1184 2460 et
1230 2396 1466 2478 sinynli
1517 2396 1589 2459 in
1641 2395 1905 2459 solidum
1959 2394 2245 2458 debentur
2294 2398 2351 2457 et

330 2486 565 2568 sinynli
599 2485 836 2562 debent;
875 2486 1120 2568 ideoque
1139 2485 1431 2567 petitione
1456 2484 1984 2566 acceptilationeve
2012 2484 2201 2569 nnius
2227 2486 2348 2546 tota

331 2575 588 2640 solvitur
633 2575 936 2658 obliyatiO.
1180 2643 1280 2709 De
1324 2666 1490 2727 aqua

515 2756 613 2818 17.
668 2752 746 2817 D.
778 2754 837 2831 8,
866 2753 926 2834 6,
955 2751 1015 2816 9.
1105 2750 1445 2816 Iavolenus
1491 2751 1659 2814 libro
1707 2750 1903 2815 tertio
1950 2771 2028 2814 ex
2076 2746 2340 2814 Plautio,

331 2877 418 2890 —
463 2842 654 2924 Aqua
705 2842 763 2906 si
812 2843 880 2905 in
917 2845 1159 2923 partem
1205 2842 1435 2923 aquayi
1478 2840 1759 2921 influxit,
1811 2839 2057 2903 etiamsi
2098 2858 2225 2902 non
2264 2838 2347 2901 ad

330 2931 556 2996 ultima
602 2932 732 2995 loca
763 2930 1060 3013 pervenit,
1105 2929 1385 2995 omnibus
1430 2934 1633 2994 tamen
1673 2927 1955 3009 partibus
1989 2931 2349 3011 usurpatur..

1161 3130 1211 3189 L
1223 3130 1244 3188 i
1255 3130 1293 3189 b
1307 3149 1338 3189 e
1349 3149 1380 3190 r
1422 3128 1528 3191 IV.

1067 3230 1166 3297 De
1209 3232 1579 3296 condictione
1589 3230 1624 3294 ‚2

513 3337 613 3401 18.
661 3336 735 3400 D.
772 3338 872 3421 12,
900 3338 958 3415 6,
986 3337 1092 3404 46.
1164 3336 1345 3401 Idem
1372 3334 1488 3423 (sc.
1514 3333 1886 3423 Iavolenus)
1916 3336 2086 3401 libro
2118 3339 2337 3420 quarto

332 3448 411 3491 ex
447 3425 722 3491 Plautio,
765 3462 854 3471 —-
901 3426 1025 3506 Qui
1066 3425 1303 3490 heredis
1346 3426 1591 3490 nomine
1636 3426 1833 3508 leyata
1874 3446 2002 3490 non
2038 3426 2237 3491 debita
2267 3445 2337 3490 ex

475 3552 503 3600 1
544 3545 639 3601 Fz.
675 3546 801 3601 ista.
