2575 3900
349 174 480 240 436
553 174 619 232 V.
657 173 960 230 NERVAE
997 174 1092 229 ΕΤ
1128 173 1437 230 TRAIANI
1473 173 1684 231 TEMP.
1720 174 1910 229 IURIS
1948 174 2331 229 CONSULTI

351 340 526 422 apud
555 340 763 405 virum
796 338 1068 422 habebat,
1103 338 1364 404 divortio
1394 338 1561 420 facto
1596 339 1854 405 ducenta
1887 359 1930 402 a
1964 340 2101 403 viro
2132 343 2406 403 errante

349 427 652 509 stipulata
695 432 844 493 erat.
933 427 1138 493 Labeo
1169 432 1376 510 putat,
1421 432 1659 509 quanta
1700 428 1810 493 dos
1848 426 2088 509 fuisset,
2134 432 2403 493 tantam

349 516 578 597 deberi,
635 516 2405 600 siveprudensmulierplusessetstrpulatasiveim-

339 602 634 688 prudens.
726 605 1031 671 Labeonis
1072 606 1441 672 sententiam
1472 606 1681 687 probo.

533 692 676 759 145.
734 692 810 761 D.
848 694 1000 759 ibid.
1041 697 1080 775 ξ
1119 696 1177 759 5.
1239 730 1317 741 —-
1388 693 1555 761 Uxor
1615 695 1872 759 divortio
1920 694 2089 776 facto
2133 699 2401 776 partem

351 783 512 847 dotis
542 788 864 865 receperat,
896 788 1146 866 partem
1183 784 1354 865 apud
1384 784 1592 847 virum
1624 784 1975 886 reliquerat,
2012 784 2231 849 deinde
2265 784 2401 847 alii

351 876 684 955 nupserat
703 876 763 937 et
823 873 1048 937 iterum
1109 873 1301 937 vidua
1349 871 1521 954 faeta
1575 874 1661 937 ad
1701 874 1977 955 priorem
2030 873 2241 937 virum
2296 892 2398 937 re-

351 962 577 1045 dierat,
632 961 736 1027 oui
787 966 1026 1026 eentum
1078 958 1319 1027 denuo1
1372 962 1501 1026 doti
1550 962 1798 1026 dederat
1847 982 2041 1043 neque
2090 962 2235 1026 eius
2280 981 2403 1043 pe-

351 1050 595 1132 cuniae,
646 1071 805 1132 quae
847 1050 1085 1131 reliqua
1131 1070 1206 1115 etc
1241 1052 1459 1133 priore
1500 1050 1635 1114 dote
1675 1054 1833 1132 erat,
1885 1050 2255 1115 mentionem
2298 1049 2395 1131 fe-

345 1144 532 1205 eerat.
639 1140 897 1204 divortio
964 1137 1129 1219 facto
1188 1138 1499 1221 reliquum
1560 1159 1635 1203 ex
1684 1139 1900 1220 priore
1961 1140 2098 1204 dote
2159 1139 2390 1203 iisdem

351 1228 562 1293 diebus
596 1230 802 1292 virum
836 1228 1221 1293 redditurum
1257 1230 1353 1292 ait
1384 1227 1604 1310 Labeo,
1649 1228 1866 1309 quihus
1899 1228 2281 1306 reddidisset,
2332 1227 2395 1292 si

351 1317 635 1399 superius
683 1317 1018 1382 divortium
1061 1318 1224 1381 inter
1267 1337 1365 1382 eos
1405 1318 1642 1397 factum
1684 1336 1811 1381 non
1854 1322 2031 1396 esset,
2086 1316 2396 1399 quoniam

342 1406 585 1488 prioris
627 1406 785 1471 dotis
827 1426 1020 1471 eausa
1062 1406 1132 1470 in
1175 1410 1513 1488 sequentem
1556 1406 1713 1470 dotis
1757 1405 2187 1488 obliqationem
2236 1409 2397 1470 esset

355 1493 699 1571 translata,·
745 1499 804 1558 et
844 1494 954 1559 hoe
995 1515 1206 1560 verum
1241 1499 1414 1577 puto.

537 1582 680 1648 146.
734 1580 812 1647 D.
850 1583 1002 1648 ibid.
1042 1585 1082 1664 ξ
1113 1584 1171 1649 6.
1220 1619 1305 1629 -
1355 1580 1431 1649 Si
1482 1582 1581 1647 vir
1631 1602 1830 1648 socero
1880 1583 2128 1648 iniussu
2171 1583 2393 1648 uxoris

358 1675 642 1736 manente
685 1672 1082 1738 matrimonio
1127 1673 1324 1737 dotem
1366 1676 1673 1754 aeceptam
1712 1671 1974 1752 fecisset,
2027 1672 2281 1737 etiamsi
2324 1672 2398 1737 id

348 1764 605 1844 propter
637 1764 953 1843 eyestatem
977 1762 1168 1827 soeeri
1190 1759 1430 1842 factum
1456 1765 1621 1847 esset,
1656 1761 1780 1825 viri
1807 1764 2011 1825 tamen
2035 1760 2394 1843 perieulum

354 1848 643 1931 futurum
687 1849 783 1915 ait
823 1850 1052 1929 Labeo,
1097 1855 1156 1915 et
1196 1849 1309 1914 boe
1350 1869 1559 1915 verum
1604 1854 1705 1915 est.

541 1939 686 2004 147.
741 1936 820 2003 D.
855 1938 1010 2004 ibid.
1047 1941 1087 2020 ἓ
1121 1940 1178 2005 7.
1235 1975 1321 1986 -
1376 1937 1452 2005 Si
1512 1939 1652 2021 quis
1701 1942 1822 2022 pro
1884 1938 2141 2004 muliere
2192 1939 2392 2004 dotem

354 2029 490 2093 viro
514 2028 826 2111 promisit,
868 2029 1084 2093 deinde
1116 2028 1328 2094 herede
1360 2027 1615 2093 muliere
1649 2029 1861 2094 relicta
1895 2028 2229 2112 decesserit,
2265 2049 2394 2110 qua

360 2138 435 2182 ex
476 2121 660 2200 parte
711 2116 937 2181 mulier
988 2119 1047 2182 ei
1097 2117 1266 2184 heres
1308 2121 1481 2200 esset,
1522 2137 1646 2200 pro
1688 2137 1763 2182 ea
1795 2121 1981 2199 parte
2024 2117 2188 2182 dotis
2218 2115 2391 2199 peri·

361 2205 586 2290 culum,
621 2205 786 2288 quod
815 2206 942 2270 viri
969 2205 1210 2292 fuisset,
1243 2207 1331 2271 ad
1358 2205 1677 2272 mulierem
1698 2204 2011 2289 pertinere
2045 2206 2143 2270 ait
2168 2205 2393 2291 Labeo,

356 2295 510 2379 quia
551 2315 661 2360 nee
703 2293 924 2360 melius
967 2296 1224 2378 aequius
1266 2299 1433 2376 esset,
1478 2296 1641 2377 quod
1680 2295 1915 2376 eoeiyere
1947 2294 2049 2359 vir
2066 2293 2164 2358 ·ab
2199 2314 2392 2360 uxore

357 2405 485 2449 non
525 2383 853 2468 potuisset,
906 2384 979 2450 ob
1028 2384 1102 2449 id
1148 2404 1225 2449 ex
1276 2384 1630 2449 detrimento
1682 2384 1806 2447 viri
1856 2383 2177 2448 mulierem
2234 2384 2389 2448 loeu-

344 2473 612 2555 pletari,·
657 2477 716 2538 et
753 2471 865 2538 boe
907 2493 1118 2538 verum
1147 2478 1321 2555 puto.

1172 2670 1393 2732 Liber
1438 2669 1573 2732 VII.

534 2797 884 2858 Iavolenum
937 2797 1050 2857 hoo
1103 2796 1260 2858 libro
1306 2795 1403 2857 vel
1446 2796 1670 2856 iterum
1714 2795 1787 2855 de
1831 2795 1965 2856 iure
2010 2795 2246 2856 dotium
2290 2796 2384 2856 vel

357 2886 432 2945 de
476 2887 686 2946 tutelis
733 2884 951 2945 dixisse
999 2886 1146 2945 setis
1191 2889 1427 2945 eertum
1472 2883 1722 2944 videtur.

1156 3080 1377 3141 Liber
1420 3077 1587 3138 VIII.

1189 3197 1293 3264 De
1336 3197 1559 3264 tutelis.

544 3309 687 3375 148.
753 3309 830 3374 D.
877 3312 982 3396 26,
1028 3313 1089 3395 2,
1137 3313 1241 3379 33.
1352 3311 1696 3376 Iavolenus
1768 3311 1937 3378 libro
2013 3315 2246 3379 octavo
2311 3335 2384 3379 ex

359 3398 827 3481 posterioribus
861 3398 1204 3465 Labeonis.
1241 3437 1330 3448 —
1370 3399 1701 3494 Tutoribus
1734 3401 1827 3466 ita
1860 3401 2059 3467 datis:
2097 3399 2382 3469 Lucium

506 3551 534 3598 1
576 3545 672 3600 ΕΖ.
710 3544 923 3601 deoem.
