2575 3900
769 196 818 247 6.
863 189 1281 245 IAVOLENUS
1320 189 1617 245 PRISCUS
2070 190 2198 254 431

493 378 587 437 De
657 395 818 437 servo
861 380 1111 437 multone
1155 379 1244 437 vel
1287 378 1542 438 vehiculo
1587 378 1874 439 conducta

362 488 510 554 121.
585 486 663 552 D.
713 488 815 571 19,
862 489 922 574 2,
967 489 1070 566 60,
1110 489 1167 553 7.
1267 487 1483 552 Labeo
1544 488 1972 569 posteriorum
2034 487 2201 552 libro

167 576 406 661 quinto
477 598 514 639 a
576 577 878 641 Iavoleno
942 577 1461 661 epitomatorum.
1530 613 1604 621 —
1678 574 1934 643 Servum
2000 596 2205 641 meum

164 666 514 731 mulionem
569 666 943 743 conduxisti,·
998 666 1373 749 neyleyentia
1422 666 1553 730 eius
1596 666 1803 729 mulus
1847 670 1989 731 tuus
2018 666 2203 749 perit.

165 756 227 821 si
273 756 413 838 ipse
456 774 520 819 se
565 754 839 839 locasset,
884 776 957 820 ex
990 755 1228 837 peculio
1273 757 1601 820 dumtaxat
1643 758 1701 819 et
1741 756 1811 819 in
1856 775 1985 819 rem
2028 774 2203 820 verso

165 864 268 908 me
315 844 624 909 damnum
670 842 780 907 tibi
810 849 1278 926 praestaturum
1315 845 1479 922 dico,·
1525 843 1626 908 sin
1662 847 1869 907 autem
1902 844 2032 925 ipse
2066 863 2207 907 eum

169 933 473 998 locassem
482 982 500 1015 ,
553 952 680 996 non
723 932 891 997 ultra
937 954 1032 997 me
1079 932 1188 997 tibi
1225 937 1714 1017 praestaturum,
1763 952 1951 1015 Quam
1996 932 2207 997 dolum

167 1022 422 1087 malum
470 1025 528 1085 et
567 1021 814 1103 cuspam
859 1042 1058 1086 meam
1102 1022 1319 1087 abesse.
1385 1022 1548 1104 Quod
1588 1022 1647 1085 si
1688 1022 1823 1086 sine
1857 1021 2209 1104 definitione

155 1130 476 1195 personae
550 1110 882 1174 mulionem
945 1130 988 1173 a
1049 1131 1144 1175 me
1205 1110 1553 1175 conduxisti
1614 1114 1670 1173 et
1729 1130 1832 1193 eqo
1894 1130 2033 1174 eum
2096 1108 2209 1173 tibi

169 1200 509 1276 dedissem,
585 1200 759 1264 cuius
829 1199 1202 1283 neqleqentia
1273 1200 1611 1263 iumentum
1677 1199 1959 1281 perierit,
2029 1199 2209 1263 illam

169 1308 416 1371 quoque
465 1287 711 1369 culpam
755 1308 850 1353 me
896 1288 1008 1353 tibi
1040 1293 1509 1371 praestaturum
1554 1290 1674 1369 ai0,
1719 1288 1882 1370 'Quod
1922 1308 2061 1352 eum
2099 1287 2211 1351 ele-

169 1379 404 1461 yissem
415 1426 436 1459 ,
482 1378 590 1457 qui
633 1378 932 1441 eiusmodi
974 1378 1200 1443 damno
1247 1382 1303 1440 te
1346 1378 1644 1458 adficeret.

366 1466 514 1531 122.
569 1464 647 1529 D.
677 1464 826 1529 ibid.
857 1468 896 1546 ἓ
925 1467 984 1531 8.
1022 1502 1106 1511 -
1156 1465 1511 1531 Vehiculum
1546 1466 1907 1548 conduxisti,
1950 1469 2022 1528 ut
2056 1484 2211 1529 onus

177 1559 359 1620 tuum
403 1558 691 1637 portaret
741 1559 797 1618 et
845 1573 1127 1619 seorsum
1179 1555 1295 1618 iter
1344 1554 1583 1634 faceret.
1676 1554 1747 1617 id
1786 1574 1927 1618 cum
1958 1558 2209 1635 pontem

176 1645 506 1721 transiret,
561 1644 898 1725 redemffior
949 1645 1080 1708 eius
1119 1643 1337 1726 pontis
1387 1643 1731 1725 portorium
1785 1642 1862 1705 ab
1907 1662 1973 1706 eo
2018 1644 2211 1725 exiqe-

177 1732 296 1798 bat.
373 1731 798 1816 quaerebatur,
845 1752 932 1796 an
975 1733 1162 1795 etiam
1187 1752 1307 1813 pro
1343 1732 1483 1813 ipsa
1519 1732 1653 1796 sola
1686 1732 1837 1795 reda
1865 1733 2211 1812 portorium

177 1823 452 1885 daturus
493 1820 699 1900 fuerit.
773 1826 940 1902 put0,
984 1822 1042 1886 si
1077 1821 1270 1885 mulio
1305 1840 1431 1885 non
1465 1820 1773 1903 iynoravit
1806 1841 1875 1884 ea
1910 1840 1973 1885 se
2009 1825 2209 1885 trans-

179 1911 447 1989 iturum,
482 1929 622 1974 cum
649 1908 991 1975 vehiculum
1019 1910 1257 1992 locaret,
1296 1910 1625 1975 mulionem
1640 1914 1965 1992 praestare
1991 1909 2209 1975 debere.

610 2102 704 2160 De
748 2103 921 2161 domu
965 2103 1052 2162 vel
1095 2103 1237 2162 villa
1280 2103 1552 2175 facienda
1598 2102 1798 2162 locata.

372 2221 520 2285 123.
577 2218 653 2284 Ι).
689 2221 787 2304 19,
817 2221 876 2304 2,
905 2220 1008 2286 59.
1073 2221 1411 2285 Iavolenus
1440 2220 1606 2285 libro
1640 2220 1864 2304 quinto
1893 2218 2211 2285 Labeonis
2342 2289 2349 2295 ,

187 2311 642 2393 posteriorum.
710 2346 784 2354 —
843 2311 1128 2376 Marcius
1181 2311 1430 2374 domum
1479 2309 1832 2389 faciendam
1884 2331 1926 2372 a
1983 2310 2215 2375 Flacco

188 2400 598 2474 conduxerat,·
653 2399 868 2463 deinde
911 2399 1110 2482 operis
1143 2402 1328 2481 parte
1370 2399 1581 2477 effecta
1625 2403 1821 2462 terrae
1864 2403 2035 2463 motu
2079 2419 2213 2463 con-

187 2507 440 2550 cussum
483 2492 618 2550 erat
659 2487 1028 2570 aedificium.
1109 2487 1472 2552 Massurius
1508 2485 1799 2569 SabinuS,
1843 2488 1901 2552 si
1940 2488 2001 2550 vi
2036 2492 2213 2552 natu·

189 2575 346 2726 ragi,
399 2575 584 2638 veluti
638 2581 835 2640 terrae
886 2581 1054 2641 motu
1105 2575 1213 2640 hoc
1257 2575 1568 2660 acciderit,
1626 2574 1848 2640 Flacci
1889 2594 2015 2640 esse
2054 2576 2215 2656 peri-

189 2683 262 2726 cu
291 2683 434 2728 um.-

381 2751 522 2816 124.
561 2750 638 2816 D.
661 2751 761 2837 19,
781 2753 841 2838 2,
863 2753 967 2826 60,
988 2753 1046 2818 3.
1105 2751 1321 2817 Labeo
1350 2756 1775 2836 posteriorum
1798 2752 1964 2816 libro
1986 2753 2213 2837 quinto

195 2862 234 2902 a
270 2839 580 2905 Iavoleno
619 2841 1138 2923 epitomatorum.
1176 2878 1260 2887 —
1299 2841 1455 2924 Leye
1490 2842 1653 2905 dicta
1688 2842 1903 2906 domus
1925 2842 2214 2921 facienda

195 2927 396 2994 locata
440 2934 574 2996 erat
617 2931 726 3012 ita,
779 2935 850 2994 ut
878 2930 1165 3013 probatio
1211 2936 1323 2995 aut
1364 2929 1730 3012 improbatio
1776 2931 2059 2996 locatoris
2104 2935 2218 2996 aut

196 3015 434 3084 heredis
477 3019 607 3083 eius
651 3023 812 3084 esset.
887 3020 1225 3101 redemptor
1259 3039 1336 3084 ex
1370 3021 1677 3084 voluntate
1714 3019 1998 3084 locatoris
2033 3041 2213 3102 quae·

197 3106 344 3170 dam
398 3109 468 3172 in
523 3128 695 3189 opere
725 3113 1203 3192 permutaverat.
1308 3109 1591 3190 respondi
1644 3129 1793 3191 opus
1847 3110 2091 3191 quidem
2142 3129 2217 3173 ex

200 3192 320 3276 leye
373 3197 536 3262 dicta
587 3218 712 3262 non
760 3197 952 3262 videri
992 3198 1253 3282 factu-m,
1309 3199 1416 3262 sed
1456 3198 1751 3278 quoniam
1796 3219 1865 3262 ex
1908 3199 2218 3263 voluntate

201 3281 486 3350 locatoris
532 3291 950 3368 permutatum
979 3291 1174 3365 ‘esset,
1227 3288 1658 3368 redemptorem
1713 3287 1941 3351 absolvi
1994 3287 2215 3352 debere.

383 3374 529 3440 125.
583 3373 660 3438 Ι).
699 3375 850 3440 ibid.
889 3377 928 3454 ξ
965 3375 1026 3440 4.
1079 3411 1164 3420 -
1231 3374 1538 3439 Mandavi
1591 3376 1726 3454 tibi,
1779 3381 1849 3439 ut
1901 3381 2215 3457 excuteres,

202 3464 422 3538 quanti
474 3462 688 3527 villam
733 3464 1058 3544 aedificare
1100 3463 1291 3528 velles.
1390 3465 1762 3529 renuntiasti
1804 3464 1959 3528 mihi
2002 3466 2217 3529 ducen-

206 3550 404 3614 torum
449 3552 790 3633 impensam
837 3550 974 3634 <te>
1021 3557 1304 3616 excutere.
1394 3558 1559 3617 certa
1602 3554 1865 3618 mercede
1909 3575 2061 3636 opus
2106 3552 2216 3616 tibi
