2575 3900
530 219 598 274 II.
636 219 1119 275 INCERTORUM
1156 218 1614 274 SENTENTIAE
1654 218 1747 274 ΕΤ
1784 218 1996 274 LIBRI.
2147 220 2273 284 527

256 386 323 447 te
386 383 741 467 depositam
814 387 926 447 aut
997 405 1075 448 ex
1140 383 1548 448 commodato
1612 383 1734 448 tibi
1795 381 2278 468 <permissam>

256 472 587 555 possidere
642 493 849 556 neque
896 472 1158 536 reddere
1216 471 1644 555 constitueriS,
1709 473 2050 536 confestim
2116 475 2278 536 ami-

260 561 421 625 sisse
469 583 571 624 me
615 561 1091 644 possessionem
1138 561 1242 624 vel
1279 561 1691 645 ignorantem
1728 582 2112 645 responsum
2161 566 2276 626 est.

434 650 539 714 43.
586 649 665 715 D.
712 650 818 733 41,
864 651 925 732 2,
966 652 1023 733 1,
1062 649 1163 714 14.
1211 648 1451 714 Paulus
1488 649 1657 713 libro
1697 649 2275 734 quinquagensimo

256 742 490 822 quarto
540 738 619 802 ad
668 738 962 802 edictum.
1013 775 1096 784 -
1137 788 1149 801 .
1180 789 1194 804 .
1225 787 1239 800 .
1278 737 1432 802 licet
1456 738 1936 821 respondeatur,
1974 739 2278 822 quamdiu

257 827 337 890 ab
396 827 524 891 alio
582 849 712 891 non
766 827 1173 912 possideatur
1221 824 1337 912 (sc.
1387 848 1607 891 servus
1657 828 1766 911 qui
1813 829 1879 890 in
1926 827 2083 910 fuga
2129 825 2277 913 est),
2323 881 2328 891 .

255 938 293 978 a
338 916 529 979 nobis
587 937 731 980 eum
788 915 1103 999 possideri
1157 914 1426 999 ideoque
1480 916 1740 980 interim
1799 937 1943 979 eum
1991 919 2276 1000 usucapi.

431 1005 535 1070 44.
608 1004 683 1071 D.
722 1004 828 1087 41,
858 1004 918 1088 5,
947 1006 1005 1086 2,
1038 1004 1095 1068 1.
1167 1003 1458 1068 Iulianus
1515 1004 1680 1068 libro
1737 1004 2275 1089 quadragensimo

256 1097 486 1177 quarto
534 1092 969 1178 Digestorum.
1018 1130 1103 1140 -
1149 1144 1163 1157 .
1194 1143 1208 1157 .
1238 1141 1253 1158 .
1301 1115 1681 1177 responsum
1725 1097 1825 1158 est
1860 1115 2064 1177 neque
2104 1095 2276 1159 colo-

251 1203 408 1246 num
481 1204 687 1266 neque
761 1205 903 1246 eum
976 1181 1145 1266 apud
1206 1204 1395 1266 quem
1459 1205 1562 1246 res
1629 1182 1924 1266 deposita
1989 1186 2101 1246 aut
2173 1183 2276 1248 cui

253 1271 662 1336 commodata
718 1274 843 1355 est,
898 1272 1060 1336 lucri
1107 1270 1386 1335 faciendi
1442 1293 1633 1335 causa
1680 1294 1797 1356 pro
1843 1270 2076 1336 herede
2132 1293 2278 1335 usu-

251 1381 477 1443 capere
521 1381 729 1443 posse.

429 1448 535 1514 45.
609 1447 686 1512 D.
751 1449 858 1533 41,
914 1448 974 1531 3,
1043 1448 1143 1530 13,
1213 1450 1269 1514 l.
1344 1448 1522 1512 Idem
1589 1445 1702 1532 (sc.
1766 1444 2039 1534 Paulus)
2106 1449 2273 1514 libro

255 1537 485 1620 quinto
535 1536 614 1599 ad
654 1535 1001 1601 Plautium.
1054 1573 1127 1583 —
1178 1535 1350 1600 Eum
1399 1538 1508 1621 qui
1555 1559 1594 1600 a
1624 1537 1884 1602 ,furioso
1931 1538 2105 1602 bona
2149 1537 2275 1602 fide

256 1627 433 1709 emit,
478 1647 829 1709 usucapere
875 1647 1066 1709 posse
1112 1647 1494 1708 responsum
1539 1628 1654 1690 est.

432 1714 536 1778 46.
628 1712 707 1779 D.
755 1717 861 1798 41,
906 1715 967 1792 4,
1013 1714 1168 1798 4pr.
1260 1713 1606 1778 Iavolenus
1653 1713 1821 1778 libro
1870 1715 2146 1778 secundo
2195 1737 2272 1778 ex

247 1801 524 1867 Plautio.
580 1838 669 1848 —
723 1803 1004 1887 Emptor
1061 1802 1246 1866 fundi
1301 1806 1553 1887 partem
1600 1804 1737 1867 eius
1786 1803 2065 1866 alienum
2131 1824 2271 1867 esse

248 1913 383 1957 non
446 1892 884 1977 ignoraverat:
970 1913 1354 1976 responsum
1427 1896 1528 1957 est
1592 1892 1757 1957 nihil
1832 1914 1977 1958 eum
2051 1915 2128 1958 ex
2194 1913 2269 1957 eo

247 1981 444 2047 fundo
490 1981 635 2047 usul
682 1986 1039 2066 capturum.

983 2132 1084 2199 De
1126 2134 1531 2198 servitutibus

425 2249 529 2313 47.
595 2248 674 2313 D.
735 2250 793 2332 8,
857 2249 915 2327 5,
975 2250 1075 2327 17,
1126 2249 1179 2313 1.
1245 2246 1519 2313 Alfenus
1583 2249 1748 2313 libro
1815 2248 2093 2313 secundo
2158 2247 2267 2312 Di-

248 2341 597 2423 gestorum.
673 2374 748 2384 —
814 2336 975 2403 Cum
1030 2337 1099 2399 in
1160 2336 1351 2400 domo
1407 2336 1556 2401 Gaii
1609 2334 1716 2402 Sei
1768 2337 1948 2401 locus
2008 2336 2267 2422 quidam

248 2424 512 2490 aedibus
586 2424 762 2488 Anni
836 2426 933 2489 ita
998 2425 1292 2506 serviret,
1356 2427 1429 2489 ut
1491 2425 1559 2489 in
1623 2447 1699 2489 eo
1764 2426 1908 2491 loco
1982 2428 2267 2509 positum

246 2513 484 2576 habere
548 2514 648 2577 ius
726 2512 872 2579 Seio
936 2534 1065 2577 non
1132 2519 1318 2595 esset,
1383 2518 1448 2577 et
1511 2511 1694 2578 Seius
1761 2514 1827 2577 in
1893 2536 1966 2577 eo
2035 2516 2265 2579 silvam

247 2601 543 2683 sevisset,
597 2602 665 2665 in
713 2624 838 2686 qua
890 2601 1078 2665 labra
1137 2605 1202 2664 et
1258 2600 1433 2665 lenes
1479 2606 1535 2667 et
1580 2603 1968 2667 cucumellas
2016 2604 2266 2685 positas

246 2690 532 2773 haberet,
580 2690 797 2755 Annio
846 2689 1185 2755 consilium
1234 2712 1455 2755 omnes
1492 2692 1652 2756 iuris
1688 2690 1882 2774 periti
1938 2691 2266 2769 dederunt,

244 2784 320 2843 ut
366 2800 508 2842 cum
553 2801 628 2845 eo
668 2783 912 2863 ageret:
958 2779 1059 2843 ius
1097 2779 1156 2844 ei
1196 2801 1328 2844 non
1368 2801 1506 2845 esse
1544 2780 1611 2844 in
1650 2802 1724 2845 eo
1762 2780 1905 2844 loco
1945 2802 2020 2844 ea
2049 2780 2266 2864 posita

244 2868 484 2933 habere
531 2868 735 2933 invito
785 2890 868 2933 se.

981 2992 1082 3058 De
1111 2994 1518 3076 postliminia

421 3109 525 3174 48.
573 3107 650 3172 D.
697 3110 803 3189 49,
855 3110 953 3192 15,
999 3108 1063 3186 5,
1112 3109 1170 3174 3.
1228 3107 1621 3194 Pomponius
1669 3110 1835 3175 libro
1884 3110 2261 3195 trigensimo

246 3198 521 3281 septimo
571 3198 650 3261 ad
700 3197 1005 3273 Quintum
1041 3196 1345 3263 Mucium.
1388 3235 1470 3244 —
1511 3250 1525 3263 .
1553 3248 1569 3264 .
1601 3250 1614 3265 .
1651 3199 1722 3263 in
1757 3198 1962 3265 Atilio
1995 3198 2262 3285 ReguIO,

244 3308 434 3371 quem
501 3285 1070 3372 Carthaginienses
1135 3287 1411 3353 Romam
1480 3289 1808 3372 miserunt,
1880 3310 2260 3374 responsum

245 3381 361 3458 est,
407 3398 536 3441 non
585 3396 724 3440 esse
772 3397 916 3439 eum
962 3376 1367 3461 postliminio
1405 3398 1746 3442 reversum.
1778 3428 1791 3443 .
1821 3428 1836 3445 .

421 3470 493 3528 cf.
539 3469 569 3527 I
616 3487 675 3548 p.
722 3470 827 3529 43.

388 3598 416 3645 1
462 3592 609 3649 Trib.
648 3594 817 3663 longa
852 3594 1219 3664 possessione.
