<?xml version="1.0" encoding="UTF-8"?>
<!DOCTYPE html PUBLIC "-//W3C//DTD XHTML 1.0 Transitional//EN"
    "http://www.w3.org/TR/xhtml1/DTD/xhtml1-transitional.dtd">
<html xmlns="http://www.w3.org/1999/xhtml" xml:lang="en" lang="en">
 <head>
  <title>
</title>
<meta http-equiv="Content-Type" content="text/html;charset=utf-8" />
  <meta name='ocr-system' content='tesseract 3.04.00' />
  <meta name='ocr-capabilities' content='ocr_page ocr_carea ocr_par ocr_line ocrx_word'/>
</head>
<body>
  <div class='ocr_page' id='page_1' title='image "./iurisprudentiae00unkngoog_0234.png"; bbox 0 0 2575 3900; ppageno 0'>
   <div class='ocr_carea' id='block_1_1' title="bbox 330 178 2363 247">
    <p class='ocr_par' dir='ltr' id='par_1_1' title="bbox 330 178 2363 247">
     <span class='ocr_line' id='line_1_1' title="bbox 330 178 2363 247; baseline -0 -9"><span class='ocrx_word' id='word_1_1' title='bbox 330 182 457 247; x_wconf 88' lang='lat'><strong>188</strong></span> <span class='ocrx_word' id='word_1_2' title='bbox 488 182 584 237; x_wconf 92' lang='lat'><strong>111.</strong></span> <span class='ocrx_word' id='word_1_3' title='bbox 607 182 757 238; x_wconf 85' lang='lat' dir='ltr'><strong>GAII</strong></span> <span class='ocrx_word' id='word_1_4' title='bbox 780 181 1076 238; x_wconf 87' lang='lat' dir='ltr'>CLAUDII</span> <span class='ocrx_word' id='word_1_5' title='bbox 1092 180 1366 237; x_wconf 78' lang='lat' dir='ltr'><strong>NERON.</strong></span> <span class='ocrx_word' id='word_1_6' title='bbox 1388 179 1680 237; x_wconf 86' lang='lat' dir='ltr'><strong>GALBAE</strong></span> <span class='ocrx_word' id='word_1_7' title='bbox 1700 180 1914 238; x_wconf 86' lang='grc' dir='ltr'><strong>ΤΕΜΡ.</strong></span> <span class='ocrx_word' id='word_1_8' title='bbox 1935 178 2129 236; x_wconf 84' lang='lat' dir='ltr'>IUBIS</span> <span class='ocrx_word' id='word_1_9' title='bbox 2153 179 2363 237; x_wconf 85' lang='lat' dir='ltr'><strong>CONS.</strong></span> 
     </span>
    </p>
   </div>
   <div class='ocr_carea' id='block_1_2' title="bbox 327 343 2366 697">
    <p class='ocr_par' dir='ltr' id='par_1_2' title="bbox 327 343 2366 697">
     <span class='ocr_line' id='line_1_2' title="bbox 328 343 2366 429; baseline -0.001 -18"><span class='ocrx_word' id='word_1_10' title='bbox 328 346 776 429; x_wconf 74' lang='lat' dir='ltr'><strong>redderentur,</strong></span> <span class='ocrx_word' id='word_1_11' title='bbox 864 348 931 409; x_wconf 90' lang='lat' dir='ltr'><strong>et</strong></span> <span class='ocrx_word' id='word_1_12' title='bbox 999 343 1071 409; x_wconf 90' lang='lat' dir='ltr'><strong>hi</strong></span> <span class='ocrx_word' id='word_1_13' title='bbox 1142 345 1412 410; x_wconf 83' lang='lat' dir='ltr'><strong>uniones</strong></span> <span class='ocrx_word' id='word_1_14' title='bbox 1476 345 1668 429; x_wconf 89' lang='lat' dir='ltr'><strong>culpa</strong></span> <span class='ocrx_word' id='word_1_15' title='bbox 1731 348 1848 409; x_wconf 90' lang='lat' dir='ltr'><strong>tua</strong></span> <span class='ocrx_word' id='word_1_16' title='bbox 1909 343 2222 427; x_wconf 88' lang='lat' dir='ltr'><strong>perierint</strong></span> <span class='ocrx_word' id='word_1_17' title='bbox 2297 348 2366 409; x_wconf 90' lang='lat' dir='ltr'><strong>et</strong></span> 
     </span>
     <span class='ocr_line' id='line_1_3' title="bbox 327 432 2365 519; baseline -0.001 -19"><span class='ocrx_word' id='word_1_18' title='bbox 327 435 668 519; x_wconf 89' lang='lat' dir='ltr'><strong>pecuniam</strong></span> <span class='ocrx_word' id='word_1_19' title='bbox 721 437 927 518; x_wconf 87' lang='lat' dir='ltr'><strong>petas.</strong></span> <span class='ocrx_word' id='word_1_20' title='bbox 1017 438 1231 499; x_wconf 84' lang='lat' dir='ltr'><strong>exstat</strong></span> <span class='ocrx_word' id='word_1_21' title='bbox 1274 432 1527 498; x_wconf 83' lang='lat' dir='ltr'><strong>Nervae</strong></span> <span class='ocrx_word' id='word_1_22' title='bbox 1583 437 1651 499; x_wconf 92' lang='lat' dir='ltr'><strong>et</strong></span> <span class='ocrx_word' id='word_1_23' title='bbox 1696 432 1993 499; x_wconf 78' lang='lat' dir='ltr'><strong>Atilicini</strong></span> <span class='ocrx_word' id='word_1_24' title='bbox 2041 434 2365 498; x_wconf 79' lang='lat' dir='ltr'><strong>sententia</strong></span> 
     </span>
     <span class='ocr_line' id='line_1_4' title="bbox 329 520 2364 606; baseline -0 -19"><span class='ocrx_word' id='word_1_25' title='bbox 329 524 678 588; x_wconf 76' lang='lat' dir='ltr'><strong>dicentium</strong></span> <span class='ocrx_word' id='word_1_26' title='bbox 724 524 818 588; x_wconf 84' lang='lat' dir='ltr'><strong>ita</strong></span> <span class='ocrx_word' id='word_1_27' title='bbox 859 544 999 587; x_wconf 86' lang='lat' dir='ltr'><strong>esse</strong></span> <span class='ocrx_word' id='word_1_28' title='bbox 1046 520 1488 606; x_wconf 85' lang='lat' dir='ltr'><strong>excipiendum</strong></span> <span class='ocrx_word' id='word_1_29' title='bbox 1535 521 1620 587; x_wconf 75' lang='lat' dir='ltr'><strong>‘si</strong></span> <span class='ocrx_word' id='word_1_30' title='bbox 1666 523 1838 588; x_wconf 90' lang='lat' dir='ltr'><strong>inter</strong></span> <span class='ocrx_word' id='word_1_31' title='bbox 1883 543 1986 587; x_wconf 87' lang='lat' dir='ltr'><strong>me</strong></span> <span class='ocrx_word' id='word_1_32' title='bbox 2026 526 2092 586; x_wconf 93' lang='lat' dir='ltr'><strong>et</strong></span> <span class='ocrx_word' id='word_1_33' title='bbox 2126 528 2194 588; x_wconf 87' lang='lat' dir='ltr'><strong>te</strong></span> <span class='ocrx_word' id='word_1_34' title='bbox 2229 542 2364 587; x_wconf 89' lang='lat' dir='ltr'><strong>non</strong></span> 
     </span>
     <span class='ocr_line' id='line_1_5' title="bbox 331 609 2360 697; baseline 0 -21"><span class='ocrx_word' id='word_1_35' title='bbox 331 613 663 697; x_wconf 83' lang='lat' dir='ltr'><strong>convenit,</strong></span> <span class='ocrx_word' id='word_1_36' title='bbox 714 617 789 677; x_wconf 91' lang='lat' dir='ltr'><strong>ut</strong></span> <span class='ocrx_word' id='word_1_37' title='bbox 844 611 1059 677; x_wconf 85' lang='lat' dir='ltr'><strong>soluta</strong></span> <span class='ocrx_word' id='word_1_38' title='bbox 1112 612 1388 695; x_wconf 90' lang='lat' dir='ltr'><strong>pecunia</strong></span> <span class='ocrx_word' id='word_1_39' title='bbox 1443 612 1716 677; x_wconf 82' lang='lat' dir='ltr'><strong>uniones</strong></span> <span class='ocrx_word' id='word_1_40' title='bbox 1763 611 1923 676; x_wconf 91' lang='lat' dir='ltr'><strong>mihi</strong></span> <span class='ocrx_word' id='word_1_41' title='bbox 1967 609 2360 677; x_wconf 69' lang='lat' dir='ltr'><strong>reddantur?</strong></span> 
     </span>
    </p>
   </div>
   <div class='ocr_carea' id='block_1_3' title="bbox 868 803 1826 893">
    <p class='ocr_par' dir='ltr' id='par_1_3' title="bbox 868 803 1826 893">
     <span class='ocr_line' id='line_1_6' title="bbox 868 803 1826 893; baseline 0 -22"><span class='ocrx_word' id='word_1_42' title='bbox 868 811 945 872; x_wconf 90' lang='lat' dir='ltr'><strong>H.</strong></span> <span class='ocrx_word' id='word_1_43' title='bbox 1012 803 1582 893; x_wconf 77' lang='lat' dir='ltr'><strong>Digestorum(?)</strong></span> <span class='ocrx_word' id='word_1_44' title='bbox 1629 811 1826 871; x_wconf 88' lang='lat' dir='ltr'><strong>libri.</strong></span> 
     </span>
    </p>
   </div>
   <div class='ocr_carea' id='block_1_4' title="bbox 327 935 2369 2966">
    <p class='ocr_par' dir='ltr' id='par_1_4' title="bbox 327 935 2368 2239">
     <span class='ocr_line' id='line_1_7' title="bbox 506 935 2362 1013; baseline 0.001 -19"><span class='ocrx_word' id='word_1_45' title='bbox 506 935 818 996; x_wconf 86' lang='lat' dir='ltr'><strong>Eiusmodi</strong></span> <span class='ocrx_word' id='word_1_46' title='bbox 854 936 995 995; x_wconf 89' lang='lat' dir='ltr'><strong>libri</strong></span> <span class='ocrx_word' id='word_1_47' title='bbox 1032 955 1392 1013; x_wconf 89' lang='lat' dir='ltr'><strong>quamquam</strong></span> <span class='ocrx_word' id='word_1_48' title='bbox 1427 955 1548 996; x_wconf 89' lang='lat' dir='ltr'><strong>non</strong></span> <span class='ocrx_word' id='word_1_49' title='bbox 1583 935 1805 995; x_wconf 82' lang='lat' dir='ltr'><strong>diserte</strong></span> <span class='ocrx_word' id='word_1_50' title='bbox 1844 935 2187 1013; x_wconf 85' lang='lat' dir='ltr'><strong>laudantur,</strong></span> <span class='ocrx_word' id='word_1_51' title='bbox 2215 936 2362 1013; x_wconf 91' lang='lat' dir='ltr'><strong>quin</strong></span> 
     </span>
     <span class='ocr_line' id='line_1_8' title="bbox 329 1024 2364 1101; baseline -0 -17"><span class='ocrx_word' id='word_1_52' title='bbox 329 1025 405 1084; x_wconf 89' lang='lat' dir='ltr'><strong>ab</strong></span> <span class='ocrx_word' id='word_1_53' title='bbox 462 1024 749 1085; x_wconf 79' lang='lat' dir='ltr'><strong>Atilicino</strong></span> <span class='ocrx_word' id='word_1_54' title='bbox 805 1024 953 1084; x_wconf 87' lang='lat' dir='ltr'><strong>editi</strong></span> <span class='ocrx_word' id='word_1_55' title='bbox 1008 1025 1154 1099; x_wconf 88' lang='lat' dir='ltr'><strong>sint,</strong></span> <span class='ocrx_word' id='word_1_56' title='bbox 1218 1025 1318 1084; x_wconf 84' lang='lat' dir='ltr'><strong>vix</strong></span> <span class='ocrx_word' id='word_1_57' title='bbox 1371 1028 1571 1101; x_wconf 86' lang='lat' dir='ltr'><strong>potest</strong></span> <span class='ocrx_word' id='word_1_58' title='bbox 1625 1024 1900 1084; x_wconf 86' lang='lat' dir='ltr'><strong>dubitari.</strong></span> <span class='ocrx_word' id='word_1_59' title='bbox 1999 1026 2147 1084; x_wconf 87' lang='lat' dir='ltr'><strong>haec</strong></span> <span class='ocrx_word' id='word_1_60' title='bbox 2200 1025 2364 1084; x_wconf 90' lang='lat' dir='ltr'><strong>enim</strong></span> 
     </span>
     <span class='ocr_line' id='line_1_9' title="bbox 328 1106 2359 1192; baseline 0 -19"><span class='ocrx_word' id='word_1_61' title='bbox 328 1114 640 1192; x_wconf 85' lang='lat' dir='ltr'><strong>leguntur:</strong></span> <span class='ocrx_word' id='word_1_62' title='bbox 685 1108 1031 1173; x_wconf 76' lang='lat' dir='ltr'><strong>‘Atilicinus</strong></span> <span class='ocrx_word' id='word_1_63' title='bbox 1074 1112 1435 1191; x_wconf 84' lang='lat' dir='ltr'><strong>quibusdam</strong></span> <span class='ocrx_word' id='word_1_64' title='bbox 1469 1112 1773 1190; x_wconf 85' lang='lat' dir='ltr'><strong>placuisse</strong></span> <span class='ocrx_word' id='word_1_65' title='bbox 1818 1106 1927 1172; x_wconf 90' lang='lat' dir='ltr'><strong>ait&#39;</strong></span> <span class='ocrx_word' id='word_1_66' title='bbox 1973 1114 2043 1173; x_wconf 92' lang='lat' dir='ltr'><strong>D.</strong></span> <span class='ocrx_word' id='word_1_67' title='bbox 2079 1115 2138 1189; x_wconf 86' lang='lat'><strong>5,</strong></span> <span class='ocrx_word' id='word_1_68' title='bbox 2167 1116 2228 1189; x_wconf 84' lang='lat'><strong>3,</strong></span> <span class='ocrx_word' id='word_1_69' title='bbox 2256 1116 2359 1174; x_wconf 84' lang='lat'><strong>43.</strong></span> 
     </span>
     <span class='ocr_line' id='line_1_10' title="bbox 330 1194 2363 1279; baseline -0.001 -16"><span class='ocrx_word' id='word_1_70' title='bbox 330 1198 680 1263; x_wconf 72' lang='lat' dir='ltr'><strong>‘Atilicinus</strong></span> <span class='ocrx_word' id='word_1_71' title='bbox 745 1204 831 1261; x_wconf 88' lang='lat' dir='ltr'><strong>ait</strong></span> <span class='ocrx_word' id='word_1_72' title='bbox 886 1200 1203 1263; x_wconf 86' lang='lat' dir='ltr'><strong>Caesarem</strong></span> <span class='ocrx_word' id='word_1_73' title='bbox 1257 1249 1270 1261; x_wconf 86' lang='lat'><strong>.</strong></span> <span class='ocrx_word' id='word_1_74' title='bbox 1310 1248 1322 1262; x_wconf 95' lang='lat'><strong>.</strong></span> <span class='ocrx_word' id='word_1_75' title='bbox 1380 1202 1752 1279; x_wconf 85' lang='lat' dir='ltr'><strong>rescripsisse</strong></span> <span class='ocrx_word' id='word_1_76' title='bbox 1816 1202 1879 1260; x_wconf 92' lang='lat' dir='ltr'><strong>in</strong></span> <span class='ocrx_word' id='word_1_77' title='bbox 1937 1202 2084 1262; x_wconf 88' lang='lat' dir='ltr'><strong>haec</strong></span> <span class='ocrx_word' id='word_1_78' title='bbox 2150 1194 2363 1262; x_wconf 86' lang='lat' dir='ltr'><strong>verba&#39;</strong></span> 
     </span>
     <span class='ocr_line' id='line_1_11' title="bbox 329 1290 2362 1370; baseline -0 -19"><span class='ocrx_word' id='word_1_79' title='bbox 329 1292 401 1353; x_wconf 92' lang='lat' dir='ltr'><strong>D.</strong></span> <span class='ocrx_word' id='word_1_80' title='bbox 434 1294 501 1370; x_wconf 86' lang='lat'><strong>8,</strong></span> <span class='ocrx_word' id='word_1_81' title='bbox 534 1295 601 1369; x_wconf 86' lang='lat'><strong>3,</strong></span> <span class='ocrx_word' id='word_1_82' title='bbox 633 1293 735 1351; x_wconf 89' lang='grc'><strong>35.</strong></span> <span class='ocrx_word' id='word_1_83' title='bbox 819 1290 891 1350; x_wconf 91' lang='lat' dir='ltr'><strong>de</strong></span> <span class='ocrx_word' id='word_1_84' title='bbox 947 1291 1144 1368; x_wconf 90' lang='lat' dir='ltr'><strong>operis</strong></span> <span class='ocrx_word' id='word_1_85' title='bbox 1192 1291 1390 1350; x_wconf 90' lang='lat' dir='ltr'><strong>indole</strong></span> <span class='ocrx_word' id='word_1_86' title='bbox 1435 1290 1548 1350; x_wconf 86' lang='lat' dir='ltr'><strong>hoe</strong></span> <span class='ocrx_word' id='word_1_87' title='bbox 1593 1293 1833 1351; x_wconf 87' lang='lat' dir='ltr'><strong>tantum</strong></span> <span class='ocrx_word' id='word_1_88' title='bbox 1878 1292 2203 1351; x_wconf 85' lang='lat' dir='ltr'><strong>verisimile</strong></span> <span class='ocrx_word' id='word_1_89' title='bbox 2251 1296 2362 1365; x_wconf 89' lang='lat' dir='ltr'><strong>est,</strong></span> 
     </span>
     <span class='ocr_line' id='line_1_12' title="bbox 328 1380 2364 1457; baseline 0 -17"><span class='ocrx_word' id='word_1_90' title='bbox 328 1381 504 1440; x_wconf 88' lang='lat' dir='ltr'><strong>illum</strong></span> <span class='ocrx_word' id='word_1_91' title='bbox 559 1398 848 1457; x_wconf 89' lang='lat' dir='ltr'><strong>responsa</strong></span> <span class='ocrx_word' id='word_1_92' title='bbox 902 1382 964 1439; x_wconf 92' lang='lat' dir='ltr'><strong>et</strong></span> <span class='ocrx_word' id='word_1_93' title='bbox 1010 1399 1120 1439; x_wconf 90' lang='lat' dir='ltr'><strong>sua</strong></span> <span class='ocrx_word' id='word_1_94' title='bbox 1165 1384 1228 1439; x_wconf 90' lang='lat' dir='ltr'><strong>et</strong></span> <span class='ocrx_word' id='word_1_95' title='bbox 1273 1380 1530 1440; x_wconf 88' lang='lat' dir='ltr'><strong>aliorum</strong></span> <span class='ocrx_word' id='word_1_96' title='bbox 1576 1380 1726 1438; x_wconf 90' lang='lat' dir='ltr'><strong>iuris</strong></span> <span class='ocrx_word' id='word_1_97' title='bbox 1772 1381 2182 1441; x_wconf 88' lang='lat' dir='ltr'><strong>consultorum</strong></span> <span class='ocrx_word' id='word_1_98' title='bbox 2225 1398 2364 1456; x_wconf 89' lang='lat' dir='ltr'><strong>pro·</strong></span> 
     </span>
     <span class='ocr_line' id='line_1_13' title="bbox 328 1467 2365 1547; baseline -0.001 -18"><span class='ocrx_word' id='word_1_99' title='bbox 328 1471 621 1546; x_wconf 79' lang='lat' dir='ltr'><strong>posuisse.</strong></span> <span class='ocrx_word' id='word_1_100' title='bbox 719 1469 957 1529; x_wconf 82' lang='lat' dir='ltr'><strong>Nervae</strong></span> <span class='ocrx_word' id='word_1_101' title='bbox 1014 1468 1220 1528; x_wconf 86' lang='lat' dir='ltr'><strong>Sabini</strong></span> <span class='ocrx_word' id='word_1_102' title='bbox 1267 1467 1458 1528; x_wconf 87' lang='lat' dir='ltr'><strong>Cassii</strong></span> <span class='ocrx_word' id='word_1_103' title='bbox 1511 1468 1778 1547; x_wconf 81' lang='lat' dir='ltr'><strong>Proculi,</strong></span> <span class='ocrx_word' id='word_1_104' title='bbox 1835 1470 1937 1547; x_wconf 90' lang='lat' dir='ltr'><strong>qui</strong></span> <span class='ocrx_word' id='word_1_105' title='bbox 1993 1487 2168 1546; x_wconf 84' lang='lat' dir='ltr'><strong>saepe</strong></span> <span class='ocrx_word' id='word_1_106' title='bbox 2225 1487 2365 1528; x_wconf 88' lang='lat' dir='ltr'><strong>cum</strong></span> 
     </span>
     <span class='ocr_line' id='line_1_14' title="bbox 327 1556 2363 1633; baseline 0 -18"><span class='ocrx_word' id='word_1_107' title='bbox 327 1557 616 1617; x_wconf 88' lang='lat' dir='ltr'><strong>Atilicino</strong></span> <span class='ocrx_word' id='word_1_108' title='bbox 663 1557 963 1617; x_wconf 90' lang='lat' dir='ltr'><strong>coniuncti</strong></span> <span class='ocrx_word' id='word_1_109' title='bbox 998 1557 1344 1632; x_wconf 86' lang='lat' dir='ltr'><strong>laudantur,</strong></span> <span class='ocrx_word' id='word_1_110' title='bbox 1393 1558 1722 1617; x_wconf 89' lang='lat' dir='ltr'><strong>sententias</strong></span> <span class='ocrx_word' id='word_1_111' title='bbox 1767 1576 1840 1617; x_wconf 84' lang='lat' dir='ltr'><strong>ex</strong></span> <span class='ocrx_word' id='word_1_112' title='bbox 1874 1556 2145 1617; x_wconf 90' lang='lat' dir='ltr'><strong>Atilicini</strong></span> <span class='ocrx_word' id='word_1_113' title='bbox 2182 1575 2363 1633; x_wconf 90' lang='lat' dir='ltr'><strong>opere</strong></span> 
     </span>
     <span class='ocr_line' id='line_1_15' title="bbox 330 1640 2367 1727; baseline 0 -22"><span class='ocrx_word' id='word_1_114' title='bbox 330 1647 679 1721; x_wconf 80' lang='lat' dir='ltr'><strong>desumptas</strong></span> <span class='ocrx_word' id='word_1_115' title='bbox 716 1664 846 1706; x_wconf 89' lang='lat' dir='ltr'><strong>esse</strong></span> <span class='ocrx_word' id='word_1_116' title='bbox 881 1646 1157 1722; x_wconf 84' lang='lat' dir='ltr'><strong>Krueger</strong></span> <span class='ocrx_word' id='word_1_117' title='bbox 1185 1667 1241 1723; x_wconf 92' lang='lat' dir='ltr'><strong>p.</strong></span> <span class='ocrx_word' id='word_1_118' title='bbox 1275 1648 1400 1707; x_wconf 89' lang='grc'><strong>156</strong></span> <span class='ocrx_word' id='word_1_119' title='bbox 1439 1646 1666 1705; x_wconf 85' lang='lat' dir='ltr'><strong>iudicat</strong></span> <span class='ocrx_word' id='word_1_120' title='bbox 1700 1665 1893 1722; x_wconf 90' lang='lat' dir='ltr'><strong>neque</strong></span> <span class='ocrx_word' id='word_1_121' title='bbox 1919 1645 2085 1706; x_wconf 91' lang='lat' dir='ltr'><strong>Ioers</strong></span> <span class='ocrx_word' id='word_1_122' title='bbox 2114 1640 2367 1727; x_wconf 78' lang='lat' dir='ltr'><strong>(Pauly-</strong></span> 
     </span>
     <span class='ocr_line' id='line_1_16' title="bbox 330 1727 2364 1816; baseline 0.001 -23"><span class='ocrx_word' id='word_1_123' title='bbox 330 1734 625 1795; x_wconf 86' lang='lat' dir='ltr'><strong>Wissowa</strong></span> <span class='ocrx_word' id='word_1_124' title='bbox 651 1735 713 1793; x_wconf 95' lang='lat' dir='ltr'><strong>II</strong></span> <span class='ocrx_word' id='word_1_125' title='bbox 740 1757 796 1811; x_wconf 88' lang='lat' dir='ltr'><strong>p.</strong></span> <span class='ocrx_word' id='word_1_126' title='bbox 820 1737 992 1795; x_wconf 86' lang='grc'><strong>2075</strong></span> <span class='ocrx_word' id='word_1_127' title='bbox 1008 1727 1123 1816; x_wconf 91' lang='lat' dir='ltr'><strong>sq.)</strong></span> <span class='ocrx_word' id='word_1_128' title='bbox 1151 1736 1472 1811; x_wconf 87' lang='lat' dir='ltr'><strong>improbat.</strong></span> <span class='ocrx_word' id='word_1_129' title='bbox 1535 1735 1744 1811; x_wconf 85' lang='lat' dir='ltr'><strong>itaque</strong></span> <span class='ocrx_word' id='word_1_130' title='bbox 1779 1734 2055 1795; x_wconf 90' lang='lat' dir='ltr'><strong>Atilicini</strong></span> <span class='ocrx_word' id='word_1_131' title='bbox 2081 1734 2364 1811; x_wconf 86' lang='lat' dir='ltr'><strong>Digesto·</strong></span> 
     </span>
     <span class='ocr_line' id='line_1_17' title="bbox 329 1823 2367 1900; baseline 0.001 -19"><span class='ocrx_word' id='word_1_132' title='bbox 329 1843 465 1882; x_wconf 88' lang='lat' dir='ltr'><strong>rum</strong></span> <span class='ocrx_word' id='word_1_133' title='bbox 495 1824 637 1883; x_wconf 89' lang='lat' dir='ltr'><strong>libri</strong></span> <span class='ocrx_word' id='word_1_134' title='bbox 663 1828 876 1899; x_wconf 91' lang='lat' dir='ltr'><strong>postea</strong></span> <span class='ocrx_word' id='word_1_135' title='bbox 903 1823 1076 1883; x_wconf 88' lang='lat' dir='ltr'><strong>Ursei</strong></span> <span class='ocrx_word' id='word_1_136' title='bbox 1105 1829 1166 1883; x_wconf 90' lang='lat' dir='ltr'><strong>et</strong></span> <span class='ocrx_word' id='word_1_137' title='bbox 1192 1824 1421 1883; x_wconf 87' lang='lat' dir='ltr'><strong>Plautii</strong></span> <span class='ocrx_word' id='word_1_138' title='bbox 1449 1824 1728 1900; x_wconf 89' lang='lat' dir='ltr'><strong>operibus</strong></span> <span class='ocrx_word' id='word_1_139' title='bbox 1759 1824 2054 1884; x_wconf 89' lang='lat' dir='ltr'><strong>similibus</strong></span> <span class='ocrx_word' id='word_1_140' title='bbox 2082 1823 2367 1884; x_wconf 84' lang='lat' dir='ltr'><strong>videntur</strong></span> 
     </span>
     <span class='ocr_line' id='line_1_18' title="bbox 330 1903 2366 1994; baseline 0 -22"><span class='ocrx_word' id='word_1_141' title='bbox 330 1908 664 1972; x_wconf 89' lang='lat' dir='ltr'><strong>oblitterati</strong></span> <span class='ocrx_word' id='word_1_142' title='bbox 729 1930 855 1973; x_wconf 89' lang='lat' dir='ltr'><strong>esse</strong></span> <span class='ocrx_word' id='word_1_143' title='bbox 912 1904 1013 1992; x_wconf 88' lang='lat' dir='ltr'><strong>(cf.</strong></span> <span class='ocrx_word' id='word_1_144' title='bbox 1062 1912 1295 1972; x_wconf 87' lang='lat' dir='ltr'><strong>Ferrini</strong></span> <span class='ocrx_word' id='word_1_145' title='bbox 1339 1913 1378 1974; x_wconf 92' lang='grc'>1.</span> <span class='ocrx_word' id='word_1_146' title='bbox 1425 1931 1472 1973; x_wconf 92' lang='lat' dir='ltr'><strong>c.</strong></span> <span class='ocrx_word' id='word_1_147' title='bbox 1509 1934 1566 1989; x_wconf 92' lang='lat' dir='ltr'><strong>p.</strong></span> <span class='ocrx_word' id='word_1_148' title='bbox 1604 1903 1746 1994; x_wconf 88' lang='grc'>88),</span> <span class='ocrx_word' id='word_1_149' title='bbox 1803 1931 1956 1991; x_wconf 88' lang='lat' dir='ltr'><strong>quae</strong></span> <span class='ocrx_word' id='word_1_150' title='bbox 2012 1912 2366 1973; x_wconf 84' lang='lat' dir='ltr'><strong>coniectura</strong></span> 
     </span>
     <span class='ocr_line' id='line_1_19' title="bbox 330 2000 2365 2078; baseline 0 -17"><span class='ocrx_word' id='word_1_151' title='bbox 330 2021 400 2062; x_wconf 91' lang='lat' dir='ltr'><strong>eo</strong></span> <span class='ocrx_word' id='word_1_152' title='bbox 447 2002 789 2075; x_wconf 87' lang='lat' dir='ltr'><strong>adiuvatur,</strong></span> <span class='ocrx_word' id='word_1_153' title='bbox 837 2002 996 2078; x_wconf 90' lang='lat' dir='ltr'><strong>quod</strong></span> <span class='ocrx_word' id='word_1_154' title='bbox 1040 2000 1316 2061; x_wconf 90' lang='lat' dir='ltr'><strong>Atilicini</strong></span> <span class='ocrx_word' id='word_1_155' title='bbox 1361 2003 1693 2063; x_wconf 89' lang='lat' dir='ltr'><strong>sententiae</strong></span> <span class='ocrx_word' id='word_1_156' title='bbox 1738 2007 1867 2062; x_wconf 88' lang='lat' dir='ltr'><strong>tam</strong></span> <span class='ocrx_word' id='word_1_157' title='bbox 1911 2002 2081 2062; x_wconf 90' lang='lat' dir='ltr'><strong>libris</strong></span> <span class='ocrx_word' id='word_1_158' title='bbox 2128 2003 2206 2061; x_wconf 89' lang='lat' dir='ltr'><strong>ad</strong></span> <span class='ocrx_word' id='word_1_159' title='bbox 2255 2002 2365 2062; x_wconf 89' lang='lat' dir='ltr'><strong>Sa·</strong></span> 
     </span>
     <span class='ocr_line' id='line_1_20' title="bbox 328 2090 2368 2169; baseline 0 -20"><span class='ocrx_word' id='word_1_160' title='bbox 328 2091 536 2149; x_wconf 90' lang='lat' dir='ltr'><strong>binum</strong></span> <span class='ocrx_word' id='word_1_161' title='bbox 593 2093 654 2150; x_wconf 90' lang='lat' dir='ltr'><strong>et</strong></span> <span class='ocrx_word' id='word_1_162' title='bbox 709 2093 785 2149; x_wconf 89' lang='lat' dir='ltr'><strong>ad</strong></span> <span class='ocrx_word' id='word_1_163' title='bbox 838 2091 1034 2167; x_wconf 83' lang='lat' dir='ltr'><strong>legem</strong></span> <span class='ocrx_word' id='word_1_164' title='bbox 1089 2091 1309 2150; x_wconf 91' lang='lat' dir='ltr'><strong>Iuliam</strong></span> <span class='ocrx_word' id='word_1_165' title='bbox 1362 2090 1730 2169; x_wconf 86' lang='lat' dir='ltr'><strong>Papiamque</strong></span> <span class='ocrx_word' id='word_1_166' title='bbox 1784 2091 2126 2168; x_wconf 87' lang='lat' dir='ltr'><strong>Poppaeam</strong></span> <span class='ocrx_word' id='word_1_167' title='bbox 2182 2109 2368 2168; x_wconf 87' lang='lat' dir='ltr'><strong>quam</strong></span> 
     </span>
     <span class='ocr_line' id='line_1_21' title="bbox 331 2179 1119 2240; baseline -0.001 -2"><span class='ocrx_word' id='word_1_168' title='bbox 331 2180 407 2238; x_wconf 89' lang='lat' dir='ltr'><strong>ad</strong></span> <span class='ocrx_word' id='word_1_169' title='bbox 453 2179 713 2238; x_wconf 89' lang='lat' dir='ltr'><strong>edictum</strong></span> <span class='ocrx_word' id='word_1_170' title='bbox 757 2180 1119 2240; x_wconf 85' lang='lat' dir='ltr'><strong>referuntur.</strong></span> 
     </span>
    </p>

    <p class='ocr_par' dir='ltr' id='par_1_5' title="bbox 327 2267 2369 2774">
     <span class='ocr_line' id='line_1_22' title="bbox 507 2267 2369 2347; baseline 0.001 -20"><span class='ocrx_word' id='word_1_171' title='bbox 507 2268 579 2327; x_wconf 90' lang='lat' dir='ltr'><strong>In</strong></span> <span class='ocrx_word' id='word_1_172' title='bbox 650 2267 922 2327; x_wconf 87' lang='lat' dir='ltr'><strong>Atilicini</strong></span> <span class='ocrx_word' id='word_1_173' title='bbox 1004 2268 1360 2345; x_wconf 83' lang='lat' dir='ltr'><strong>fragmentis</strong></span> <span class='ocrx_word' id='word_1_174' title='bbox 1442 2288 1872 2347; x_wconf 88' lang='lat' dir='ltr'><strong>nonnunquam</strong></span> <span class='ocrx_word' id='word_1_175' title='bbox 1951 2268 2220 2343; x_wconf 88' lang='lat' dir='ltr'><strong>partium</strong></span> <span class='ocrx_word' id='word_1_176' title='bbox 2303 2271 2369 2328; x_wconf 89' lang='lat' dir='ltr'><strong>et</strong></span> 
     </span>
     <span class='ocr_line' id='line_1_23' title="bbox 333 2357 2366 2433; baseline 0.001 -18"><span class='ocrx_word' id='word_1_177' title='bbox 333 2357 685 2433; x_wconf 88' lang='lat' dir='ltr'><strong>fundorum,</strong></span> <span class='ocrx_word' id='word_1_178' title='bbox 737 2357 810 2416; x_wconf 90' lang='lat' dir='ltr'><strong>de</strong></span> <span class='ocrx_word' id='word_1_179' title='bbox 856 2357 1074 2433; x_wconf 89' lang='lat' dir='ltr'><strong>quibus</strong></span> <span class='ocrx_word' id='word_1_180' title='bbox 1124 2376 1318 2418; x_wconf 91' lang='lat' dir='ltr'><strong>sermo</strong></span> <span class='ocrx_word' id='word_1_181' title='bbox 1364 2361 1482 2433; x_wconf 84' lang='lat' dir='ltr'><strong>est,</strong></span> <span class='ocrx_word' id='word_1_182' title='bbox 1539 2377 1682 2417; x_wconf 84' lang='lat' dir='ltr'><strong>vera</strong></span> <span class='ocrx_word' id='word_1_183' title='bbox 1726 2358 1968 2416; x_wconf 88' lang='lat' dir='ltr'><strong>nomina</strong></span> <span class='ocrx_word' id='word_1_184' title='bbox 2013 2357 2366 2418; x_wconf 84' lang='lat' dir='ltr'><strong>afferuntur.</strong></span> 
     </span>
     <span class='ocr_line' id='line_1_24' title="bbox 328 2438 2366 2527; baseline 0 -23"><span class='ocrx_word' id='word_1_185' title='bbox 328 2445 655 2505; x_wconf 86' lang='lat' dir='ltr'><strong>laudantur</strong></span> <span class='ocrx_word' id='word_1_186' title='bbox 700 2446 859 2505; x_wconf 91' lang='lat' dir='ltr'><strong>enim</strong></span> <span class='ocrx_word' id='word_1_187' title='bbox 897 2440 1160 2506; x_wconf 73' lang='lat' dir='ltr'><strong>‘Gnaeus</strong></span> <span class='ocrx_word' id='word_1_188' title='bbox 1196 2440 1524 2507; x_wconf 88' lang='lat' dir='ltr'><strong>Domitius&#39;</strong></span> <span class='ocrx_word' id='word_1_189' title='bbox 1565 2440 1667 2527; x_wconf 91' lang='lat' dir='ltr'><strong>(D.</strong></span> <span class='ocrx_word' id='word_1_190' title='bbox 1700 2449 1802 2523; x_wconf 86' lang='lat'><strong>33,</strong></span> <span class='ocrx_word' id='word_1_191' title='bbox 1834 2448 1892 2526; x_wconf 90' lang='grc'><strong>8,</strong></span> <span class='ocrx_word' id='word_1_192' title='bbox 1924 2449 1981 2521; x_wconf 92' lang='grc'><strong>6,</strong></span> <span class='ocrx_word' id='word_1_193' title='bbox 2011 2438 2100 2526; x_wconf 87' lang='grc'><strong>4),</strong></span> <span class='ocrx_word' id='word_1_194' title='bbox 2138 2445 2366 2505; x_wconf 88' lang='lat' dir='ltr'><strong>fundus</strong></span> 
     </span>
     <span class='ocr_line' id='line_1_25' title="bbox 332 2534 2368 2613; baseline 0.001 -21"><span class='ocrx_word' id='word_1_195' title='bbox 332 2534 639 2611; x_wconf 87' lang='lat' dir='ltr'><strong>Sutrinus,</strong></span> <span class='ocrx_word' id='word_1_196' title='bbox 695 2553 768 2593; x_wconf 84' lang='lat' dir='ltr'><strong>ex</strong></span> <span class='ocrx_word' id='word_1_197' title='bbox 813 2535 981 2595; x_wconf 86' lang='lat' dir='ltr'><strong>cuius</strong></span> <span class='ocrx_word' id='word_1_198' title='bbox 1029 2536 1194 2595; x_wconf 89' lang='lat' dir='ltr'><strong>fonte</strong></span> <span class='ocrx_word' id='word_1_199' title='bbox 1240 2535 1421 2597; x_wconf 80' lang='lat' dir='ltr'><strong>vicini</strong></span> <span class='ocrx_word' id='word_1_200' title='bbox 1465 2554 1682 2613; x_wconf 88' lang='lat' dir='ltr'><strong>aquam</strong></span> <span class='ocrx_word' id='word_1_201' title='bbox 1729 2535 1944 2595; x_wconf 88' lang='lat' dir='ltr'><strong>ducere</strong></span> <span class='ocrx_word' id='word_1_202' title='bbox 1992 2534 2157 2595; x_wconf 91' lang='lat' dir='ltr'><strong>soliti</strong></span> <span class='ocrx_word' id='word_1_203' title='bbox 2203 2539 2368 2612; x_wconf 88' lang='lat' dir='ltr'><strong>sunt,</strong></span> 
     </span>
     <span class='ocr_line' id='line_1_26' title="bbox 330 2623 2368 2701; baseline 0 -18"><span class='ocrx_word' id='word_1_204' title='bbox 330 2627 391 2684; x_wconf 89' lang='lat' dir='ltr'><strong>et</strong></span> <span class='ocrx_word' id='word_1_205' title='bbox 449 2623 722 2685; x_wconf 85' lang='lat' dir='ltr'><strong>Caesaris</strong></span> <span class='ocrx_word' id='word_1_206' title='bbox 779 2624 1140 2701; x_wconf 85' lang='lat' dir='ltr'><strong>rescriptum</strong></span> <span class='ocrx_word' id='word_1_207' title='bbox 1205 2625 1282 2684; x_wconf 88' lang='lat' dir='ltr'><strong>ad</strong></span> <span class='ocrx_word' id='word_1_208' title='bbox 1342 2624 1650 2684; x_wconf 86' lang='lat' dir='ltr'><strong>Statilium</strong></span> <span class='ocrx_word' id='word_1_209' title='bbox 1716 2624 1986 2683; x_wconf 84' lang='lat' dir='ltr'><strong>Taurum</strong></span> <span class='ocrx_word' id='word_1_210' title='bbox 2043 2623 2115 2682; x_wconf 89' lang='lat' dir='ltr'><strong>de</strong></span> <span class='ocrx_word' id='word_1_211' title='bbox 2177 2623 2368 2684; x_wconf 87' lang='lat' dir='ltr'><strong>fontis</strong></span> 
     </span>
     <span class='ocr_line' id='line_1_27' title="bbox 327 2713 666 2774; baseline 0.009 -3"><span class='ocrx_word' id='word_1_212' title='bbox 327 2713 491 2774; x_wconf 87' lang='lat' dir='ltr'><strong>illius</strong></span> <span class='ocrx_word' id='word_1_213' title='bbox 535 2733 666 2774; x_wconf 90' lang='lat' dir='ltr'><strong>usu.</strong></span> 
     </span>
    </p>

    <p class='ocr_par' dir='ltr' id='par_1_6' title="bbox 330 2800 2367 2966">
     <span class='ocr_line' id='line_1_28' title="bbox 506 2800 2367 2880; baseline 0 -19"><span class='ocrx_word' id='word_1_214' title='bbox 506 2804 869 2880; x_wconf 86' lang='lat' dir='ltr'><strong>Fragmenta</strong></span> <span class='ocrx_word' id='word_1_215' title='bbox 932 2802 1260 2862; x_wconf 89' lang='lat' dir='ltr'><strong>secundum</strong></span> <span class='ocrx_word' id='word_1_216' title='bbox 1319 2821 1414 2861; x_wconf 90' lang='lat' dir='ltr'><strong>res</strong></span> <span class='ocrx_word' id='word_1_217' title='bbox 1479 2803 1771 2860; x_wconf 89' lang='lat' dir='ltr'><strong>tractatas</strong></span> <span class='ocrx_word' id='word_1_218' title='bbox 1835 2800 2127 2876; x_wconf 88' lang='lat' dir='ltr'><strong>disposita</strong></span> <span class='ocrx_word' id='word_1_219' title='bbox 2191 2800 2367 2861; x_wconf 82' lang='lat' dir='ltr'><strong>Sabi·</strong></span> 
     </span>
     <span class='ocr_line' id='line_1_29' title="bbox 330 2890 1863 2966; baseline -0.001 -17"><span class='ocrx_word' id='word_1_220' title='bbox 330 2891 577 2950; x_wconf 89' lang='lat' dir='ltr'><strong>nianum</strong></span> <span class='ocrx_word' id='word_1_221' title='bbox 620 2893 935 2966; x_wconf 89' lang='lat' dir='ltr'><strong>praecipue</strong></span> <span class='ocrx_word' id='word_1_222' title='bbox 982 2890 1247 2951; x_wconf 89' lang='lat' dir='ltr'><strong>ordinem</strong></span> <span class='ocrx_word' id='word_1_223' title='bbox 1295 2894 1534 2950; x_wconf 85' lang='lat' dir='ltr'><strong>secutus</strong></span> <span class='ocrx_word' id='word_1_224' title='bbox 1579 2909 1863 2965; x_wconf 84' lang='lat' dir='ltr'><strong>propono.</strong></span> 
     </span>
    </p>
   </div>
   <div class='ocr_carea' id='block_1_5' title="bbox 700 3060 1990 3148">
    <p class='ocr_par' dir='ltr' id='par_1_7' title="bbox 700 3060 1990 3148">
     <span class='ocr_line' id='line_1_30' title="bbox 700 3060 1990 3148; baseline -0.001 -20"><span class='ocrx_word' id='word_1_225' title='bbox 700 3060 802 3128; x_wconf 85' lang='lat' dir='ltr'><strong>De</strong></span> <span class='ocrx_word' id='word_1_226' title='bbox 846 3083 1011 3128; x_wconf 83' lang='lat' dir='ltr'><strong>servo</strong></span> <span class='ocrx_word' id='word_1_227' title='bbox 1042 3064 1306 3148; x_wconf 73' lang='lat' dir='ltr'><strong>proprio</strong></span> <span class='ocrx_word' id='word_1_228' title='bbox 1350 3061 1558 3127; x_wconf 75' lang='lat' dir='ltr'><strong>herede</strong></span> <span class='ocrx_word' id='word_1_229' title='bbox 1601 3062 1990 3127; x_wconf 78' lang='lat' dir='ltr'><strong>instituendo.</strong></span> 
     </span>
    </p>
   </div>
   <div class='ocr_carea' id='block_1_6' title="bbox 327 3185 2366 3609">
    <p class='ocr_par' dir='ltr' id='par_1_8' title="bbox 327 3185 2366 3609">
     <span class='ocr_line' id='line_1_31' title="bbox 511 3185 2364 3271; baseline -0.001 -20"><span class='ocrx_word' id='word_1_230' title='bbox 511 3188 566 3251; x_wconf 91' lang='lat'><strong>1.</strong></span> <span class='ocrx_word' id='word_1_231' title='bbox 614 3186 954 3271; x_wconf 79' lang='lat' dir='ltr'><strong>1.2,14pr.</strong></span> <span class='ocrx_word' id='word_1_232' title='bbox 990 3224 1080 3233; x_wconf 96' lang='lat'>—</span> <span class='ocrx_word' id='word_1_233' title='bbox 1116 3185 1404 3251; x_wconf 89' lang='lat' dir='ltr'><strong>Heredes</strong></span> <span class='ocrx_word' id='word_1_234' title='bbox 1451 3186 1791 3252; x_wconf 89' lang='lat' dir='ltr'><strong>instituere</strong></span> <span class='ocrx_word' id='word_1_235' title='bbox 1833 3187 2221 3270; x_wconf 83' lang='lat' dir='ltr'><strong>permissum</strong></span> <span class='ocrx_word' id='word_1_236' title='bbox 2259 3189 2364 3251; x_wconf 90' lang='lat' dir='ltr'><strong>est</strong></span> 
     </span>
     <span class='ocr_line' id='line_1_32' title="bbox 327 3274 2360 3360; baseline 0 -21"><span class='ocrx_word' id='word_1_237' title='bbox 327 3279 467 3339; x_wconf 87' lang='lat' dir='ltr'><strong>tam</strong></span> <span class='ocrx_word' id='word_1_238' title='bbox 512 3274 752 3340; x_wconf 91' lang='lat' dir='ltr'><strong>liberos</strong></span> <span class='ocrx_word' id='word_1_239' title='bbox 797 3275 1092 3340; x_wconf 89' lang='lat' dir='ltr'><strong>homines</strong></span> <span class='ocrx_word' id='word_1_240' title='bbox 1140 3297 1334 3360; x_wconf 88' lang='lat' dir='ltr'><strong>quam</strong></span> <span class='ocrx_word' id='word_1_241' title='bbox 1382 3296 1603 3340; x_wconf 87' lang='lat' dir='ltr'><strong>servos</strong></span> <span class='ocrx_word' id='word_1_242' title='bbox 1650 3281 1786 3340; x_wconf 87' lang='lat' dir='ltr'><strong>tam</strong></span> <span class='ocrx_word' id='word_1_243' title='bbox 1823 3276 2121 3359; x_wconf 92' lang='lat' dir='ltr'><strong>proprios</strong></span> <span class='ocrx_word' id='word_1_244' title='bbox 2161 3295 2360 3359; x_wconf 90' lang='lat' dir='ltr'><strong>quam</strong></span> 
     </span>
     <span class='ocr_line' id='line_1_33' title="bbox 329 3363 2361 3450; baseline 0 -22"><span class='ocrx_word' id='word_1_245' title='bbox 329 3363 595 3432; x_wconf 87' lang='lat' dir='ltr'><strong>alienos.</strong></span> <span class='ocrx_word' id='word_1_246' title='bbox 658 3364 956 3449; x_wconf 90' lang='lat' dir='ltr'><strong>proprios</strong></span> <span class='ocrx_word' id='word_1_247' title='bbox 986 3368 1198 3429; x_wconf 89' lang='lat' dir='ltr'><strong>autem</strong></span> <span class='ocrx_word' id='word_1_248' title='bbox 1228 3364 1385 3430; x_wconf 94' lang='lat' dir='ltr'><strong>olim</strong></span> <span class='ocrx_word' id='word_1_249' title='bbox 1415 3365 1672 3450; x_wconf 90' lang='lat' dir='ltr'><strong>quidem</strong></span> <span class='ocrx_word' id='word_1_250' title='bbox 1704 3364 2052 3429; x_wconf 88' lang='lat' dir='ltr'><strong>secundum</strong></span> <span class='ocrx_word' id='word_1_251' title='bbox 2070 3364 2361 3448; x_wconf 89' lang='lat' dir='ltr'><strong>plurium</strong></span> 
     </span>
     <span class='ocr_line' id='line_1_34' title="bbox 329 3451 2366 3538; baseline -0.001 -20"><span class='ocrx_word' id='word_1_252' title='bbox 329 3452 687 3519; x_wconf 89' lang='lat' dir='ltr'><strong>sententias</strong></span> <span class='ocrx_word' id='word_1_253' title='bbox 751 3476 882 3519; x_wconf 91' lang='lat' dir='ltr'><strong>non</strong></span> <span class='ocrx_word' id='word_1_254' title='bbox 948 3454 1136 3518; x_wconf 89' lang='lat' dir='ltr'><strong>aliter</strong></span> <span class='ocrx_word' id='word_1_255' title='bbox 1201 3476 1394 3538; x_wconf 88' lang='lat' dir='ltr'><strong>quam</strong></span> <span class='ocrx_word' id='word_1_256' title='bbox 1461 3476 1607 3519; x_wconf 92' lang='lat' dir='ltr'><strong>cum</strong></span> <span class='ocrx_word' id='word_1_257' title='bbox 1672 3452 1971 3519; x_wconf 84' lang='lat' dir='ltr'><strong>libertate</strong></span> <span class='ocrx_word' id='word_1_258' title='bbox 2037 3457 2208 3518; x_wconf 90' lang='lat' dir='ltr'><strong>recte</strong></span> <span class='ocrx_word' id='word_1_259' title='bbox 2266 3451 2366 3516; x_wconf 93' lang='lat' dir='ltr'><strong>in·</strong></span> 
     </span>
     <span class='ocr_line' id='line_1_35' title="bbox 329 3542 2366 3609; baseline -0.001 0"><span class='ocrx_word' id='word_1_260' title='bbox 329 3544 597 3609; x_wconf 88' lang='lat' dir='ltr'><strong>stituere</strong></span> <span class='ocrx_word' id='word_1_261' title='bbox 657 3543 909 3609; x_wconf 87' lang='lat' dir='ltr'><strong>licebat.</strong></span> <span class='ocrx_word' id='word_1_262' title='bbox 1011 3542 1204 3608; x_wconf 92' lang='lat' dir='ltr'><strong>hodie</strong></span> <span class='ocrx_word' id='word_1_263' title='bbox 1260 3565 1412 3607; x_wconf 87' lang='lat' dir='ltr'><strong>vero</strong></span> <span class='ocrx_word' id='word_1_264' title='bbox 1471 3543 1669 3607; x_wconf 91' lang='lat' dir='ltr'><strong>etiam</strong></span> <span class='ocrx_word' id='word_1_265' title='bbox 1725 3543 1865 3608; x_wconf 89' lang='lat' dir='ltr'><strong>sine</strong></span> <span class='ocrx_word' id='word_1_266' title='bbox 1920 3542 2226 3607; x_wconf 88' lang='lat' dir='ltr'><strong>libertate</strong></span> <span class='ocrx_word' id='word_1_267' title='bbox 2285 3563 2366 3606; x_wconf 86' lang='lat' dir='ltr'><strong>ex</strong></span> 
     </span>
    </p>
   </div>
  </div>
 </body>
</html>
