2575 3900
361 200 492 265 384
562 200 628 256 V.
665 198 966 256 NERVAE
1001 200 1096 255 ΕΤ
1134 200 1441 255 TRAIANI
1474 198 1687 255 ΤΕΜΡ.
1720 198 1914 255 IURIS
1952 197 2319 255 CONSULTI

357 365 564 451 tegris
612 364 914 429 omnibus
961 384 1277 429 consensu
1325 383 1564 447 eorum,
1610 364 1721 448 qui
1766 362 1938 428 inter
1981 384 2053 427 se
2094 362 2379 449 obligati

358 453 508 537 sint,
552 452 763 517 recedi
806 453 1036 538 possit,
1080 450 1348 517 dubium
1384 472 1515 517 non
1552 456 1671 517 est.
1751 450 2046 517 Aristoni
2081 452 2207 517 hoc
2244 475 2383 517 am-

355 541 531 629 plius
584 540 949 628 videbatur,
1004 542 1060 606 si
1113 562 1220 624 ea,
1275 561 1443 625 quae
1496 562 1599 605 me
1653 560 1731 605 ex
1775 544 1993 626 empto
2039 544 2379 625 praestare

355 630 482 695 tibi
528 634 880 715 oporteret,
935 629 1413 715 praestitissem
1460 634 1527 694 et
1571 650 1718 695 cum
1763 632 1836 695 tu
1883 628 2047 694 mihi
2090 630 2379 713 pretium

359 719 655 803 deberes,
710 720 1116 785 convenisset
1171 717 1335 782 mihi
1378 721 1611 801 tecum,
1655 721 1730 783 ut
1773 738 1996 783 rursus
2042 720 2379 803 praestitis

358 808 521 872 mihi
567 830 608 873 a
650 810 715 872 te
762 807 832 873 in
876 829 947 874 re
992 806 1258 872 vendita
1303 806 1624 890 omnibus,
1671 827 1835 891 quae
1881 827 2001 893 ego
2038 806 2164 872 tibi
2199 829 2379 893 prae-

359 896 688 979 stitissem,
731 895 1014 980 pretinm
1059 895 1221 959 mihi
1256 916 1391 961 non
1425 894 1612 961 dares
1648 898 1845 981 tuque
1884 895 2047 959 mihi
2083 916 2161 960 ea
2198 918 2379 981 prae-

359 984 666 1071 stitisseS‚
709 984 992 1069 pretium
1037 987 1104 1050 te
1148 984 1379 1049 debere
1417 984 1728 1067 desinere,
1772 983 1925 1069 quia
1961 984 2173 1049 bonae
2208 985 2379 1068 fidei,

356 1074 436 1138 ad
492 1095 688 1158 quam
743 1073 961 1139 omnia
1015 1072 1177 1139 haec
1231 1072 1637 1157 rediguntur,
1701 1074 2154 1157 interpretatio
2209 1074 2377 1140 hanc

359 1183 609 1247 quoque
646 1162 1142 1227 conventionem
1179 1161 1483 1227 admittit.
1551 1183 1669 1227 nec
1707 1160 2052 1247 quicquam
2084 1162 2377 1248 interest,

355 1255 576 1317 utrum
639 1250 913 1336 integris
977 1250 1307 1333 omnibus,
1369 1250 1440 1315 in
1500 1272 1663 1332 quae
1726 1250 2005 1335 obligati
2068 1271 2377 1336 essemus,

356 1340 749 1423 conveniret,
792 1343 868 1405 ut
911 1339 993 1405 ab
1043 1361 1119 1405 eo
1163 1340 1429 1425 negotio
1475 1338 1922 1422 discederetur,
1968 1361 2055 1404 an
2098 1339 2171 1405 in
2212 1340 2375 1405 inte·

357 1448 546 1513 grum
589 1428 910 1495 restitutis
954 1426 1088 1511 his,
1139 1449 1303 1512 quae
1350 1447 1472 1512 ego
1518 1427 1643 1491 tibi
1687 1428 2181 1514 praestitissem,
2226 1451 2375 1496 con-

357 1518 770 1600 sentiremus,
814 1539 895 1582 ne
942 1516 1094 1601 quid
1139 1521 1212 1581 tu
1257 1515 1419 1580 mihi
1464 1537 1540 1581 eo
1586 1516 1845 1581 nomine
1890 1521 2278 1601 praestares.

532 1611 604 1672 cf.
642 1612 716 1673 D.
747 1614 806 1689 2,
838 1614 938 1685 14,
970 1613 1027 1688 7,
1059 1613 1115 1671 6.
1189 1609 1482 1685 Ulpianus
1527 1609 1680 1670 libro
1722 1613 1939 1685 quarto
1978 1610 2056 1669 ad
2090 1612 2371 1689 edictum,

356 1694 471 1760 ‘wo
523 1703 678 1759 trotz
724 1700 905 1759 allem
949 1698 1103 1759 doch
1153 1698 1313 1758 wohl
1356 1698 1729 1773 exceptiones
1774 1698 2233 1760 beizubehalten
2277 1700 2376 1776 ist,

355 1788 662 1850 vielleicht
706 1789 858 1848 nach
905 1780 1153 1848 Aristo'.
1243 1786 1491 1847 Pernice
1536 1779 1627 1846 H8
1670 1808 1726 1863 p.
1760 1789 1883 1848 187
1932 1806 1990 1847 n.
2022 1789 2080 1848 3.

533 1890 638 1955 32.
696 1889 774 1955 D.
818 1889 919 1975 18,
957 1889 1017 1975 5,
1051 1890 1108 1956 1.
1195 1887 1591 1972 Pomponius
1637 1888 1803 1955 libro
1851 1889 2079 1974 quinto
2128 1888 2374 1956 decimo

356 1980 436 2044 ad
509 1975 826 2043 Sabinum
901 1977 1003 2062 (P.
1041 1975 1248 2062 61510).
1319 2014 1393 2024 —
1462 2025 1479 2042 .
1519 2029 1531 2043 .
1573 2027 1587 2042 .
1651 1975 1873 2044 Aristo
1948 1977 2112 2043 dixit
2183 2001 2376 2064 posse

355 2068 472 2152 (sc.
505 2068 830 2151 emptione
866 2067 1240 2133 venditione
1278 2063 1642 2153 contracta)
1668 2068 1765 2131 ita
1800 2064 2059 2151 pacisci,
2094 2071 2170 2133 ut
2208 2090 2374 2133 unus

354 2159 613 2221 maneat
659 2155 987 2242 obligatus
1017 2207 1031 2222 .
1061 2205 1077 2220 .
1104 2205 1119 2222 .

529 2249 844 2326 Pomponii
894 2251 1072 2326 plena
1125 2249 1309 2311 verba
1363 2251 1529 2309 sunt:
1584 2242 1769 2326 ‘quod
1821 2249 2025 2309 Aristo
2067 2295 2080 2308 .
2118 2294 2134 2310 .
2176 2251 2372 2309 .obli-

354 2343 558 2419 gatus,
614 2357 733 2398 non
779 2341 873 2399 est
916 2357 1148 2412 verum,
1197 2337 1339 2415 quia
1368 2383 1382 2398 .
1413 2384 1426 2396 .
1455 2331 1493 2398 .'

1148 2491 1249 2558 De
1289 2492 1579 2558 societate.

532 2602 636 2668 33.
681 2600 896 2686 D.·17‚
924 2601 985 2681 2,
1013 2598 1118 2684 29,
1144 2600 1204 2664 2.
1285 2595 1603 2684 Ulpianus
1649 2597 1816 2664 libro
1862 2596 2249 2684 trigensimo
2292 2600 2375 2664 ad

357 2687 666 2756 Sabinum
714 2688 811 2773 (P.
851 2685 1074 2772 2742).
1128 2723 1204 2734 —
1253 2686 1473 2752 Aristo
1524 2686 1725 2752 refert
1770 2684 2063 2752 Cassium
2107 2708 2375 2774 respon-

356 2777 526 2843 disse
564 2778 938 2844 societatem
973 2776 1173 2841 talem
1211 2775 1372 2841 coiri
1405 2796 1539 2840 non
1572 2796 1783 2860 posse,
1820 2779 1893 2838 ut
1926 2775 2091 2840 alter
2118 2775 2374 2842 lucrum

355 2863 623 2950 totum¹,
686 2864 851 2930 alter
914 2865 1220 2929 damnum
1283 2865 1579 2943 sentiret,
1646 2867 1712 2929 et
1764 2861 1932 2928 hanc
1989 2864 2373 2930 societatem

355 2951 682 3017 leoninam
728 2952 996 3017 solitum
1042 2951 1387 3036 appellare.

1082 3127 1176 3194 De
1218 3129 1358 3193 iure
1400 3127 1645 3195 dotium.

533 3232 637 3297 34.
688 3233 766 3297 D.
804 3233 910 3314 23,
947 3233 1008 3316 3,
1045 3234 1147 3300 20.
1236 3231 1476 3299 Paulus
1521 3234 1691 3299 libro
1738 3235 2010 3317 septimo
2058 3235 2140 3301 ad
2187 3233 2372 3302 Sabi-

354 3340 512 3384 num
555 3317 654 3405 (P.
687 3316 903 3406 1756).
947 3357 1035 3367 —
1079 3320 1371 3387 Iulianus
1408 3321 1638 3387 scribit
1673 3324 1888 3388 valere
1924 3324 2127 3390 talem
2165 3327 2372 3410 stipu-

354 3407 666 3473 lationem
704 3406 874 3473 ‘cum
920 3410 1230 3493 morieris,
1274 3409 1449 3473 dotis
1494 3411 1759 3476 nomine
1795 3415 1898 3477 tot
1934 3412 2143 3478 dari'?
2215 3415 2379 3499 quia

500 3568 528 3615 1
569 3563 663 3619 ΓΖ.
701 3565 939 3619 tantum.
