2575 3900
340 181 465 245 116
497 181 592 237 111.
614 179 765 235 GAII
786 178 1074 235 CLAUDII
1093 177 1363 233 NERON.
1385 177 1670 233 GALBAE
1691 176 1903 232 TEMP.
1922 176 2116 233 IURIS
2137 177 2341 233 CONS.

516 346 809 423 Responsi
894 347 1047 405 hanc
1124 347 1356 422 partem
1431 345 1510 404 ad
1579 346 1780 424 legata
1849 345 2147 420 pertinere
2237 346 2354 404 etsi

340 439 541 514 potest
594 436 890 508 dubitari,
962 438 1164 494 tamen
1216 433 1542 493 verisimile
1609 436 1718 494 eet.
1809 434 1884 494 cf.
1931 431 1994 494 G.
2043 437 2100 510 6,
2143 435 2245 512 38,
2293 437 2350 494 4.

337 525 505 585 Idem
554 517 663 606 (sc.
698 524 849 599 Imp.
884 515 1283 603 Iustinianus)
1329 521 1402 580 A.
1439 522 1698 582 Johanni
1743 541 1841 598 pp.
1914 521 2062 581 Cum
2109 522 2352 600 quidam

338 613 423 673 sic
472 614 570 673 vel
615 612 1053 672 institutionem
1098 612 1199 673 vel
1242 611 1513 688 legatum
1556 611 1656 670 vel
1698 610 2218 671 fideicommissum
2254 611 2354 671 vel

336 702 681 761 libertatem
724 702 823 761 vel
866 701 1121 760 tutelam
1158 698 1519 775 scripsisset:
1567 693 1691 758 ‘ille
1727 700 1826 759 vel
1861 699 1966 758 ille
2001 699 2170 759 heres
2207 699 2354 758 mibi

340 783 493 850 esto'
544 791 642 850 vel
688 783 806 848 ‘illi
849 793 956 848 aut
998 787 1091 847 illi
1138 789 1211 848 do
1257 781 1419 865 lego'
1464 787 1563 847 vel
1608 781 1763 847 ‘dari
1807 780 1965 847 volo'
2015 789 2113 848 vel
2157 782 2352 847 ‘illum

342 880 449 938 aut
504 878 677 937 illum
734 871 1015 937 liberum'
1073 877 1173 937 vel
1226 869 1513 935 ‘tutorem
1567 894 1697 936 esse
1749 869 1910 936 volo'
1964 876 2062 936 vel
2116 870 2354 952 ‘iubeo',

342 966 758 1044 dubitabatur,
812 969 1090 1025 utrumne
1145 964 1380 1024 inutilis
1434 965 1520 1024 sit
1559 964 1900 1024 huiusmodi
1944 964 2246 1024 institutio
2293 971 2355 1025 et

341 1056 609 1132 legatum
672 1056 734 1114 et
790 1053 1311 1114 fideicommissum
1365 1054 1426 1112 et
1479 1053 1728 1112 libertas
1782 1054 1843 1112 et
1896 1053 2118 1114 tutoris
2173 1053 2355 1130 datm,

342 1163 419 1202 an
466 1143 809 1219 occupantis
854 1142 1065 1202 melior
1110 1141 1378 1202 condicio
1425 1140 1523 1220 sit,
1569 1159 1648 1200 an
1693 1141 1866 1200 ambo
1911 1141 1976 1200 in
2012 1142 2356 1201 huiusmodi

340 1232 509 1290 lucra
542 1232 640 1291 vel
677 1231 885 1290 munia
917 1234 1207 1291 vocentur
1245 1233 1308 1289 et
1343 1249 1419 1288 an
1447 1230 1772 1289 secundum
1799 1230 2060 1307 aliquem
2091 1230 2358 1291 ordinem

343 1319 757 1397 admittantur,
804 1339 881 1379 an
924 1323 1180 1396 uterque
1226 1319 1386 1378 omni
1433 1318 1626 1394 modo,
1673 1336 1807 1378 cum
1848 1318 1950 1377 alii
1987 1319 2246 1395 primum
2292 1318 2356 1377 in

340 1407 820 1468 institutionibus
875 1408 1045 1484 quasi
1095 1407 1445 1466 institutum
1491 1405 1754 1482 admitti,
1811 1407 2134 1466 secundum
2181 1409 2354 1484 quasi

342 1496 766 1570 substitutum,
812 1497 917 1555 alii
962 1495 1026 1554 in
1070 1494 1542 1555 fideicommissis
1588 1495 1977 1571 posteriorem
2023 1495 2215 1555 solum
2261 1514 2356 1556 ac-

345 1589 659 1660 cepturum
702 1583 1221 1645 fideicommissum
1260 1582 1772 1660 existimaverunt,
1817 1583 1989 1660 quasi
2025 1583 2357 1644 recentiore

341 1672 652 1734 voluntate
698 1673 1010 1734 testatoris
1055 1675 1344 1732 utentem.

1062 1861 1162 1927 De
1203 1861 1638 1926 communione.

524 1986 584 2051 6.
659 1984 736 2051 D.
775 1985 834 2068 8,
871 1986 933 2067 2,
976 1986 1057 2050 13
1078 2008 1172 2069 pr.
1228 1988 1266 2065 ἓ
1309 1986 1367 2050 1.
1471 1985 1779 2051 Proculus
1843 1986 2012 2051 libro
2078 1986 2354 2052 secundo

344 2074 813 2160 Epistularum.

531 2195 579 2246 1.
619 2179 893 2256 Quidam
925 2178 1211 2243 Hiberus
1248 2179 1529 2263 nomine,
1567 2179 1678 2264 qui
1713 2179 1913 2245 habet
1948 2183 2096 2263 post
2131 2180 2363 2245 horrea

350 2290 495 2334 mea
540 2266 836 2351 insulam,
882 2268 1215 2332 balnearia
1258 2267 1416 2333 fecit
1457 2267 1801 2333 secundum
1840 2268 2151 2352 parietem
2189 2291 2360 2334 com-

351 2377 625 2422 munem.
709 2378 841 2420 non
887 2356 1038 2421 licet
1083 2360 1298 2420 autem
1343 2356 1605 2421 tubulos
1652 2356 1888 2421 habere
1936 2357 2230 2422 admotos
2277 2358 2358 2422 ad

348 2445 658 2530 parietem
706 2465 1127 2528 communem,
1173 2445 1363 2509 sicuti
1399 2466 1479 2510 ne
1516 2445 1828 2529 parietem
1868 2446 2126 2529 quidem
2170 2468 2359 2511 suum

346 2555 463 2618 per
507 2533 815 2617 parietem
864 2554 1280 2599 communem.
1373 2533 1448 2599 de
1498 2534 1741 2598 tubulis
1788 2555 1861 2598 eo
1909 2533 2191 2618 amplius
2234 2535 2360 2600 hoc

347 2622 505 2688 iuris
544 2626 658 2707 est,
695 2622 865 2707 quod
901 2644 1014 2707 per
1053 2642 1163 2687 eos
1200 2622 1462 2687 flamma
1498 2625 1782 2686 torretur
1817 2622 2043 2705 paries.
2116 2644 2244 2709 qua
2284 2624 2361 2689 de

348 2734 417 2776 re
464 2712 613 2776 volo
662 2733 805 2776 cum
849 2710 1095 2776 Hibero
1142 2710 1447 2796 loquari8‚
1491 2732 1571 2775 ne
1619 2732 1753 2775 rem
1797 2710 2092 2775 illicitam
2137 2711 2355 2777 faciat.

525 2799 831 2864 Proculus
859 2798 1216 2883 respondit:
1252 2820 1360 2865 nee
1385 2800 1690 2865 Hiberum
1713 2819 1835 2881 pro
1871 2820 2045 2864 eare
2080 2800 2363 2866 dubitare

339 2892 520 2971 pute,
573 2888 735 2969 quod
784 2906 912 2951 rem
964 2907 1090 2952 non
1128 2890 1503 2970 permissam
1548 2888 1705 2969 facit
1749 2888 1986 2953 tubulos
2029 2890 2361 2954 secundum

351 2995 725 3041 communem
756 2976 1060 3056 parietem
1104 2977 1449 3041 extruendo.

530 3091 578 3139 2.
642 3079 954 3145 Parietem
1014 3101 1389 3147 communem
1451 3083 1792 3149 incrustare
1851 3083 1985 3149 licet
2036 3085 2368 3149 secundum

354 3169 673 3251 Capitonis
688 3170 1066 3248 sententiam,
1094 3171 1251 3235 sicut
1267 3170 1402 3235 licet
1418 3171 1574 3236 mihi
1586 3172 2070 3255 pretiosissimas
2083 3173 2370 3255 picturas

352 3258 571 3323 habere
603 3259 675 3322 in
708 3262 944 3340 pariete
987 3261 1312 3323 communi.
1389 3266 1648 3325 ceterum
1691 3260 1751 3325 si
1794 3261 2115 3326 demolitus
2156 3262 2241 3327 sit
2282 3264 2369 3327 vi-

356 3348 530 3411 cinus
582 3350 639 3411 et
686 3367 759 3410 ex
802 3348 1099 3429 stipulata
1141 3350 1376 3413 actione
1420 3350 1639 3414 damni
1681 3347 1893 3431 infecti
1936 3355 2186 3432 afflatur,
2240 3371 2366 3416 non

341 3436 554 3518 pluris
615 3456 803 3518 quam
863 3436 1148 3518 vulyaria
1211 3439 1462 3502 tectoria
1523 3438 1842 3503 aestimari
1903 3438 2134 3523 debent,
2207 3442 2373 3522 quod

356 3524 664 3590 observari
707 3529 765 3589 et
804 3525 873 3590 in
917 3527 1355 3591 incrustatione
1400 3530 1642 3607 oportet.
