<?xml version="1.0" encoding="UTF-8"?>
<!DOCTYPE html PUBLIC "-//W3C//DTD XHTML 1.0 Transitional//EN"
    "http://www.w3.org/TR/xhtml1/DTD/xhtml1-transitional.dtd">
<html xmlns="http://www.w3.org/1999/xhtml" xml:lang="en" lang="en">
 <head>
  <title>
</title>
<meta http-equiv="Content-Type" content="text/html;charset=utf-8" />
  <meta name='ocr-system' content='tesseract 3.04.00' />
  <meta name='ocr-capabilities' content='ocr_page ocr_carea ocr_par ocr_line ocrx_word'/>
</head>
<body>
  <div class='ocr_page' id='page_1' title='image "./iurisprudentiae00unkngoog_0530.png"; bbox 0 0 2575 3900; ppageno 0'>
   <div class='ocr_carea' id='block_1_1' title="bbox 362 139 2389 207">
    <p class='ocr_par' dir='ltr' id='par_1_1' title="bbox 362 139 2389 207">
     <span class='ocr_line' id='line_1_1' title="bbox 362 139 2389 207; baseline -0.002 -8"><span class='ocrx_word' id='word_1_1' title='bbox 362 143 500 207; x_wconf 82' lang='lat'><strong><em>472</em></strong></span> <span class='ocrx_word' id='word_1_2' title='bbox 571 141 639 198; x_wconf 88' lang='lat' dir='ltr'><strong><em>V.</em></strong></span> <span class='ocrx_word' id='word_1_3' title='bbox 675 139 974 196; x_wconf 79' lang='lat' dir='ltr'><strong>NERVAE</strong></span> <span class='ocrx_word' id='word_1_4' title='bbox 1011 141 1104 194; x_wconf 88' lang='lat' dir='ltr'><strong><em>ET</em></strong></span> <span class='ocrx_word' id='word_1_5' title='bbox 1143 139 1452 194; x_wconf 81' lang='lat' dir='ltr'>TRAIANI</span> <span class='ocrx_word' id='word_1_6' title='bbox 1488 139 1702 198; x_wconf 87' lang='grc' dir='ltr'><strong>ΤΕΜΡ.</strong></span> <span class='ocrx_word' id='word_1_7' title='bbox 1736 140 1928 196; x_wconf 84' lang='lat' dir='ltr'>IURIS</span> <span class='ocrx_word' id='word_1_8' title='bbox 1968 139 2389 198; x_wconf 80' lang='lat' dir='ltr'>CONSULTI</span> 
     </span>
    </p>
   </div>
   <div class='ocr_carea' id='block_1_2' title="bbox 271 303 2458 2605">
    <p class='ocr_par' dir='ltr' id='par_1_2' title="bbox 363 303 2458 473">
     <span class='ocr_line' id='line_1_2' title="bbox 365 303 2458 388; baseline -0.001 -17"><span class='ocrx_word' id='word_1_9' title='bbox 365 308 507 371; x_wconf 82' lang='lat' dir='ltr'><strong><em>iure</em></strong></span> <span class='ocrx_word' id='word_1_10' title='bbox 568 305 866 370; x_wconf 72' lang='lat' dir='ltr'><strong><em>sextantis</em></strong></span> <span class='ocrx_word' id='word_1_11' title='bbox 922 303 1269 388; x_wconf 74' lang='lat' dir='ltr'><strong><em>exstitisset,</em></strong></span> <span class='ocrx_word' id='word_1_12' title='bbox 1340 323 1593 385; x_wconf 78' lang='lat' dir='ltr'><strong><em>quaero,</em></strong></span> <span class='ocrx_word' id='word_1_13' title='bbox 1654 323 1741 368; x_wconf 88' lang='lat' dir='ltr'><strong><em>an</em></strong></span> <span class='ocrx_word' id='word_1_14' title='bbox 1815 324 2065 368; x_wconf 87' lang='lat' dir='ltr'><strong><em>eernere</em></strong></span> <span class='ocrx_word' id='word_1_15' title='bbox 2080 303 2103 339; x_wconf 87' lang='lat'>¹</span> <span class='ocrx_word' id='word_1_16' title='bbox 2168 325 2458 372; x_wconf 82' lang='lat' dir='ltr'><strong><em>necesse</em></strong></span> 
     </span>
     <span class='ocr_line' id='line_1_3' title="bbox 363 394 1596 473; baseline -0.003 -13"><span class='ocrx_word' id='word_1_17' title='bbox 363 395 681 473; x_wconf 84' lang='lat' dir='ltr'><strong><em>habueris,</em></strong></span> <span class='ocrx_word' id='word_1_18' title='bbox 724 413 801 456; x_wconf 89' lang='lat' dir='ltr'><strong><em>ne</em></strong></span> <span class='ocrx_word' id='word_1_19' title='bbox 843 397 1092 457; x_wconf 79' lang='lat' dir='ltr'><strong><em>sextans</em></strong></span> <span class='ocrx_word' id='word_1_20' title='bbox 1138 396 1280 456; x_wconf 87' lang='lat' dir='ltr'><strong><em>tuus</em></strong></span> <span class='ocrx_word' id='word_1_21' title='bbox 1324 394 1596 458; x_wconf 87' lang='lat' dir='ltr'><strong><em>intereat.</em></strong></span> 
     </span>
    </p>

    <p class='ocr_par' dir='ltr' id='par_1_3' title="bbox 355 480 2449 830">
     <span class='ocr_line' id='line_1_4' title="bbox 547 480 2449 564; baseline 0.001 -18"><span class='ocrx_word' id='word_1_22' title='bbox 547 481 916 563; x_wconf 76' lang='lat' dir='ltr'><strong><em>Respondit:</em></strong></span> <span class='ocrx_word' id='word_1_23' title='bbox 987 480 1150 545; x_wconf 80' lang='lat' dir='ltr'><strong><em>nihil</em></strong></span> <span class='ocrx_word' id='word_1_24' title='bbox 1214 482 1485 564; x_wconf 88' lang='lat' dir='ltr'><strong><em>interest,</em></strong></span> <span class='ocrx_word' id='word_1_25' title='bbox 1556 485 1769 546; x_wconf 87' lang='lat' dir='ltr'><strong><em>utrum</em></strong></span> <span class='ocrx_word' id='word_1_26' title='bbox 1830 502 1905 546; x_wconf 74' lang='lat' dir='ltr'><strong><em>ecc</em></strong></span> <span class='ocrx_word' id='word_1_27' title='bbox 1964 481 2449 548; x_wconf 74' lang='lat' dir='ltr'><strong><em>substitutione</em></strong></span> 
     </span>
     <span class='ocr_line' id='line_1_5' title="bbox 355 567 2441 656; baseline 0 -20"><span class='ocrx_word' id='word_1_28' title='bbox 355 573 550 656; x_wconf 87' lang='lat' dir='ltr'><strong><em>prius</em></strong></span> <span class='ocrx_word' id='word_1_29' title='bbox 594 567 934 635; x_wconf 77' lang='lat' dir='ltr'><strong><em>ereverim²</em></strong></span> <span class='ocrx_word' id='word_1_30' title='bbox 979 591 1066 634; x_wconf 86' lang='lat' dir='ltr'><strong><em>an</em></strong></span> <span class='ocrx_word' id='word_1_31' title='bbox 1109 589 1184 634; x_wconf 75' lang='lat' dir='ltr'><strong><em>ex</em></strong></span> <span class='ocrx_word' id='word_1_32' title='bbox 1221 571 1435 651; x_wconf 87' lang='lat' dir='ltr'><strong><em>prima</em></strong></span> <span class='ocrx_word' id='word_1_33' title='bbox 1481 571 1877 649; x_wconf 86' lang='lat' dir='ltr'><strong><em>institutione,</em></strong></span> <span class='ocrx_word' id='word_1_34' title='bbox 1922 575 2060 635; x_wconf 77' lang='lat' dir='ltr'><strong><em>tum</em></strong></span> <span class='ocrx_word' id='word_1_35' title='bbox 2108 571 2190 636; x_wconf 83' lang='lat' dir='ltr'><strong><em>ab</em></strong></span> <span class='ocrx_word' id='word_1_36' title='bbox 2233 577 2441 637; x_wconf 81' lang='lat' dir='ltr'><strong><em>utra·</em></strong></span> 
     </span>
     <span class='ocr_line' id='line_1_6' title="bbox 366 655 2439 743; baseline 0 -20"><span class='ocrx_word' id='word_1_37' title='bbox 366 680 484 743; x_wconf 77' lang='lat' dir='ltr'><strong><em>que</em></strong></span> <span class='ocrx_word' id='word_1_38' title='bbox 527 679 715 724; x_wconf 83' lang='lat' dir='ltr'><strong><em>causa</em></strong></span> <span class='ocrx_word' id='word_1_39' title='bbox 758 680 892 724; x_wconf 88' lang='lat' dir='ltr'><strong><em>una</em></strong></span> <span class='ocrx_word' id='word_1_40' title='bbox 937 655 1164 722; x_wconf 76' lang='lat' dir='ltr'><strong><em>cretio⁸</em></strong></span> <span class='ocrx_word' id='word_1_41' title='bbox 1207 658 1497 742; x_wconf 77' lang='lat' dir='ltr'><strong><em>sufficiat.</em></strong></span> <span class='ocrx_word' id='word_1_42' title='bbox 1560 664 1807 724; x_wconf 76' lang='lat' dir='ltr'><strong><em>sextans</em></strong></span> <span class='ocrx_word' id='word_1_43' title='bbox 1851 661 2079 743; x_wconf 81' lang='lat' dir='ltr'><strong><em>itaque,</em></strong></span> <span class='ocrx_word' id='word_1_44' title='bbox 2127 662 2256 741; x_wconf 77' lang='lat' dir='ltr'><strong><em>qui</em></strong></span> <span class='ocrx_word' id='word_1_45' title='bbox 2308 661 2439 726; x_wconf 85' lang='lat' dir='ltr'><strong><em>sub</em></strong></span> 
     </span>
     <span class='ocr_line' id='line_1_7' title="bbox 363 746 2123 830; baseline -0.001 -17"><span class='ocrx_word' id='word_1_46' title='bbox 363 748 717 814; x_wconf 85' lang='lat' dir='ltr'><strong><em>condicione</em></strong></span> <span class='ocrx_word' id='word_1_47' title='bbox 758 749 942 812; x_wconf 85' lang='lat' dir='ltr'><strong><em>datus</em></strong></span> <span class='ocrx_word' id='word_1_48' title='bbox 985 746 1141 811; x_wconf 92' lang='lat' dir='ltr'><strong><em>mihi</em></strong></span> <span class='ocrx_word' id='word_1_49' title='bbox 1183 752 1298 825; x_wconf 90' lang='lat' dir='ltr'><strong><em>est,</em></strong></span> <span class='ocrx_word' id='word_1_50' title='bbox 1342 749 1431 812; x_wconf 90' lang='lat' dir='ltr'><strong><em>ad</em></strong></span> <span class='ocrx_word' id='word_1_51' title='bbox 1470 767 1565 811; x_wconf 89' lang='lat' dir='ltr'><strong><em>me</em></strong></span> <span class='ocrx_word' id='word_1_52' title='bbox 1607 749 1806 812; x_wconf 88' lang='lat' dir='ltr'><strong><em>solum</em></strong></span> <span class='ocrx_word' id='word_1_53' title='bbox 1838 749 2123 830; x_wconf 76' lang='lat' dir='ltr'><strong><em>pertinet.</em></strong></span> 
     </span>
    </p>

    <p class='ocr_par' dir='ltr' id='par_1_4' title="bbox 360 836 2430 1168">
     <span class='ocr_line' id='line_1_8' title="bbox 544 836 2430 919; baseline 0.003 -22"><span class='ocrx_word' id='word_1_54' title='bbox 544 847 594 897; x_wconf 78' lang='lat'><strong><em>2.</em></strong></span> <span class='ocrx_word' id='word_1_55' title='bbox 639 836 801 900; x_wconf 87' lang='lat' dir='ltr'><strong><em>Item</em></strong></span> <span class='ocrx_word' id='word_1_56' title='bbox 871 838 930 901; x_wconf 93' lang='lat' dir='ltr'><strong><em>si</em></strong></span> <span class='ocrx_word' id='word_1_57' title='bbox 1001 842 1068 900; x_wconf 89' lang='lat' dir='ltr'><strong><em>tu</em></strong></span> <span class='ocrx_word' id='word_1_58' title='bbox 1139 837 1460 914; x_wconf 82' lang='lat' dir='ltr'><strong><em>sextantis,</em></strong></span> <span class='ocrx_word' id='word_1_59' title='bbox 1536 855 1611 900; x_wconf 75' lang='lat' dir='ltr'><strong><em>ex</em></strong></span> <span class='ocrx_word' id='word_1_60' title='bbox 1681 857 1797 919; x_wconf 80' lang='lat' dir='ltr'><strong><em>quo</em></strong></span> <span class='ocrx_word' id='word_1_61' title='bbox 1858 838 2182 902; x_wconf 87' lang='lat' dir='ltr'><strong><em>institutus</em></strong></span> <span class='ocrx_word' id='word_1_62' title='bbox 2248 857 2430 903; x_wconf 79' lang='lat' dir='ltr'><strong><em>esses</em></strong></span> 
     </span>
     <span class='ocr_line' id='line_1_9' title="bbox 362 923 2427 1010; baseline 0 -20"><span class='ocrx_word' id='word_1_63' title='bbox 362 925 560 1007; x_wconf 89' lang='lat' dir='ltr'><strong><em>heres,</em></strong></span> <span class='ocrx_word' id='word_1_64' title='bbox 624 926 902 990; x_wconf 88' lang='lat' dir='ltr'><strong><em>omiseris</em></strong></span> <span class='ocrx_word' id='word_1_65' title='bbox 965 926 1295 990; x_wconf 85' lang='lat' dir='ltr'><strong><em>cretionem</em></strong></span> <span class='ocrx_word' id='word_1_66' title='bbox 1304 923 1350 1010; x_wconf 77' lang='lat'><strong><em>4,</em></strong></span> <span class='ocrx_word' id='word_1_67' title='bbox 1411 926 1717 1007; x_wconf 81' lang='lat' dir='ltr'><strong><em>numquid</em></strong></span> <span class='ocrx_word' id='word_1_68' title='bbox 1774 926 2046 1008; x_wconf 84' lang='lat' dir='ltr'><strong><em>dubitas,</em></strong></span> <span class='ocrx_word' id='word_1_69' title='bbox 2108 927 2281 1008; x_wconf 76' lang='lat' dir='ltr'><strong><em>quin</em></strong></span> <span class='ocrx_word' id='word_1_70' title='bbox 2346 947 2427 992; x_wconf 78' lang='lat' dir='ltr'><strong><em>ea:</em></strong></span> 
     </span>
     <span class='ocr_line' id='line_1_10' title="bbox 360 1011 2423 1096; baseline 0 -16"><span class='ocrx_word' id='word_1_71' title='bbox 360 1013 788 1080; x_wconf 80' lang='lat' dir='ltr'><strong><em>substitutione</em></strong></span> <span class='ocrx_word' id='word_1_72' title='bbox 832 1011 1174 1078; x_wconf 85' lang='lat' dir='ltr'><strong><em>cernendo⁵</em></strong></span> <span class='ocrx_word' id='word_1_73' title='bbox 1225 1013 1515 1078; x_wconf 83' lang='lat' dir='ltr'><strong><em>Titianae</em></strong></span> <span class='ocrx_word' id='word_1_74' title='bbox 1543 1015 1756 1096; x_wconf 87' lang='lat' dir='ltr'><strong><em>partis</em></strong></span> <span class='ocrx_word' id='word_1_75' title='bbox 1794 1015 2119 1079; x_wconf 85' lang='lat' dir='ltr'><strong><em>habiturus</em></strong></span> <span class='ocrx_word' id='word_1_76' title='bbox 2144 1019 2423 1096; x_wconf 85' lang='lat' dir='ltr'><strong><em>partem</em></strong></span> 
     </span>
     <span class='ocr_line' id='line_1_11' title="bbox 369 1102 569 1168; baseline -0.015 0"><span class='ocrx_word' id='word_1_77' title='bbox 369 1102 569 1168; x_wconf 74' lang='lat' dir='ltr'><strong><em>esses?</em></strong></span> 
     </span>
    </p>

    <p class='ocr_par' dir='ltr' id='par_1_5' title="bbox 360 1190 2414 1522">
     <span class='ocr_line' id='line_1_12' title="bbox 539 1190 2414 1275; baseline 0.001 -20"><span class='ocrx_word' id='word_1_78' title='bbox 539 1191 905 1272; x_wconf 78' lang='lat' dir='ltr'><strong><em>Respondit:</em></strong></span> <span class='ocrx_word' id='word_1_79' title='bbox 954 1211 1080 1255; x_wconf 87' lang='lat' dir='ltr'><strong><em>non</em></strong></span> <span class='ocrx_word' id='word_1_80' title='bbox 1125 1191 1358 1275; x_wconf 84' lang='lat' dir='ltr'><strong><em>dubito,</em></strong></span> <span class='ocrx_word' id='word_1_81' title='bbox 1412 1191 1581 1273; x_wconf 79' lang='lat' dir='ltr'><strong><em>quin,</em></strong></span> <span class='ocrx_word' id='word_1_82' title='bbox 1626 1192 1685 1256; x_wconf 91' lang='lat' dir='ltr'><strong><em>si</em></strong></span> <span class='ocrx_word' id='word_1_83' title='bbox 1728 1190 2134 1275; x_wconf 78' lang='lat' dir='ltr'><strong><em>(perempta)</em></strong></span> <span class='ocrx_word' id='word_1_84' title='bbox 2174 1193 2414 1273; x_wconf 87' lang='lat' dir='ltr'><strong><em>prima</em></strong></span> 
     </span>
     <span class='ocr_line' id='line_1_13' title="bbox 361 1277 2413 1362; baseline 0 -17"><span class='ocrx_word' id='word_1_85' title='bbox 361 1281 742 1345; x_wconf 87' lang='lat' dir='ltr'><strong><em>institutione</em></strong></span> <span class='ocrx_word' id='word_1_86' title='bbox 803 1277 1146 1344; x_wconf 85' lang='lat' dir='ltr'><strong><em>cernendo⁵</em></strong></span> <span class='ocrx_word' id='word_1_87' title='bbox 1207 1279 1374 1344; x_wconf 88' lang='lat' dir='ltr'><strong><em>heres</em></strong></span> <span class='ocrx_word' id='word_1_88' title='bbox 1446 1300 1593 1356; x_wconf 50' lang='lat' dir='ltr'><strong><em>esse,</em></strong></span> <span class='ocrx_word' id='word_1_89' title='bbox 1620 1283 1887 1362; x_wconf 89' lang='lat' dir='ltr'><strong><em>possim,</em></strong></span> <span class='ocrx_word' id='word_1_90' title='bbox 1969 1283 2039 1345; x_wconf 86' lang='lat' dir='ltr'><strong><em>in</em></strong></span> <span class='ocrx_word' id='word_1_91' title='bbox 2092 1286 2413 1362; x_wconf 85' lang='lat' dir='ltr'><strong><em>potestate</em></strong></span> 
     </span>
     <span class='ocr_line' id='line_1_14' title="bbox 365 1369 2413 1452; baseline 0.001 -20"><span class='ocrx_word' id='word_1_92' title='bbox 365 1389 504 1432; x_wconf 88' lang='lat' dir='ltr'><strong><em>mea</em></strong></span> <span class='ocrx_word' id='word_1_93' title='bbox 545 1369 645 1450; x_wconf 89' lang='lat' dir='ltr'><strong><em>sit,</em></strong></span> <span class='ocrx_word' id='word_1_94' title='bbox 689 1389 877 1450; x_wconf 81' lang='lat' dir='ltr'><strong><em>quam</em></strong></span> <span class='ocrx_word' id='word_1_95' title='bbox 909 1374 1156 1452; x_wconf 88' lang='lat' dir='ltr'><strong><em>partem</em></strong></span> <span class='ocrx_word' id='word_1_96' title='bbox 1201 1369 1557 1433; x_wconf 87' lang='lat' dir='ltr'><strong><em>hereditatis</em></strong></span> <span class='ocrx_word' id='word_1_97' title='bbox 1601 1374 1715 1433; x_wconf 86' lang='lat' dir='ltr'><strong><em>aut</em></strong></span> <span class='ocrx_word' id='word_1_98' title='bbox 1750 1370 2029 1434; x_wconf 88' lang='lat' dir='ltr'><strong><em>omittere</em></strong></span> <span class='ocrx_word' id='word_1_99' title='bbox 2063 1370 2251 1434; x_wconf 85' lang='lat' dir='ltr'><strong><em>velim</em></strong></span> <span class='ocrx_word' id='word_1_100' title='bbox 2290 1374 2413 1434; x_wconf 84' lang='lat' dir='ltr'><strong><em>aut</em></strong></span> 
     </span>
     <span class='ocr_line' id='line_1_15' title="bbox 360 1458 704 1522; baseline 0 0"><span class='ocrx_word' id='word_1_101' title='bbox 360 1458 704 1522; x_wconf 81' lang='lat' dir='ltr'><strong><em>vindicare.</em></strong></span> 
     </span>
    </p>

    <p class='ocr_par' dir='ltr' id='par_1_6' title="bbox 346 1545 2401 2055">
     <span class='ocr_line' id='line_1_16' title="bbox 541 1545 2401 1630; baseline 0.001 -21"><span class='ocrx_word' id='word_1_102' title='bbox 541 1546 644 1609; x_wconf 90' lang='grc'><strong><em>22.</em></strong></span> <span class='ocrx_word' id='word_1_103' title='bbox 701 1545 776 1610; x_wconf 93' lang='lat' dir='ltr'><strong><em>D.</em></strong></span> <span class='ocrx_word' id='word_1_104' title='bbox 808 1546 912 1626; x_wconf 85' lang='grc'><strong><em>28,</em></strong></span> <span class='ocrx_word' id='word_1_105' title='bbox 940 1546 1000 1628; x_wconf 88' lang='lat'><strong><em>3,</em></strong></span> <span class='ocrx_word' id='word_1_106' title='bbox 1033 1547 1131 1610; x_wconf 82' lang='lat'><strong><em>15.</em></strong></span> <span class='ocrx_word' id='word_1_107' title='bbox 1222 1546 1570 1610; x_wconf 82' lang='lat' dir='ltr'><strong><em>Iavolenus</em></strong></span> <span class='ocrx_word' id='word_1_108' title='bbox 1630 1546 1799 1611; x_wconf 89' lang='lat' dir='ltr'><strong><em>libro</em></strong></span> <span class='ocrx_word' id='word_1_109' title='bbox 1846 1550 2077 1630; x_wconf 78' lang='lat' dir='ltr'><strong><em>quarto</em></strong></span> <span class='ocrx_word' id='word_1_110' title='bbox 2127 1546 2401 1628; x_wconf 69' lang='lat' dir='ltr'><strong><em>Episizu-</em></strong></span> 
     </span>
     <span class='ocr_line' id='line_1_17' title="bbox 361 1633 2397 1717; baseline 0 -18"><span class='ocrx_word' id='word_1_111' title='bbox 361 1635 588 1699; x_wconf 84' lang='lat' dir='ltr'><strong><em>larum.</em></strong></span> <span class='ocrx_word' id='word_1_112' title='bbox 639 1672 714 1681; x_wconf 95' lang='lat'>—</span> <span class='ocrx_word' id='word_1_113' title='bbox 776 1633 900 1713; x_wconf 72' lang='lat' dir='ltr'><strong><em>Qui</em></strong></span> <span class='ocrx_word' id='word_1_114' title='bbox 943 1655 1196 1698; x_wconf 84' lang='lat' dir='ltr'><strong><em>uxorem</em></strong></span> <span class='ocrx_word' id='word_1_115' title='bbox 1240 1641 1637 1717; x_wconf 75' lang='lat' dir='ltr'><strong><em>praeynatem</em></strong></span> <span class='ocrx_word' id='word_1_116' title='bbox 1680 1634 1951 1717; x_wconf 83' lang='lat' dir='ltr'><strong><em>habebat,</em></strong></span> <span class='ocrx_word' id='word_1_117' title='bbox 1996 1636 2067 1699; x_wconf 92' lang='lat' dir='ltr'><strong><em>in</em></strong></span> <span class='ocrx_word' id='word_1_118' title='bbox 2118 1635 2397 1700; x_wconf 83' lang='lat' dir='ltr'><strong><em>hostium</em></strong></span> 
     </span>
     <span class='ocr_line' id='line_1_18' title="bbox 346 1724 2397 1806; baseline 0 -19"><span class='ocrx_word' id='word_1_119' title='bbox 346 1728 710 1806; x_wconf 87' lang='lat' dir='ltr'><strong><em>potestatem</em></strong></span> <span class='ocrx_word' id='word_1_120' title='bbox 743 1724 1021 1804; x_wconf 86' lang='lat' dir='ltr'><strong><em>pervenit</em></strong></span> <span class='ocrx_word' id='word_1_121' title='bbox 1030 1744 1052 1800; x_wconf 89' lang='lat'><em>;</em></span> <span class='ocrx_word' id='word_1_122' title='bbox 1098 1744 1342 1806; x_wconf 79' lang='lat' dir='ltr'><strong><em>quaer0,</em></strong></span> <span class='ocrx_word' id='word_1_123' title='bbox 1386 1725 1517 1806; x_wconf 68' lang='lat' dir='ltr'><strong><em>pilio</em></strong></span> <span class='ocrx_word' id='word_1_124' title='bbox 1562 1729 1707 1788; x_wconf 90' lang='lat' dir='ltr'><strong><em>nato</em></strong></span> <span class='ocrx_word' id='word_1_125' title='bbox 1751 1745 1867 1806; x_wconf 79' lang='lat' dir='ltr'><strong><em>quo</em></strong></span> <span class='ocrx_word' id='word_1_126' title='bbox 1912 1729 2176 1806; x_wconf 88' lang='lat' dir='ltr'><strong><em>tempore</em></strong></span> <span class='ocrx_word' id='word_1_127' title='bbox 2216 1728 2397 1788; x_wconf 87' lang='lat' dir='ltr'><strong><em>testa-</em></strong></span> 
     </span>
     <span class='ocr_line' id='line_1_19' title="bbox 361 1811 2399 1896; baseline 0.001 -21"><span class='ocrx_word' id='word_1_128' title='bbox 361 1816 634 1875; x_wconf 87' lang='lat' dir='ltr'><strong><em>mentum</em></strong></span> <span class='ocrx_word' id='word_1_129' title='bbox 687 1813 757 1875; x_wconf 86' lang='lat' dir='ltr'><strong><em>in</em></strong></span> <span class='ocrx_word' id='word_1_130' title='bbox 810 1811 1046 1875; x_wconf 83' lang='lat' dir='ltr'><strong><em>civitate</em></strong></span> <span class='ocrx_word' id='word_1_131' title='bbox 1095 1812 1335 1892; x_wconf 78' lang='lat' dir='ltr'><strong><em>factum</em></strong></span> <span class='ocrx_word' id='word_1_132' title='bbox 1390 1813 1766 1894; x_wconf 73' lang='lat' dir='ltr'><strong><em>rumpatur?</em></strong></span> <span class='ocrx_word' id='word_1_133' title='bbox 1822 1818 1879 1876; x_wconf 92' lang='lat' dir='ltr'><strong><em>et</em></strong></span> <span class='ocrx_word' id='word_1_134' title='bbox 1930 1814 1987 1877; x_wconf 89' lang='lat' dir='ltr'><strong><em>si</em></strong></span> <span class='ocrx_word' id='word_1_135' title='bbox 2030 1813 2205 1896; x_wconf 68' lang='lat' dir='ltr'><strong><em>filius</em></strong></span> <span class='ocrx_word' id='word_1_136' title='bbox 2250 1817 2399 1878; x_wconf 86' lang='lat' dir='ltr'><strong><em>ante</em></strong></span> 
     </span>
     <span class='ocr_line' id='line_1_20' title="bbox 361 1901 2397 1985; baseline 0 -19"><span class='ocrx_word' id='word_1_137' title='bbox 361 1901 668 1966; x_wconf 84' lang='lat' dir='ltr'><strong><em>moriatur</em></strong></span> <span class='ocrx_word' id='word_1_138' title='bbox 737 1920 924 1981; x_wconf 76' lang='lat' dir='ltr'><strong><em>quam</em></strong></span> <span class='ocrx_word' id='word_1_139' title='bbox 978 1906 1188 1985; x_wconf 88' lang='lat' dir='ltr'><strong><em>pater,</em></strong></span> <span class='ocrx_word' id='word_1_140' title='bbox 1264 1922 1350 1965; x_wconf 88' lang='lat' dir='ltr'><strong><em>an</em></strong></span> <span class='ocrx_word' id='word_1_141' title='bbox 1416 1903 1630 1983; x_wconf 87' lang='lat' dir='ltr'><strong><em>scripti</em></strong></span> <span class='ocrx_word' id='word_1_142' title='bbox 1691 1901 1931 1967; x_wconf 87' lang='lat' dir='ltr'><strong><em>heredes</em></strong></span> <span class='ocrx_word' id='word_1_143' title='bbox 1994 1901 2397 1967; x_wconf 79' lang='lat' dir='ltr'><strong><em>hereditatem</em></strong></span> 
     </span>
     <span class='ocr_line' id='line_1_21' title="bbox 363 1988 856 2055; baseline -0.006 0"><span class='ocrx_word' id='word_1_144' title='bbox 363 1989 645 2055; x_wconf 82' lang='lat' dir='ltr'><strong><em>habituri</em></strong></span> <span class='ocrx_word' id='word_1_145' title='bbox 687 1988 856 2053; x_wconf 74' lang='lat' dir='ltr'><strong><em>sint?</em></strong></span> 
     </span>
    </p>

    <p class='ocr_par' dir='ltr' id='par_1_7' title="bbox 271 2077 2391 2605">
     <span class='ocr_line' id='line_1_22' title="bbox 539 2077 2391 2161; baseline 0.001 -20"><span class='ocrx_word' id='word_1_146' title='bbox 539 2077 879 2158; x_wconf 88' lang='lat' dir='ltr'><strong><em>Respondi:</em></strong></span> <span class='ocrx_word' id='word_1_147' title='bbox 941 2098 1068 2142; x_wconf 88' lang='lat' dir='ltr'><strong><em>non</em></strong></span> <span class='ocrx_word' id='word_1_148' title='bbox 1106 2084 1262 2161; x_wconf 87' lang='lat' dir='ltr'><strong><em>puto</em></strong></span> <span class='ocrx_word' id='word_1_149' title='bbox 1317 2079 1570 2143; x_wconf 84' lang='lat' dir='ltr'><strong><em>dubium</em></strong></span> <span class='ocrx_word' id='word_1_150' title='bbox 1622 2099 1769 2158; x_wconf 89' lang='lat' dir='ltr'><strong><em>esse,</em></strong></span> <span class='ocrx_word' id='word_1_151' title='bbox 1824 2080 1976 2161; x_wconf 79' lang='lat' dir='ltr'><strong><em>quin</em></strong></span> <span class='ocrx_word' id='word_1_152' title='bbox 2024 2098 2140 2159; x_wconf 86' lang='lat' dir='ltr'><strong><em>per</em></strong></span> <span class='ocrx_word' id='word_1_153' title='bbox 2196 2078 2391 2161; x_wconf 73' lang='lat' dir='ltr'><strong><em>leqem</em></strong></span> 
     </span>
     <span class='ocr_line' id='line_1_23' title="bbox 271 2164 2391 2251; baseline -0.002 -17"><span class='ocrx_word' id='word_1_154' title='bbox 271 2192 288 2217; x_wconf 74' lang='lat'>⁸</span> <span class='ocrx_word' id='word_1_155' title='bbox 363 2164 732 2249; x_wconf 81' lang='lat' dir='ltr'><strong><em>Corneliam,</em></strong></span> <span class='ocrx_word' id='word_1_156' title='bbox 778 2186 932 2248; x_wconf 80' lang='lat' dir='ltr'><strong><em>quae</em></strong></span> <span class='ocrx_word' id='word_1_157' title='bbox 974 2168 1046 2231; x_wconf 89' lang='lat' dir='ltr'><strong><em>de</em></strong></span> <span class='ocrx_word' id='word_1_158' title='bbox 1089 2169 1533 2250; x_wconf 65' lang='lat' dir='ltr'><strong><em>confirmandis</em></strong></span> <span class='ocrx_word' id='word_1_159' title='bbox 1578 2188 1787 2232; x_wconf 87' lang='lat' dir='ltr'><strong><em>eorum</em></strong></span> <span class='ocrx_word' id='word_1_160' title='bbox 1831 2172 2044 2233; x_wconf 88' lang='lat' dir='ltr'><strong><em>testam</em></strong></span> <span class='ocrx_word' id='word_1_161' title='bbox 2055 2168 2236 2251; x_wconf 75' lang='lat' dir='ltr'><strong><em>entiS,</em></strong></span> <span class='ocrx_word' id='word_1_162' title='bbox 2278 2167 2391 2249; x_wconf 76' lang='lat' dir='ltr'><strong><em>qui</em></strong></span> 
     </span>
     <span class='ocr_line' id='line_1_24' title="bbox 359 2256 2384 2340; baseline -0.001 -19"><span class='ocrx_word' id='word_1_163' title='bbox 359 2257 433 2321; x_wconf 90' lang='lat' dir='ltr'><strong><em>in</em></strong></span> <span class='ocrx_word' id='word_1_164' title='bbox 476 2256 743 2319; x_wconf 85' lang='lat' dir='ltr'><strong><em>hostium</em></strong></span> <span class='ocrx_word' id='word_1_165' title='bbox 776 2259 1070 2337; x_wconf 89' lang='lat' dir='ltr'><strong><em>potestate</em></strong></span> <span class='ocrx_word' id='word_1_166' title='bbox 1113 2256 1515 2335; x_wconf 75' lang='lat' dir='ltr'><strong><em>decessissent,</em></strong></span> <span class='ocrx_word' id='word_1_167' title='bbox 1562 2257 1694 2321; x_wconf 89' lang='lat' dir='ltr'><strong><em>lata</em></strong></span> <span class='ocrx_word' id='word_1_168' title='bbox 1737 2262 1840 2340; x_wconf 88' lang='lat' dir='ltr'><strong><em>est,</em></strong></span> <span class='ocrx_word' id='word_1_169' title='bbox 1883 2261 2031 2321; x_wconf 87' lang='lat' dir='ltr'><strong><em>nato</em></strong></span> <span class='ocrx_word' id='word_1_170' title='bbox 2074 2256 2206 2339; x_wconf 74' lang='lat' dir='ltr'><strong><em>filio</em></strong></span> <span class='ocrx_word' id='word_1_171' title='bbox 2246 2275 2384 2320; x_wconf 90' lang='lat' dir='ltr'><strong><em>con-</em></strong></span> 
     </span>
     <span class='ocr_line' id='line_1_25' title="bbox 361 2344 2381 2427; baseline -0.001 -17"><span class='ocrx_word' id='word_1_172' title='bbox 361 2347 536 2410; x_wconf 89' lang='lat' dir='ltr'><strong><em>tinuo</em></strong></span> <span class='ocrx_word' id='word_1_173' title='bbox 597 2344 729 2409; x_wconf 86' lang='lat' dir='ltr'><strong><em>eius</em></strong></span> <span class='ocrx_word' id='word_1_174' title='bbox 793 2348 1239 2422; x_wconf 88' lang='lat' dir='ltr'><strong><em>testamentum,</em></strong></span> <span class='ocrx_word' id='word_1_175' title='bbox 1316 2345 1423 2427; x_wconf 78' lang='lat' dir='ltr'><strong><em>qui</em></strong></span> <span class='ocrx_word' id='word_1_176' title='bbox 1482 2346 1553 2408; x_wconf 90' lang='lat' dir='ltr'><strong><em>in</em></strong></span> <span class='ocrx_word' id='word_1_177' title='bbox 1610 2345 1874 2409; x_wconf 86' lang='lat' dir='ltr'><strong><em>hostium</em></strong></span> <span class='ocrx_word' id='word_1_178' title='bbox 1925 2348 2223 2426; x_wconf 86' lang='lat' dir='ltr'><strong><em>potestate</em></strong></span> <span class='ocrx_word' id='word_1_179' title='bbox 2283 2345 2381 2425; x_wconf 87' lang='lat' dir='ltr'><strong><em>sit,</em></strong></span> 
     </span>
     <span class='ocr_line' id='line_1_26' title="bbox 357 2433 2389 2516; baseline 0 -19"><span class='ocrx_word' id='word_1_180' title='bbox 357 2437 705 2515; x_wconf 83' lang='lat' dir='ltr'><strong><em>rumpatur.</em></strong></span> <span class='ocrx_word' id='word_1_181' title='bbox 767 2434 1041 2516; x_wconf 79' lang='lat' dir='ltr'><strong><em>sequitur</em></strong></span> <span class='ocrx_word' id='word_1_182' title='bbox 1075 2453 1230 2516; x_wconf 68' lang='lat' dir='ltr'><strong><em>erqo,</em></strong></span> <span class='ocrx_word' id='word_1_183' title='bbox 1265 2438 1338 2497; x_wconf 88' lang='lat' dir='ltr'><strong><em>ut</em></strong></span> <span class='ocrx_word' id='word_1_184' title='bbox 1370 2452 1445 2497; x_wconf 77' lang='lat' dir='ltr'><strong><em>ex</em></strong></span> <span class='ocrx_word' id='word_1_185' title='bbox 1478 2454 1543 2497; x_wconf 92' lang='lat' dir='ltr'><strong><em>eo</em></strong></span> <span class='ocrx_word' id='word_1_186' title='bbox 1582 2437 1927 2498; x_wconf 88' lang='lat' dir='ltr'><strong><em>testamento</em></strong></span> <span class='ocrx_word' id='word_1_187' title='bbox 1963 2433 2265 2498; x_wconf 82' lang='lat' dir='ltr'><strong><em>hereditas</em></strong></span> <span class='ocrx_word' id='word_1_188' title='bbox 2298 2434 2389 2498; x_wconf 88' lang='lat' dir='ltr'><strong><em>ad</em></strong></span> 
     </span>
     <span class='ocr_line' id='line_1_27' title="bbox 363 2523 1042 2605; baseline -0.003 -18"><span class='ocrx_word' id='word_1_189' title='bbox 363 2523 672 2587; x_wconf 84' lang='lat' dir='ltr'><strong><em>neminem</em></strong></span> <span class='ocrx_word' id='word_1_190' title='bbox 704 2523 1042 2605; x_wconf 86' lang='lat' dir='ltr'><strong><em>perveniat.</em></strong></span> 
     </span>
    </p>
   </div>
   <div class='ocr_carea' id='block_1_3' title="bbox 1182 2635 1557 2720">
    <p class='ocr_par' dir='ltr' id='par_1_8' title="bbox 1182 2635 1557 2720">
     <span class='ocr_line' id='line_1_28' title="bbox 1182 2635 1557 2720; baseline 0 -19"><span class='ocrx_word' id='word_1_191' title='bbox 1182 2635 1280 2701; x_wconf 89' lang='lat' dir='ltr'><strong><em>De</em></strong></span> <span class='ocrx_word' id='word_1_192' title='bbox 1326 2638 1557 2720; x_wconf 74' lang='lat' dir='ltr'><strong><em>leyatis.</em></strong></span> 
     </span>
    </p>
   </div>
   <div class='ocr_carea' id='block_1_4' title="bbox 363 2747 2371 3367">
    <p class='ocr_par' dir='ltr' id='par_1_9' title="bbox 363 2747 2371 3367">
     <span class='ocr_line' id='line_1_29' title="bbox 542 2747 2367 2839; baseline -0.001 -22"><span class='ocrx_word' id='word_1_193' title='bbox 542 2754 646 2818; x_wconf 84' lang='lat'><strong><em>23.</em></strong></span> <span class='ocrx_word' id='word_1_194' title='bbox 699 2751 778 2816; x_wconf 90' lang='lat' dir='ltr'><strong><em>D.</em></strong></span> <span class='ocrx_word' id='word_1_195' title='bbox 807 2752 910 2834; x_wconf 85' lang='lat'><strong><em>35,</em></strong></span> <span class='ocrx_word' id='word_1_196' title='bbox 940 2753 1000 2837; x_wconf 88' lang='lat'><strong><em>2,</em></strong></span> <span class='ocrx_word' id='word_1_197' title='bbox 1027 2753 1130 2817; x_wconf 83' lang='lat'><strong><em>61.</em></strong></span> <span class='ocrx_word' id='word_1_198' title='bbox 1194 2751 1372 2816; x_wconf 85' lang='lat' dir='ltr'><strong><em>Idem</em></strong></span> <span class='ocrx_word' id='word_1_199' title='bbox 1404 2748 1522 2839; x_wconf 83' lang='lat' dir='ltr'><strong><em>(sc.</em></strong></span> <span class='ocrx_word' id='word_1_200' title='bbox 1550 2747 1919 2837; x_wconf 82' lang='lat' dir='ltr'><strong><em>Iavolenus)</em></strong></span> <span class='ocrx_word' id='word_1_201' title='bbox 1949 2751 2116 2815; x_wconf 89' lang='lat' dir='ltr'><strong><em>libro</em></strong></span> <span class='ocrx_word' id='word_1_202' title='bbox 2149 2754 2367 2837; x_wconf 71' lang='lat' dir='ltr'><strong><em>quarto</em></strong></span> 
     </span>
     <span class='ocr_line' id='line_1_30' title="bbox 363 2838 2369 2923; baseline 0 -20"><span class='ocrx_word' id='word_1_203' title='bbox 363 2838 828 2923; x_wconf 79' lang='lat' dir='ltr'><strong><em>Epistularum.</em></strong></span> <span class='ocrx_word' id='word_1_204' title='bbox 884 2876 970 2887; x_wconf 92' lang='lat'><strong><em>—-</em></strong></span> <span class='ocrx_word' id='word_1_205' title='bbox 1021 2840 1286 2905; x_wconf 83' lang='lat' dir='ltr'><strong><em>Alienus</em></strong></span> <span class='ocrx_word' id='word_1_206' title='bbox 1333 2840 1571 2920; x_wconf 82' lang='lat' dir='ltr'><strong><em>fundus</em></strong></span> <span class='ocrx_word' id='word_1_207' title='bbox 1618 2840 1727 2905; x_wconf 85' lang='lat' dir='ltr'><strong><em>tibi</em></strong></span> <span class='ocrx_word' id='word_1_208' title='bbox 1772 2840 2003 2923; x_wconf 75' lang='lat' dir='ltr'><strong><em>leyatus</em></strong></span> <span class='ocrx_word' id='word_1_209' title='bbox 2046 2845 2149 2905; x_wconf 88' lang='lat' dir='ltr'><strong><em>est.</em></strong></span> <span class='ocrx_word' id='word_1_210' title='bbox 2220 2839 2369 2904; x_wconf 85' lang='lat' dir='ltr'><strong><em>hunc</em></strong></span> 
     </span>
     <span class='ocr_line' id='line_1_31' title="bbox 363 2927 2371 3012; baseline 0 -20"><span class='ocrx_word' id='word_1_211' title='bbox 363 2927 536 2993; x_wconf 87' lang='lat' dir='ltr'><strong><em>heres</em></strong></span> <span class='ocrx_word' id='word_1_212' title='bbox 595 2949 734 2993; x_wconf 85' lang='lat' dir='ltr'><strong><em>eum</em></strong></span> <span class='ocrx_word' id='word_1_213' title='bbox 799 2949 991 2993; x_wconf 87' lang='lat' dir='ltr'><strong><em>emere</em></strong></span> <span class='ocrx_word' id='word_1_214' title='bbox 1050 2932 1179 2995; x_wconf 91' lang='lat' dir='ltr'><strong><em>nisi</em></strong></span> <span class='ocrx_word' id='word_1_215' title='bbox 1239 2932 1485 3012; x_wconf 73' lang='lat' dir='ltr'><strong><em>infinito</em></strong></span> <span class='ocrx_word' id='word_1_216' title='bbox 1527 2930 1732 3012; x_wconf 83' lang='lat' dir='ltr'><strong><em>pretio</em></strong></span> <span class='ocrx_word' id='word_1_217' title='bbox 1786 2950 1913 2994; x_wconf 90' lang='lat' dir='ltr'><strong><em>non</em></strong></span> <span class='ocrx_word' id='word_1_218' title='bbox 1957 2934 2179 3011; x_wconf 88' lang='lat' dir='ltr'><strong><em>posset,</em></strong></span> <span class='ocrx_word' id='word_1_219' title='bbox 2238 2929 2371 2993; x_wconf 88' lang='lat' dir='ltr'><strong><em>emit</em></strong></span> 
     </span>
     <span class='ocr_line' id='line_1_32' title="bbox 364 3017 2361 3102; baseline 0 -21"><span class='ocrx_word' id='word_1_220' title='bbox 364 3017 556 3081; x_wconf 86' lang='lat' dir='ltr'><strong><em>multo</em></strong></span> <span class='ocrx_word' id='word_1_221' title='bbox 607 3017 833 3097; x_wconf 86' lang='lat' dir='ltr'><strong><em>pluris,</em></strong></span> <span class='ocrx_word' id='word_1_222' title='bbox 887 3039 1075 3100; x_wconf 78' lang='lat' dir='ltr'><strong><em>quam</em></strong></span> <span class='ocrx_word' id='word_1_223' title='bbox 1127 3020 1345 3101; x_wconf 78' lang='lat' dir='ltr'><strong><em>quanti</em></strong></span> <span class='ocrx_word' id='word_1_224' title='bbox 1397 3024 1554 3099; x_wconf 85' lang='lat' dir='ltr'><strong><em>erat,</em></strong></span> <span class='ocrx_word' id='word_1_225' title='bbox 1598 3040 1722 3102; x_wconf 78' lang='lat' dir='ltr'><strong><em>qua</em></strong></span> <span class='ocrx_word' id='word_1_226' title='bbox 1766 3019 2063 3100; x_wconf 88' lang='lat' dir='ltr'><strong><em>emptione</em></strong></span> <span class='ocrx_word' id='word_1_227' title='bbox 2106 3017 2361 3097; x_wconf 72' lang='lat' dir='ltr'><strong><em>effechom</em></strong></span> 
     </span>
     <span class='ocr_line' id='line_1_33' title="bbox 365 3106 2359 3190; baseline 0 -20"><span class='ocrx_word' id='word_1_228' title='bbox 365 3110 470 3190; x_wconf 88' lang='lat' dir='ltr'><strong><em>est,</em></strong></span> <span class='ocrx_word' id='word_1_229' title='bbox 512 3109 584 3169; x_wconf 90' lang='lat' dir='ltr'><strong><em>ut</em></strong></span> <span class='ocrx_word' id='word_1_230' title='bbox 609 3106 898 3188; x_wconf 74' lang='lat' dir='ltr'><strong><em>leyatarii</em></strong></span> <span class='ocrx_word' id='word_1_231' title='bbox 923 3108 1008 3171; x_wconf 91' lang='lat' dir='ltr'><strong><em>ad</em></strong></span> <span class='ocrx_word' id='word_1_232' title='bbox 1034 3108 1216 3190; x_wconf 73' lang='lat' dir='ltr'><strong><em>leyem</em></strong></span> <span class='ocrx_word' id='word_1_233' title='bbox 1245 3106 1602 3173; x_wconf 78' lang='lat' dir='ltr'><strong><em>Falcidiam</em></strong></span> <span class='ocrx_word' id='word_1_234' title='bbox 1628 3111 2066 3172; x_wconf 79' lang='lat' dir='ltr'><strong><em>revocarentur.</em></strong></span> <span class='ocrx_word' id='word_1_235' title='bbox 2138 3126 2359 3189; x_wconf 77' lang='lat' dir='ltr'><strong><em>quaero,</em></strong></span> 
     </span>
     <span class='ocr_line' id='line_1_34' title="bbox 364 3193 2357 3280; baseline 0 -21"><span class='ocrx_word' id='word_1_236' title='bbox 364 3215 504 3259; x_wconf 89' lang='lat' dir='ltr'><strong><em>cum</em></strong></span> <span class='ocrx_word' id='word_1_237' title='bbox 515 3243 532 3276; x_wconf 88' lang='lat'>‚</span> <span class='ocrx_word' id='word_1_238' title='bbox 584 3195 642 3259; x_wconf 92' lang='lat' dir='ltr'><strong><em>si</em></strong></span> <span class='ocrx_word' id='word_1_239' title='bbox 698 3193 935 3273; x_wconf 82' lang='lat' dir='ltr'><strong><em>fundus</em></strong></span> <span class='ocrx_word' id='word_1_240' title='bbox 999 3197 1183 3278; x_wconf 91' lang='lat' dir='ltr'><strong><em>tanti,</em></strong></span> <span class='ocrx_word' id='word_1_241' title='bbox 1246 3198 1467 3278; x_wconf 78' lang='lat' dir='ltr'><strong><em>quanti</em></strong></span> <span class='ocrx_word' id='word_1_242' title='bbox 1518 3217 1586 3261; x_wconf 86' lang='lat' dir='ltr'><strong><em>re</em></strong></span> <span class='ocrx_word' id='word_1_243' title='bbox 1639 3217 1783 3261; x_wconf 85' lang='lat' dir='ltr'><strong><em>vera</em></strong></span> <span class='ocrx_word' id='word_1_244' title='bbox 1839 3195 2084 3280; x_wconf 82' lang='lat' dir='ltr'><strong><em>(erat),</em></strong></span> <span class='ocrx_word' id='word_1_245' title='bbox 2150 3200 2357 3276; x_wconf 85' lang='lat' dir='ltr'><strong><em>emptus</em></strong></span> 
     </span>
     <span class='ocr_line' id='line_1_35' title="bbox 365 3284 2355 3367; baseline -0.001 -20"><span class='ocrx_word' id='word_1_246' title='bbox 365 3287 541 3362; x_wconf 90' lang='lat' dir='ltr'><strong><em>esset,</em></strong></span> <span class='ocrx_word' id='word_1_247' title='bbox 597 3284 794 3365; x_wconf 76' lang='lat' dir='ltr'><strong><em>leyata</em></strong></span> <span class='ocrx_word' id='word_1_248' title='bbox 847 3303 970 3347; x_wconf 89' lang='lat' dir='ltr'><strong><em>non</em></strong></span> <span class='ocrx_word' id='word_1_249' title='bbox 1019 3285 1272 3363; x_wconf 82' lang='lat' dir='ltr'><strong><em>fuerant</em></strong></span> <span class='ocrx_word' id='word_1_250' title='bbox 1328 3304 1644 3349; x_wconf 75' lang='lat' dir='ltr'><strong><em>eoecessura</em></strong></span> <span class='ocrx_word' id='word_1_251' title='bbox 1695 3286 1797 3349; x_wconf 85' lang='lat' dir='ltr'><strong><em>ius</em></strong></span> <span class='ocrx_word' id='word_1_252' title='bbox 1850 3285 1997 3367; x_wconf 74' lang='lat' dir='ltr'><strong><em>leyis</em></strong></span> <span class='ocrx_word' id='word_1_253' title='bbox 2043 3284 2355 3365; x_wconf 84' lang='lat' dir='ltr'><strong><em>Falcidiae,</em></strong></span> 
     </span>
    </p>
   </div>
   <div class='ocr_carea' id='block_1_5' title="bbox 361 3434 2351 3563">
    <p class='ocr_par' dir='ltr' id='par_1_10' title="bbox 361 3434 2351 3563">
     <span class='ocr_line' id='line_1_36' title="bbox 509 3434 2351 3494; baseline 0 -3"><span class='ocrx_word' id='word_1_254' title='bbox 509 3444 535 3491; x_wconf 88' lang='lat'><strong>1</strong></span> <span class='ocrx_word' id='word_1_255' title='bbox 582 3437 727 3492; x_wconf 73' lang='lat' dir='ltr'><strong><em>Trio.</em></strong></span> <span class='ocrx_word' id='word_1_256' title='bbox 769 3434 940 3490; x_wconf 82' lang='lat' dir='ltr'><strong><em>adire.</em></strong></span> <span class='ocrx_word' id='word_1_257' title='bbox 1027 3442 1059 3491; x_wconf 79' lang='lat'>2</span> <span class='ocrx_word' id='word_1_258' title='bbox 1091 3438 1242 3493; x_wconf 83' lang='lat' dir='ltr'><strong><em>Trib.</em></strong></span> <span class='ocrx_word' id='word_1_259' title='bbox 1272 3436 1527 3493; x_wconf 82' lang='lat' dir='ltr'><strong><em>adierim.</em></strong></span> <span class='ocrx_word' id='word_1_260' title='bbox 1619 3444 1652 3493; x_wconf 83' lang='lat'><strong>3</strong></span> <span class='ocrx_word' id='word_1_261' title='bbox 1686 3439 1837 3494; x_wconf 83' lang='lat' dir='ltr'><strong><em>Trib.</em></strong></span> <span class='ocrx_word' id='word_1_262' title='bbox 1876 3437 2070 3493; x_wconf 72' lang='lat' dir='ltr'><strong><em>aditio.</em></strong></span> <span class='ocrx_word' id='word_1_263' title='bbox 2156 3444 2191 3491; x_wconf 81' lang='lat'>4</span> <span class='ocrx_word' id='word_1_264' title='bbox 2228 3438 2351 3492; x_wconf 73' lang='lat' dir='ltr'><strong><em>Trio.</em></strong></span> 
     </span>
     <span class='ocr_line' id='line_1_37' title="bbox 361 3506 1333 3563; baseline 0.002 -2"><span class='ocrx_word' id='word_1_265' title='bbox 361 3506 691 3562; x_wconf 75' lang='lat' dir='ltr'><strong><em>aditionem.</em></strong></span> <span class='ocrx_word' id='word_1_266' title='bbox 802 3512 834 3561; x_wconf 80' lang='grc' dir='ltr'>ὅ</span> <span class='ocrx_word' id='word_1_267' title='bbox 873 3507 1022 3561; x_wconf 84' lang='lat' dir='ltr'><strong><em>Trib.</em></strong></span> <span class='ocrx_word' id='word_1_268' title='bbox 1061 3508 1333 3563; x_wconf 76' lang='lat' dir='ltr'><strong><em>adeundo,</em></strong></span> 
     </span>
    </p>
   </div>
   <div class='ocr_carea' id='block_1_6' title="bbox 2555 181 2561 3427">
    <p class='ocr_par' dir='ltr' id='par_1_11' title="bbox 2555 181 2561 3427">
     <span class='ocr_line' id='line_1_38' title="bbox 2555 181 2561 3427; baseline 0 0"><span class='ocrx_word' id='word_1_269' title='bbox 2555 181 2561 3427; x_wconf 95' lang='lat' dir='ltr'><strong><em> </em></strong></span> 
     </span>
    </p>
   </div>
  </div>
 </body>
</html>
