2575 3900
373 188 506 254 426
586 189 647 244 V.
684 187 986 244 NERVAE
1022 188 1117 243 ET
1153 188 1461 244 TRAIANI
1495 188 1707 245 ΤΕΜΡ.
1744 188 1939 245 IURIS
1973 188 2339 243 CONSULTI

549 352 653 417 99.
710 349 784 417 Ι).
825 352 974 417 ibid.
1014 355 1055 433 ς
1096 354 1148 417 1.
1203 389 1277 399 -
1330 352 1506 416 Idem
1542 353 1702 417 iuris
1736 371 1884 430 esse,
1937 353 1996 417 si
2036 356 2404 434 potestatem

368 442 740 507 conducendi
772 441 1042 524 habebat,
1077 446 1147 505 ut
1175 443 1236 505 ei
1249 439 1275 478 ²
1294 442 1568 523 pretium
1594 442 2011 506 conductionis
2030 445 2400 522 praestaret.

367 531 476 596 sed
523 531 585 595 si
637 530 866 596 locator
917 531 1267 595 conductori
1308 535 1663 611 potestatem
1718 530 2135 595 conducendae
2176 532 2405 597 domus

367 639 496 684 non
538 619 774 698 fecisset
813 624 872 684 et
912 619 970 684 is
1012 620 1080 683 in
1117 640 1242 701 qua
1276 619 1579 684 habitaret
1610 619 2010 702 conduxisset,
2056 623 2302 683 tantum
2334 620 2405 683 ei

357 709 811 791 praestandum
847 713 1045 790 putat,
1091 713 1394 791 quantum
1438 709 1573 773 sine
1606 708 1742 773 dolo
1776 708 1943 772 malo
1966 708 2403 789 praestitisset.

367 801 628 862 ceterum
670 797 729 861 si
756 798 1101 881 qratuitam
1133 796 1571 862 habitationem
1606 796 1929 879 habuisset,
1961 816 2085 878 pro
2112 797 2401 878 portione

369 887 660 968 temporis
702 906 779 950 ex
825 886 1117 951 locatione
1159 887 1377 951 domus
1420 887 1829 951 deducendum
1872 904 2015 951 esse.

1095 1033 1189 1091 De
1231 1034 1429 1092 insula
1475 1034 1675 1093 locata.

552 1134 695 1200 100.
744 1134 821 1198 D.
848 1134 947 1212 19,
974 1134 1035 1220 2,
1061 1134 1148 1199 58
1175 1156 1270 1215 pr.
1302 1170 1391 1180 —
1418 1132 1638 1198 Labeo
1667 1134 1832 1198 libro
1862 1136 2095 1219 quarto
2121 1134 2398 1217 posteri·

368 1245 552 1287 orum
591 1244 630 1287 a
667 1222 972 1287 Iavoleno
1011 1224 1532 1305 epitomatorum.
1578 1258 1654 1269 -—
1695 1222 1986 1288 Insulam
2030 1243 2154 1288 uno
2186 1224 2395 1305 pretio

371 1316 562 1377 totam
607 1312 820 1377 locasti
863 1318 920 1376 et
961 1332 1098 1376 eam
1143 1312 1471 1377 vendidisti
1511 1312 1634 1395 ita,
1686 1316 1758 1376 ut
1800 1312 2056 1393 emptori
2100 1312 2397 1377 mercedes

370 1401 820 1482 inquilinorum
865 1402 1220 1466 accederent.
1302 1401 1583 1482 quamvis
1626 1420 1763 1465 eam
1798 1402 2122 1466 conductor
2156 1402 2395 1465 maiore

355 1490 558 1572 pretio
615 1490 858 1566 locaret,
916 1494 1119 1554 tamen
1173 1490 1245 1554 id
1285 1490 1544 1571 emptori
1586 1490 1837 1572 accedit,
1890 1490 2053 1572 quod
2095 1490 2207 1553 tibi
2249 1510 2391 1554 con·

365 1578 580 1642 ductor
623 1578 844 1643 debeat.

1047 1655 1141 1713 De
1185 1657 1374 1728 oper-is
1420 1655 1707 1714 locatione.

550 1755 693 1820 101.
749 1755 825 1820 D.
856 1756 1007 1821 ibid.
1038 1760 1077 1836 ξ
1110 1756 1164 1820 1.
1214 1793 1298 1803 -
1345 1756 1431 1819 In
1484 1756 1686 1837 operis·
1736 1753 2033 1820 locatione
2085 1775 2213 1819 non
2254 1759 2395 1819 erat

364 1844 615 1926 dictum,
659 1849 802 1908 ante
835 1865 1022 1926 quam
1066 1846 1227 1909 diem
1271 1845 1436 1929 effici
1469 1844 1697 1910 deberet
1706 1869 1729 1920 ‚·
1774 1845 1999 1925 deinde,
2045 1844 2103 1908 si
2138 1844 2229 1907 ita
2258 1843 2392 1924 fac-

368 1937 499 1999 tum
550 1953 678 1998 non
729 1938 901 2013 esset,
955 1935 1176 2016 quanti
1226 1934 1507 2000 locatoris
1550 1932 1950 2014 interfuisset,
2006 1937 2243 1998 tantam
2276 1954 2388 2016 pe·

365 2023 615 2088 cuniam
658 2023 982 2088 conductor
1012 2025 1405 2106 promiserat.
1489 2027 1736 2088 eatenus
1779 2043 1917 2088 eam
1959 2022 2385 2105 obliyationem

364 2109 646 2176 contrahi
699 2117 850 2192 puto
856 2161 874 2194 ,
937 2118 1235 2195 quatenus
1292 2114 1392 2176 vir
1451 2111 1641 2176 bonus
1701 2113 1775 2176 de
1834 2113 2033 2194 spatio
2099 2112 2387 2194 temporis

366 2201 770 2281 aestimasset,
831 2201 982 2282 quia
1044 2202 1114 2266 id
1172 2206 1379 2267 actum
1432 2205 1691 2283 apparet
1740 2221 1886 2284 esse,
1942 2205 2013 2265 ut
2065 2221 2130 2264 eo
2183 2201 2383 2282 spatio

364 2289 795 2366 absolveretur,
840 2290 972 2354 sine
1016 2311 1132 2372 quo
1175 2291 1315 2372 sieri
1357 2311 1485 2355 non
1521 2291 1733 2372 possit.

549 2377 691 2443 102.
741 2377 815 2444 D.
845 2378 996 2442 ibid.
1025 2382 1065 2459 ἓ
1094 2380 1155 2443 2.
1188 2414 1265 2425 --
1302 2378 1572 2459 Quidam
1608 2379 1679 2442 in
1710 2377 2047 2459 municipio
2075 2376 2383 2442 balineum

363 2468 807 2549 praestandum
851 2469 1083 2532 annuis
1125 2469 1347 2550 viyinti
1390 2488 1713 2531 nummum
1730 2462 1754 2502 ²
1797 2468 2173 2532 conduxerat
2212 2471 2272 2530 et
2302 2467 2387 2531 ad

364 2555 743 2636 refectionem
776 2557 1053 2637 fornacis
1077 2557 1435 2640 fistularum
1469 2557 1886 2637 similiumque
1912 2576 2121 2620 rerum
2148 2559 2384 2620 centum

363 2665 690 2709 nummum
705 2642 730 2682 ³
801 2650 873 2709 ut
917 2649 1389 2728 praestarentur
1448 2646 1530 2725 ei,
1600 2648 1969 2709 convenerat.
2062 2644 2385 2708 conductor

363 2740 603 2799 centum
646 2755 930 2800 nummos
961 2740 1219 2817 petebat.
1301 2736 1393 2798 ita
1437 2735 1493 2798 ei
1536 2732 1737 2798 deberi
1772 2734 1923 2814 dico,
1968 2733 2029 2798 si
2062 2733 2133 2797 in
2169 2752 2381 2797 earum

364 2843 572 2886 rerum
615 2823 997 2903 refectionem
1042 2844 1178 2888 eam
1217 2823 1548 2904 pecuniam
1593 2823 1865 2904 impendi
1907 2822 2254 2886 satisdaret.

1205 3013 1422 3073 Liber
1469 3013 1541 3072 V.

952 3122 1046 3188 De
1090 3124 1389 3205 emptione
1432 3123 1790 3188 venditione.

1097 3235 1191 3294 De
1233 3235 1418 3309 fundo
1464 3239 1661 3308 empto

547 3332 690 3397 103.
742 3331 816 3396 D.
840 3333 943 3418 19,
973 3333 1031 3417 l,
1059 3334 1162 3417 51,
1195 3336 1249 3400 1.
1321 3336 1500 3400 Idem
1540 3333 1651 3420 (sc.
1681 3331 1931 3422 Labeo)
1959 3335 2126 3400 hbro
2157 3333 2383 3436 quinto

365 3421 797 3504 posteriorum
881 3443 919 3486 a
997 3385 1303 3488 I²avoleno
1387 3424 1907 3507 epitomatorum.
1992 3459 2077 3470 —
2242 3471 2258 3487 .
2327 3423 2383 3488 si

512 3563 538 3611 1
579 3557 672 3613 Fz.
711 3557 810 3613 uti.
957 3565 990 3613 2
1031 3560 1183 3616 Trib.
1219 3560 1477 3617 nummis.
1623 3565 1655 3614 3
1695 3561 1847 3618 Trib.
1882 3561 2113 3617 nummi.
