2575 3900
442 159 511 216 V.
549 159 746 246 QUOD
787 157 1125 216 ‘DICITUR’
1165 161 1311 216 VEL
1353 159 1619 217 ‘VULGO
1657 159 1996 216 DICITUR’.
2101 161 2232 224 587

379 322 464 387 5⁸.
540 321 618 386 D.
684 323 796 406 23,
852 324 927 408 3,
971 323 1085 406 56,
1131 325 1188 388 3.
1297 323 1475 388 Idem
1542 322 1657 409 (se.
1719 322 1986 408 Paulus)
2057 323 2230 389 libro

197 415 384 477 sexto
433 411 513 476 ad
559 410 900 477 Plautium.
956 449 1030 458 —
1181 411 1417 477 dicitur
1461 413 1853 477 necessarias
1902 414 2231 496 impensas

197 501 343 585 ipso
390 499 526 564 iure
576 501 794 565 dotem
840 501 1143 566 minuere.

379 585 467 654 5¹².
517 587 594 655 D.
639 589 742 668 25,
798 592 849 669 1,
899 589 1056 672 5pr.
1105 589 1425 674 Ulpianus
1470 590 1639 655 libro
1677 589 2011 675 trigesimo
2054 592 2235 654 sexto

200 677 280 741 ad
322 675 654 742 Sabinum.
691 715 775 724 —-
823 729 838 744 .
868 728 884 744 .
923 678 1156 743 dicitur
1201 679 1600 743 necessarias
1646 680 1971 762 impensas
2020 678 2237 744 dotem

198 787 507 831 minuere.

375 859 561 919 Plena
595 859 841 935 Ulpiani
877 860 1058 920 verba
1095 864 1258 920 sunt:
1299 855 1497 931 ‘Quod
1535 860 1755 920 dicitur
1791 906 1805 919 .
1835 909 1847 921 .
1880 907 1893 919 .
1931 861 2218 939 minuere,

163 948 289 1008 'sic
350 948 466 1007 erit
519 949 954 1025 accipiendum,
1010 953 1079 1009 ut
1134 953 1195 1009 et
1248 950 1615 1026 Pomponius
1672 944 1800 1023 ait',
1852 949 1941 1009 ita
1984 951 2055 1010 ut
2099 950 2221 1009 iam

199 1037 528 1112 Pomponio
577 1037 806 1097 dictum
850 1038 1002 1097 iUud
1047 1042 1256 1098 notum
1302 1039 1490 1098 fuisse
1537 1041 1842 1115 appareat.

377 1120 434 1184 6.
500 1118 574 1184 D.
641 1121 747 1207 24,
812 1122 868 1204 1,
939 1124 1038 1204 11,
1108 1123 1163 1186 l.
1268 1121 1587 1206 Ulpianus
1653 1121 1822 1186 libro
1887 1121 2224 1206 trigesimo
2322 1147 2325 1151 ·

197 1208 478 1273 secundo
527 1208 607 1272 ad
656 1207 983 1275 Sabinum.
1032 1247 1112 1255 —
1164 1261 1178 1275 .
1216 1260 1229 1275 .
1270 1211 1502 1275 dicitur
1538 1211 1763 1275 mortis
1802 1232 1991 1276 causa
2029 1210 2221 1274 dona-

196 1297 447 1362 tionem
497 1297 672 1362 inter
717 1299 928 1364 virum
975 1303 1041 1363 et
1087 1321 1355 1364 uxorem
1403 1300 1634 1364 valere.

1036 1456 1136 1522 De
1183 1459 1402 1525 tutelis.

380 1556 436 1619 7.
484 1553 562 1619 D.
608 1555 714 1636 26,
761 1557 820 1639 8,
870 1556 905 1618 7
953 1576 1048 1638 pr.
1142 1554 1465 1640 Ulpianus
1512 1555 1679 1620 libro
1727 1477 2226 1640 quadragesimo

197 1643 279 1708 ad
326 1639 654 1707 Sabinum.
701 1679 786 1689 —-
875 1642 1208 1708 .dieimus
1255 1644 1326 1707 in
1372 1665 1510 1708 rem
1548 1666 1731 1709 suam
1768 1645 2225 1709 auctoritatem

197 1731 685 1796 accommodare
730 1734 1013 1796 tutorem
1058 1753 1192 1796 non
1236 1754 1443 1818 posse.

377 1820 433 1885 8.
481 1818 556 1883 D.
605 1820 710 1901 26,
759 1822 814 1902 1,
861 1821 905 1884 4
949 1843 1042 1906 pr.
1134 1820 1372 1886 Paulus
1418 1822 1585 1886 libro
1632 1825 1861 1887 octavo
1910 1821 1994 1886 ad
2041 1820 2225 1977 Sabii-

196 1930 368 1974 num.
430 1945 506 1957 -
673 1869 920 1992 «licitur,
977 1910 1031 1974 si
1087 1909 1461 1977 indistincte
1520 1910 1706 1977 datus
1756 1911 1841 1976 sit
1887 1910 2106 1997 tutor-¹,

195 2002 403 2063 totam
452 1998 635 2063 litem
682 1998 903 2063 datum
951 1999 1169 2065 videri.

373 2087 434 2154 9.
515 2087 594 2151 D.
659 2088 770 2167 27,
835 2089 903 2172 3,
967 2088 1035 2170 9,
1089 2090 1149 2153 4.
1251 2088 1569 2173 Ulpianus
1633 2089 1799 2154 libro
1863 2089 2216 2155 vicensimo

197 2172 436 2262 (potius
479 2176 846 2260 trigesimo)
896 2178 1120 2261 quinto
1169 2176 1249 2240 ad
1291 2178 1589 2243 edictum.
1632 2214 1707 2225 —-
1842 2177 2215 2243 .traditum

199 2269 297 2328 est
331 2264 650 2348 pupillum
687 2286 831 2330 cum
878 2268 1091 2329 tutore
1140 2287 1255 2329 suo
1306 2286 1495 2350 agere
1542 2267 1779 2331 tutelae
1826 2288 1957 2331 non
2002 2288 2213 2351 posse.

983 2421 1084 2487 De
1122 2422 1331 2503 furtis,
1426 2418 1432 2423 ⁷

380 2519 479 2584 10.
539 2516 682 2583 Gai.
747 2520 806 2603 3,
872 2520 1012 2586 198.
1074 2556 1149 2567 —
1211 2569 1226 2584 .
1257 2573 1270 2585 .
1327 2521 1383 2585 si
1443 2520 1662 2585 credat
1725 2522 1957 2606 aliquis
2014 2522 2224 2587 invito

204 2607 461 2674 domino
511 2629 578 2671 se
624 2630 759 2671 rem
815 2612 1230 2692 contrectare,
1277 2609 1539 2675 domino
1588 2613 1805 2677 autem
1855 2608 2110 2675 vo‘lente
2155 2611 2223 2675 id

198 2697 333 2781 fiat,
380 2696 617 2761 dicitur
662 2696 909 2761 furtum
954 2719 1088 2763 non
1131 2697 1288 2765 fieri.

917 2856 1016 2922 De
1061 2857 1181 2940 Zeye
1225 2858 1506 2940 Aquilia.

380 2966 477 3030 11.
524 2963 603 3028 D.
642 2964 701 3051 9,
739 2966 798 3047 2,
834 2964 939 3048 49,
981 2966 1034 3029 1.
1111 2962 1427 3049 Ulpianus
1473 2964 1641 3030 libro
1690 2984 1861 3028 nono
1909 2963 2219 3049 Disputa-

198 3053 494 3155 tionum..
520 3090 594 3100 —
651 3105 664 3117 .
711 3104 724 3117 .
772 3053 1007 3119 dicitur
1054 3052 1359 3118 damnum
1403 3053 1639 3118 iniuria
1685 3052 1906 3118 datum
1955 3052 2218 3139 Aquilia

197 3164 515 3227 Perseqm·
773 3229 874 3296 De
917 3230 1245 3297 mortalibus
1288 3231 1645 3297 actionibua

379 3336 504 3401 12⁸.
544 3336 622 3404 D.
657 3338 765 3421 47,
802 3338 861 3423 2,
902 3338 1001 3403 18.
1075 3335 1315 3402 Paulus
1352 3338 1521 3403 libro
1559 3359 1734 3404 nono
1772 3339 1854 3403 ad
1892 3336 2221 3403 Sabinum.

203 3460 286 3471 —
332 3473 348 3489 .
377 3475 392 3490 .
441 3425 673 3491 dicitur
719 3448 953 3492 noxam
1002 3429 1198 3510 caput
1243 3428 1440 3512 sequi.

345 3534 374 3581 1
419 3528 570 3584 Trib.
608 3532 846 3585 curator.
