2575 3900
254 933 353 1030 V.
430 931 877 1031 NERVAE
944 933 1083 1032 ET
1148 934 1612 1034 TRAIAM
1665 936 2267 1036 TEMPORUM

800 1091 1093 1192 IURIS
1162 1092 1715 1194 CONSULTI.

252 1294 297 1346 1.
349 1286 609 1342 Valerius
656 1287 907 1344 Severus.
958 1319 1021 1329 —
1071 1295 1120 1345 2.
1176 1287 1461 1343 Fulcinius
1507 1288 1746 1346 Priscus.
1795 1321 1862 1332 -
1909 1297 1958 1346 8.
2003 1291 2264 1348 Minicius

250 1357 490 1430 (Natalis
500 1359 566 1428 ⁴?).
595 1389 667 1400 —
693 1366 741 1414 4
772 1359 1035 1414 Neratius
1062 1359 1297 1415 Priscus.
1325 1389 1397 1400 —
1425 1365 1457 1415 ⁶
1505 1361 1688 1415 Titius
1708 1361 2263 1419 Aristo.—6.1avo·

543 1430 701 1486 lenus
739 1429 975 1486 Priscus.
1015 1461 1080 1472 -
1122 1436 1168 1485 7.
1207 1430 1494 1487 Iuventius
1534 1431 1724 1488 Celsus
1761 1433 1969 1503 (filius).

709 1626 786 1707 1.
854 1630 1327 1703 VALERIUS
1386 1629 1810 1704 SEVERUS

421 1774 877 1836 iurisconsultus
923 1774 1199 1835 Labeone
1244 1774 1437 1834 minor
1481 1778 1630 1835 natu
1677 1793 1714 1833 a
1749 1775 2003 1853 Iuliano,
2048 1777 2258 1856 Paulo,

240 1863 502 1942 Ulpiano
548 1864 850 1942 landawe,
898 1865 1002 1942 qui
1048 1865 1109 1923 et
1152 1863 1564 1940 respondendo
1612 1866 1675 1924 et
1718 1865 1891 1925 libris
1928 1865 2257 1926 scribendis

240 1973 485 2031 operam
530 1953 718 2028 dedit,
767 1956 1030 2014 ceterum
1074 1954 1246 2013 nobis
1293 1954 1551 2032 ignotus.

1008 2130 1055 2189 I.
1110 2130 1493 2207 Responsa.

871 2248 1261 2333 Neyotiorum
1301 2254 1624 2333 qestormn.

420 2357 475 2421 l.
534 2355 613 2419 D.
650 2346 711 2437 3,
749 2355 809 2440 5,
847 2356 950 2420 29.
1042 2354 1330 2421 Iulianus
1376 2355 1539 2421 libro
1586 2357 1783 2421 tertio
1831 2355 2253 2441 Digestorum

234 2442 335 2531 (Ρ.
375 2442 507 2530 45).
567 2479 644 2490 -
695 2405 809 2509 'Ex
859 2443 1033 2509 facto
1091 2443 1545 2528 quaerebatur.
1605 2445 1925 2529 quendam
1982 2445 2063 2510 ad
2121 2446 2253 2512 sili-

236 2534 456 2620 ginem
493 2532 825 2598 emendam
854 2535 1215 2597 curatorem
1244 2531 1501 2598 decreto
1529 2532 1771 2597 ordinis
1801 2532 2252 2617 constitutum3

234 2622 445 2687 eidem
491 2621 692 2686 alium
740 2622 1222 2686 subcuratorem
1267 2620 1692 2687 constitutum
1741 2619 2062 2705 siliginem
2100 2623 2250 2686 mis·

232 2711 438 2777 cende
496 2711 855 2795 corrupisse
906 2713 1097 2794 atque
1143 2709 1237 2774 ita
1281 2709 1560 2791 pretium
1609 2708 1916 2795 siliginis,
1971 2730 2134 2794 quae
2181 2709 2251 2774 in

227 2800 563 2885 publicum
610 2802 826 2882 empta
871 2804 1027 2883 erat,
1073 2798 1353 2862 curatori
1401 2797 1728 2863 adflictum
1773 2819 1940 2880 esse;
1994 2820 2246 2883 quaque

229 2889 487 2955 actione
562 2893 818 2953 curator
882 2908 1026 2952 cum
1093 2887 1504 2953 subcuratore
1571 2886 1845 2971 experiri
1907 2886 2118 2972 possit
2184 2892 2250 2953 et

228 2976 539 3061 consequi
583 2976 670 3060 id,
715 2979 789 3040 ut
834 2976 891 3040 ei
938 2976 1190 3041 salvum
1228 2980 1416 3059 esset,
1462 2975 1630 3060 quod
1668 2996 1862 3041 causa
1897 2976 2034 3041 eius
2074 2975 2247 3041 dam-

225 3087 389 3131 num
418 3065 711 3150 cepisset.
780 3063 1077 3130 Valerius
1107 3062 1378 3129 Severus
1405 3064 1740 3149 respondit
1768 3065 2070 3129 adversus
2100 3086 2246 3130 con-

226 3159 515 3220 tutorem
553 3152 962 3239 negotiorum
1002 3156 1331 3238 gestorum
1371 3153 1692 3220 actionem
1718 3152 1922 3218 tutori
1950 3153 2246 3220 dandam.

411 3244 469 3309 2.
516 3240 595 3307 D.
630 3241 784 3307 ibid.
822 3275 906 3289 -
943 3240 1121 3307 Idem
1165 3242 1521 3327 respondit.
1567 3247 1641 3308 ut
1684 3241 2098 3329 magistratui
2141 3242 2246 3306 ad-

224 3353 456 3398 versus
505 3331 960 3416 magistratum
1007 3330 1229 3396 eadem
1275 3332 1442 3396 actio
1489 3330 1699 3416 detur,
1753 3331 1850 3396 ita
1891 3336 2141 3417 tamen,
2179 3332 2245 3433 ‘si

224 3443 362 3487 non
418 3420 506 3485 sit
559 3420 853 3486 conscius
908 3419 1171 3486 fraudis.
1274 3420 1652 3501 [secundum
1706 3441 1867 3505 quae
1921 3421 2120 3485 etiam
2173 3418 2245 3517 in

226 3510 652 3575 subcuratore
697 3509 869 3574 idem
917 3507 1255 3575 dicendum
1303 3510 1446 3589 est]

1818 3611 1925 3666 17*
