2575 3900
787 215 835 263 6.
881 207 1295 263 IAVOLENUS
1332 207 1627 263 PRISCUS
2079 209 2216 272 473

174 391 282 436 an
349 370 460 436 hoe
521 371 654 454 ipso
707 370 875 436 heres
928 372 1246 437 institutus
1288 376 1535 454 partem
1586 372 1909 437 revocandi
1959 392 2001 434 a
2056 372 2211 454 leya-

179 459 384 524 tariis
417 461 518 525 ius
553 459 784 543 habeat,
820 460 985 542 quod
1015 481 1092 526 ea·
1125 461 1434 526 voluntate
1468 460 1734 542 defuncti
1756 461 1968 543 pluris
2002 460 2219 524 emerit

183 547 498 628 fundum,
545 569 733 630 qnam
776 550 994 632 quanti
1038 554 1186 614 erat.

381 636 750 720 Respondit:
804 639 966 720 quod
997 638 1268 721 amplius
1312 637 1479 703 heres
1513 659 1701 720 qnam
1726 639 1995 720 pretinm
2026 637 2218 719 fundi

182 725 494 808 leyatario
555 727 757 810 solvit,
819 728 888 792 id
948 727 1068 810 leye
1125 727 1419 792 Falcidia
1480 728 1780 810 imputari
1834 747 1959 791 non
2001 729 2217 810 potest,

190 815 357 896 quia
410 815 780 899 neyleyentia
825 817 956 881 eins
998 835 1207 880 nocere
1252 817 1564 898 leyatariis
1606 837 1731 880 non
1776 816 1962 900 debet,
2014 819 2217 896 utpote

187 922 342 967 cum
386 905 444 969 is
487 905 818 988 confitendo
863 925 1068 969 veram
1106 905 1587 970 aestimationem
1614 910 1932 987 praestare
1957 907 2217 986 poterat.

1036 1098 1137 1163 De
1175 1098 1385 1180 furtis.

379 1223 484 1288 24.
545 1221 620 1288 D.
640 1224 746 1306 47,
773 1224 833 1308 2,
859 1223 961 1288 75.
1032 1221 1211 1288 Idem
1240 1222 1354 1308 (se.
1382 1221 1754 1309 Iavolenus)
1783 1223 1948 1288 libro
1981 1226 2211 1308 quarto

195 1327 668 1413 Epistularum.
719 1367 794 1376 —
844 1330 1178 1395 Furtivam
1230 1330 1525 1393 ancillam
1581 1330 1736 1394 bona
1780 1331 1899 1411 fide
1940 1328 2072 1394 HS
2094 1330 2179 1394 11
2191 1327 2216 1364 ²

200 1421 474 1500 emptam
519 1439 658 1482 eum
679 1421 1071 1502 possiderem,
1117 1418 1429 1500 subripuit
1462 1419 1618 1482 mihi
1651 1419 1881 1496 Attius,
1925 1439 2063 1483 enm
2096 1438 2214 1501 qno

199 1509 262 1570 et
312 1525 415 1588 eyo
469 1511 527 1570 et
579 1509 864 1572 dominns
912 1507 1076 1586 furti
1127 1507 1386 1589 aqimus.
1463 1528 1711 1590 quaero,
1764 1512 1999 1589 quanta
2042 1508 2220 1572 aesti-

203 1597 400 1659 matio
435 1615 554 1677 pro
599 1601 850 1678 utroque
892 1596 1031 1679 fieri
1073 1596 1249 1660 debet.

381 1682 749 1765 Respondit:
793 1685 1050 1767 emptori
1085 1684 1286 1766 dupl0,
1322 1685 1541 1766 quanti
1577 1685 1707 1748 eius
1741 1684 1999 1768 interest,
2036 1686 2213 1749 aesti-

201 1773 372 1836 mari
407 1773 585 1855 debet,
628 1774 875 1838 domino
912 1778 1114 1838 antem
1149 1773 1353 1855 duplo,
1392 1775 1613 1855 quanti
1648 1793 1720 1838 ea
1755 1773 1977 1837 mulier
2008 1772 2219 1853 fuerit.

200 1880 310 1925 nee
370 1881 482 1926 nos
542 1882 774 1927 movere
834 1862 1022 1947 debet,
1084 1863 1245 1944 quod
1300 1862 1530 1927 duobus
1574 1883 1776 1944 poena
1826 1863 1989 1943 furti
2032 1882 2213 1944 prae-

204 1948 491 2033 stabitur,
566 1952 810 2036 qnippe,
881 1973 1019 2018 enm
1081 1953 1349 2017 eiusdem
1409 1953 1502 2016 rei
1561 1954 1806 2016 nomine
1853 1957 2247 2041 praestetur,

204 2041 460 2121 emptori
537 2042 668 2105 eius
735 2042 1161 2124 possessionis,
1241 2042 1486 2106 domino
1556 2042 1754 2123 ipsius
1815 2042 2221 2124 proprietatis

206 2148 392 2193 cansa
422 2132 807 2211 praestanda
849 2134 950 2195 est.

667 2323 766 2388 De
811 2326 1185 2405 adquirendo
1228 2345 1438 2389 rernm
1481 2326 1767 2389 dominio.

387 2446 490 2511 25.
561 2446 922 2531 D.50,16,
963 2447 1107 2514 115.
1205 2446 1383 2511 Idem
1446 2444 1562 2533 (so.
1614 2444 1986 2531 Iavolenus)
2048 2448 2217 2511 libro

217 2536 440 2618 quarto
495 2534 959 2617 Epistularum.
1007 2574 1088 2582 —-
1149 2536 1435 2616 Quaestio
1478 2540 1589 2616 est,
1631 2535 1866 2614 fundus
1910 2556 1951 2598 a
1987 2555 2221 2617 posses-

214 2624 376 2687 sione
409 2624 502 2687 vel
537 2644 685 2705 ayro
720 2623 813 2688 vel
835 2626 1096 2705 praedio
1131 2625 1281 2706 quid
1315 2625 1507 2688 distet.
1589 2622 1863 2706 fandns’
1903 2627 1993 2688 est
2024 2644 2221 2746 omne,

215 2711 507 2793 quidquid
555 2712 682 2776 solo
737 2717 986 2777 tenetur.
1085 2711 1272 2795 ayer'
1330 2717 1418 2777 est
1466 2714 1689 2794 speeies
1733 2712 1946 2794 fundi,
1999 2708 2089 2776 si²
2136 2712 2221 2775 ad

215 2819 389 2865 usum
459 2799 727 2865 hominis
787 2806 1196 2884 comparatur.
1311 2800 1641 2884 possess-io'
1707 2801 1784 2864 ab
1846 2821 1995 2884 ayro
2056 2794 2220 2864 iuris

207 2890 568 2973 proprietate
619 2890 837 2967 distat‚·
893 2891 1191 2973 quidquid
1240 2892 1403 2954 enim
1456 2889 1993 2975 adprehendimus,
2040 2889 2219 2953 onius

205 2979 547 3061 proprietas
599 2979 686 3043 ad
732 2998 846 3043 nos
898 3000 1022 3043 non
1058 2980 1325 3062 pertinet
1367 2984 1479 3043 aut
1520 2999 1627 3043 nee
1661 2982 1859 3060 potest
1888 2979 2218 3061 pertinere,

215 3066 317 3132 hoe
352 3068 789 3150 possessionem
841 3069 1238 3151 appellamus.
1308 3068 1601 3149 possessio
1653 3089 1789 3151 eryo
1844 3088 2021 3152 usus,
2074 3087 2222 3149 ayer

208 3157 547 3238 proprietas
601 3156 716 3221 loci
759 3162 860 3222 est.
951 3156 1321 3239 ‘praedium'
1365 3158 1679 3239 utriusque
1722 3177 1916 3238 supra
1958 3157 2223 3237 scriptae

215 3244 480 3327 ‚qenerale
550 3265 771 3310 nomen
842 3250 960 3323 est,·
1032 3267 1182 3310 nam
1245 3252 1304 3311 et
1364 3266 1508 3329 ayer
1568 3251 1626 3310 et
1672 3247 1973 3328 possessio
2035 3245 2223 3309 huius

225 3334 642 3415 appellationis
683 3335 904 3417 species
945 3340 1106 3399 sunt.

351 3512 380 3559 1
424 3507 576 3563 Ττῶ.
615 3507 851 3563 duorum
887 3524 1192 3565 aureorum.

349 3582 382 3631 2
420 3576 518 3633 Fl.
557 3579 644 3632 est
679 3578 724 3633 si
761 3577 974 3648 species
1009 3580 1186 3636 fundi.
