2575 3900
311 134 442 198 600
813 131 1287 186 OORRIGENDA
1324 130 1419 184 ΕΤ
1454 129 1709 184 ADDEN
1712 129 1827 183 DA.

451 312 505 363 p.
538 299 640 346 343
669 293 706 346 1.
747 298 804 346 8:
843 296 921 346 at.

515 397 580 405 -—
665 364 702 418 l.
736 369 826 416 14:
865 363 969 430 ubi,
1002 405 1012 415 .
1046 406 1055 416 .
1091 407 1100 415 .
1132 367 1203 416 et.

517 467 580 476 —
665 435 701 488 l.
736 441 826 488 17:
863 433 1179 503 prohibeat.
1281 463 1288 470 ·

515 539 580 547 —
665 506 700 559 1.
733 510 826 559 23:
877 506 1080 576 [aeque
1117 504 1587 576 interdicendum]
1630 548 1639 558 .
1674 548 1684 558 .
1718 547 1729 557 .
1769 508 2083 572 praetorem
2120 505 2371 576 [enim]

310 580 378 633 of.
417 579 832 720 11131233'411533'21:
873 648 938 701 D.
969 654 1056 714 21,
1087 654 1134 713 1,
1166 646 1349 717 lepr.

513 770 579 778 -—-
661 739 792 807 post
826 737 891 790 fr.
924 743 956 788 4
994 735 1293 790 inserenda
1328 739 1482 790 sunt:
1523 729 1561 784 4
1593 720 1676 758 MS·
1716 727 1787 784 D.
1821 729 1923 798 49,
1956 727 2054 799 15,
2089 728 2189 783 27.
2250 726 2364 785 Ia-

307 819 552 877 volenus
597 818 751 876 libro
797 836 953 876 nono
1001 836 1070 876 ex
1115 815 1547 892 posterioribus
1592 815 1899 875 Labeonis.

556 917 603 952 v.
643 898 941 952 Trebatius
980 915 1033 965 p.
1063 902 1185 950 417.

452 1006 506 1057 p.
539 987 706 1040 3481.
737 993 832 1040 25:
874 985 937 1039 D.
971 991 1057 1051 32,
1086 991 1172 1050 55,
1205 992 1251 1038 1.

513 1091 576 1098 —-
661 1058 697 1110 l.
729 1063 797 1110 28
809 1076 917 1124 sq.:
960 1057 1323 1126 appellantur
1361 1057 1662 1130 <quaeque
1701 1056 2120 1128 appellantur).

513 1162 578 1168 -
662 1129 698 1182 1.
731 1133 824 1181 3οι
865 1129 938 1182 ad
975 1127 1191 1182 nullam
1228 1128 1413 1184 aliam
1449 1145 1581 1182 rem.

449 1219 503 1269 p.
536 1200 703 1252 3491.
735 1205 792 1252 4:
833 1199 898 1252 D.
933 1205 1018 1266 32,
1047 1205 1135 1267 55,
1168 1199 1218 1254 7.

514 1304 579 1310 -
663 1271 699 1324 l.
731 1276 790 1324 8:
831 1269 896 1323 D.
926 1270 1063 1323 ibid.
1094 1277 1124 1336 ξ
1153 1268 1205 1323 4.

449 1360 503 1411 p.
536 1347 637 1394 352
667 1342 704 1395 l.
739 1346 794 1395 7:
835 1343 993 1397 hune
1031 1345 1235 1396 autem.

449 1431 503 1482 p.
537 1419 639 1465 353
667 1413 704 1466 1.
735 1419 828 1466 26:
870 1413 943 1465 ad
980 1413 1183 1482 legem.

447 1502 501 1553 p.
535 1490 636 1537 354
665 1485 701 1537 l.
733 1489 825 1538 30:
860 1484 1153 1539 libertatis,

450 1575 503 1624 p.
537 1561 638 1608 355
677 1556 975 1609 inserenda
1013 1558 1166 1609 sunt:

485 1630 628 1694 4¹³5&
659 1636 730 1693 D.
764 1637 866 1708 40,
901 1638 956 1703 7,
989 1637 1069 1694 39
1084 1657 1170 1712 pr.
1229 1635 1548 1694 Iavolenus
1586 1634 1740 1692 libro
1780 1637 1995 1709 quarto
2034 1655 2107 1693 ex
2144 1641 2343 1711 poste-

304 1725 558 1783 rioribus
605 1724 913 1783 Labeonis.

553 1824 600 1857 v.
643 1805 860 1858 Servius
900 1823 953 1873 p.
985 1811 1103 1857 221.

447 1895 500 1945 p.
534 1881 635 1928 355
665 1876 700 1928 1.
732 1876 1010 1944 paenult.:
1049 1879 1254 1944 togam.

1174 2020 1263 2073 De
1298 2021 1465 2085 furto.

488 2137 521 2192 7
554 2127 637 2166 ¹³²⁸·
671 2135 740 2191 D.
774 2137 877 2207 47,
911 2138 967 2207 2,
1001 2138 1077 2192 21
1095 2155 1179 2209 pr.
1245 2134 1473 2193 Paulus
1520 2134 1673 2193 libro
1720 2135 2214 2211 quadragensimo
2266 2137 2339 2194 ad

310 2223 613 2282 Sabinum.

482 2322 530 2355 v.
570 2303 866 2355 Trebaizius
904 2322 958 2371 p.
988 2310 1092 2356 418
1107 2321 1206 2371 sq.,
1244 2302 1343 2355 ubi
1385 2303 1711 2357 ‘modicum'
1751 2302 1867 2373 legi
1905 2303 2087 2358 debet.

487 2402 523 2458 8
555 2394 639 2433 ¹³¹⁵·
670 2401 741 2458 D.
776 2402 877 2476 45,
901 2403 957 2476 3,
982 2402 1036 2459 6.
1099 2401 1463 2476 Pomponius
1510 2401 1664 2459 libro
1700 2402 2022 2461 vicensimo
2059 2406 2224 2462 sexto
2264 2405 2339 2461 ad

311 2490 613 2548 Sabinum.
654 2522 742 2529 —-—
781 2489 991 2548 Ofilius
1033 2538 1042 2546 .
1078 2538 1086 2546 .
1128 2490 1381 2563 dicebat,
1427 2493 1486 2547 et
1530 2492 1784 2562 fiduciae
1829 2509 2011 2551 causa
2045 2495 2337 2565 mancipio

307 2580 650 2655 accipiendo
715 2580 811 2637 vel
877 2598 1005 2637 ewm
1064 2581 1339 2637 creditore
1402 2581 1490 2637 vel
1554 2597 1684 2637 oum
1739 2583 1923 2638 amico
1979 2576 2337 2640 contracta&

307 2688 476 2744 posse
515 2670 629 2728 soli
667 2668 720 2727 ei
750 2668 988 2742 adquiri
1017 2661 1123 2749 (se.
1153 2688 1259 2743 per
1297 2687 1532 2727 servum
1570 2661 1987 2749 communem),
2016 2671 2121 2745 qui
2147 2671 2335 2729 iussit.

485 2749 552 2803 of.
595 2749 836 2803 Sabinus
873 2749 926 2801 Π
965 2757 990 2801 1
1032 2767 1086 2817 p.
1117 2754 1221 2801 480
1261 2752 1319 2802 et
1358 2747 1580 2802 Cassius
1617 2748 1669 2801 Π
1705 2754 1736 2802 2
1773 2767 1828 2818 p.
1861 2755 1945 2803 61.

307 2892 344 2943 d
421 2892 457 2944 d
486 2828 531 2874 1.
589 2822 732 2875 Trib.
774 2824 829 2874 et
875 2837 976 2888 per
1021 2819 1385 2873 tradibionem
1432 2836 1543 2873 ace.
1593 2819 1681 2873 vel
1729 2820 2059 2890 deponendo
2097 2838 2333 2876 eommo-

347 2908 418 2945 an
460 2909 618 2959 oque.

1071 3007 1164 3064 De
1206 3010 1573 3081 usucapione.

452 3130 489 3187 8
520 3126 601 3160 “³¹-
637 3130 706 3186 D.
749 3133 851 3205 49,
895 3133 993 3208 15,
1038 3134 1137 3190 27.
1227 3133 1542 3191 Iavolenus
1600 3133 1753 3191 libro
1808 3151 1965 3192 nono
2020 3154 2089 3192 ex
2144 3136 2333 3210 poste·

309 3219 572 3277 rioribus
637 3218 946 3281 Labeonis.
1002 3254 1090 3263 —
1144 3221 1433 3280 Latrones
1497 3221 1610 3278 tibi
1670 3240 1903 3280 servum
1969 3224 2334 3297 eripuerant3

309 3310 518 3383 postea
573 3309 624 3367 is
682 3327 886 3368 servus
943 3311 1017 3368 ad
1066 3309 1389 3369 Germanos
1435 3314 1799 3385 pervenerat.
1889 3310 2027 3369 inde
2072 3312 2136 3368 in
2181 3312 2333 3370 bello

307 3399 482 3456 victis
514 3396 826 3458 Germanis
866 3414 1068 3457 servus
1106 3398 1385 3457 venierat.
1454 3402 1675 3476 negant
1710 3419 1881 3475 posse
1918 3402 2168 3477 usucapi
2205 3422 2333 3460 eum

310 3487 384 3545 ab
423 3491 688 3563 emptore
725 3488 920 3546 Labeo
959 3487 1170 3546 Ofilius
1209 3487 1541 3562 TrebatiUS,
1590 3490 1731 3563 quia
1774 3510 1979 3548 verum
2016 3494 2169 3549 esset
2204 3510 2332 3550 eum
