2575 3900
296 173 423 238 138
456 173 551 228 III.
573 171 726 229 GAII
744 171 1040 228 CLAUDII
1057 170 1329 228 NERON.
1351 169 1641 226 GALBAE
1663 171 1881 228 TEMP.
1898 170 2092 227 IURIS
2113 170 2258 228 CON
2262 173 2317 229 S.

698 352 798 419 De
841 353 1220 436 adquirendo
1263 373 1476 418 rerum
1517 353 1805 418 dominio.

469 461 574 528 21.
621 459 701 525 D.
727 461 835 542 41,
868 459 926 544 1,
954 459 1059 524 28.
1130 458 1312 524 Idem
1358 455 1475 544 (sc.
1519 455 1945 546 Pomponius)
1990 459 2158 525 libro
2204 460 2319 524 tri-

297 549 591 636 gensimo
630 550 822 650 tertio
860 548 942 614 ad
980 545 1295 650 Sabinum
1334 546 1436 650 ζΡ.
1467 545 1644 634 781).
1671 583 1758 650 s·-
1791 545 1860 613 Si
1892 569 2095 650 ‘supra
2129 551 2316 612 tuum

293 642 905 793 ffifflfflg}
940 636 1825 810 fizss¹35210332135393333
1850 658 1986 790 {221⁸
2003 636 2317 790 1330}ssssss

290 821 474 882 tuum
532 815 895 901 proprium,
959 815 1498 899 quemadmodum
1553 813 1764 898 fieret,
1830 815 1998 899 quod
2053 815 2120 878 in
2176 814 2316 880 solo

290 910 405 971 tuo
455 905 617 969 alius
666 903 1085 969 aedificasset.

470 995 575 1058 22.
631 992 710 1058 D.
746 993 853 1076 41,
894 995 952 1076 1,
988 993 1093 1057 24.
1131 992 1217 1057 26
1232 1015 1329 1076 pr.
1419 989 1656 1057 Paulus
1710 992 1880 1057 libro
1931 995 2164 1077 quarto
2215 991 2318 1056 de-

296 1084 464 1148 cimo
513 1083 594 1147 ad
644 1079 958 1146 Sabinum
1005 1079 1105 1166 (P.
1137 1078 1357 1165 1868).
1404 1115 1494 1128 -—
1538 1080 1615 1145 In
1661 1081 1978 1164 omnibus,
2026 1103 2190 1165 quae
2236 1080 2316 1145 ad

294 1171 558 1236 eandem
607 1171 883 1255 speciem
929 1171 1167 1235 reverti
1202 1191 1335 1234 non
1370 1173 1665 1255 possunt,
1714 1171 2053 1235 dicendum
2090 1173 2211 1253 est,
2259 1169 2316 1234 si

293 1261 569 1326 materia
630 1263 931 1324 manente
992 1259 1236 1344 species
1293 1259 1628 1324 dumtaxat
1681 1258 1849 1324 forte
1904 1261 2158 1323 mutata
2213 1257 2318 1339 sit,

295 1349 496 1415 veluti
554 1349 610 1414 si
668 1370 810 1414 meo
864 1369 1009 1412 aere
1058 1351 1342 1413 statuam
1392 1351 1504 1413 aut
1549 1351 1821 1432 argento
1871 1347 2184 1432 scyphum
2227 1345 2319 1411 fe·

295 1439 524 1516 cisseS,
597 1459 697 1501 me
774 1459 998 1502 eorum
1062 1438 1395 1502 dominum
1459 1457 1735 1501 manere.
1794 1433 1806 1524 Ι
1865 1436 1976 1501 sed
2037 1437 2092 1500 si
2158 1435 2320 1500 meis

293 1527 539 1593 tabulis
567 1548 801 1592 navem
830 1526 1114 1611 fecisses,
1140 1530 1322 1591 tuam
1350 1546 1579 1590 navem
1607 1547 1771 1610 esse,
1800 1526 1950 1610 quia
1978 1545 2320 1610 cupressus

293 1639 422 1681 non
488 1618 805 1694 maneret,
870 1613 1066 1680 sicuti
1121 1635 1240 1679 nec
1294 1615 1447 1679 lana
1501 1614 1890 1679 vestimento
1947 1613 2155 1697 fact0,
2209 1612 2321 1678 sed

296 1726 708 1790 cupresseum
756 1706 871 1768 aut
914 1704 1169 1768 laneum
1208 1725 1439 1788 corpus
1476 1704 1660 1768 fieret
1689 1753 1704 1767 .
1732 1701 2042 1768 Proculus
2080 1701 2322 1767 indicat

297 1795 422 1858 hoc
478 1795 616 1857 iure
662 1814 783 1856 nos
829 1791 954 1878 uti,
1010 1792 1178 1876 quod
1226 1791 1448 1856 Servio
1496 1795 1562 1857 et
1605 1790 1894 1857 Labeoni
1939 1791 2320 1875 placuisset:

295 1882 364 1946 in
411 1882 643 1966 quibus
689 1881 953 1966 propria
998 1880 1281 1967 qualitas
1329 1882 1882 1965 [ex]spectaretur,
1929 1881 1988 1944 si
2025 1880 2175 1966 quid
2215 1880 2322 1944 ad-

300 1972 504 2036 ditum
544 1972 689 2053 erit,
725 1975 868 2034 toto
900 1970 1086 2052 cedit,
1125 1973 1197 2034 ut
1225 1974 1480 2034 statuae
1509 1990 1620 2053 pes
1651 1974 1764 2034 aut
1793 1992 2038 2055 manuS,
2075 1969 2320 2053 scypho

300 2060 540 2125 fundus
588 2063 702 2123 aut
750 2080 935 2142 ansa,
983 2058 1150 2122 lecto
1188 2058 1496 2141 fulcrum,
1540 2059 1690 2123 navi
1738 2059 1986 2142 tabula,
2033 2058 2322 2124 aedificio

303 2150 722 2213 caementum.

474 2241 705 2300 Paulus
736 2239 929 2299 addit:
961 2234 1118 2302 ‘tota
1145 2240 1306 2299 enim
1333 2239 1460 2300 eius
1491 2244 1651 2317 sunt,
1679 2241 1848 2301 cuius
1877 2248 2016 2301 ante
2035 2234 2320 2301 fuerant'.

1007 2394 1109 2461 De
1151 2416 1352 2477 aquae
1394 2396 1596 2460 ductu.

475 2504 579 2568 23.
624 2502 704 2568 D.
734 2504 791 2580 8,
822 2503 887 2587 3,
914 2503 1018 2569 24.
1082 2500 1481 2587 Pomponius
1508 2501 1678 2567 libro
1708 2501 2092 2587 trigensimo
2121 2500 2319 2567 tertio

299 2591 381 2657 ad
426 2590 737 2658 Sabinum
778 2589 878 2679 (P.
919 2589 1095 2677 788).
1146 2628 1222 2639 —
1271 2590 1376 2655 Ex
1420 2612 1564 2656 meo
1613 2612 1816 2675 aquae
1863 2590 2060 2656 ductu
2105 2589 2323 2656 Labeo

303 2681 526 2747 scribit
572 2682 843 2747 cuilibet
887 2703 1079 2765 posse
1125 2702 1228 2745 me
1272 2680 1486 2745 vicino
1533 2679 1966 2764 commodare3
2010 2678 2324 2744 Proculus

301 2776 555 2854 contra,
612 2775 685 2834 ut
729 2792 810 2835 ne
856 2770 926 2834 in
971 2774 1227 2854 partem
1272 2766 1432 2833 mei²
1485 2768 1668 2834 fundi
1716 2768 1940 2847 aliam,
1983 2790 2192 2853 quam
2241 2768 2321 2833 ad

304 2880 497 2943 quam
546 2859 823 2923 servitus
870 2858 1193 2943 adquisita
1237 2859 1354 2941 sit,
1401 2854 1578 2923 duei²
1625 2879 1702 2922 ea
1745 2856 1974 2941 possit.

711 3048 815 3108 IV.
868 3047 1203 3108 Incertae
1251 3048 1440 3108 sedis
1487 3050 1912 3127 fragmenta..

476 3162 733 3237 Reliqua
803 3162 1168 3239 fragmenta,
1240 3167 1424 3238 prout
1491 3184 1761 3243 quaeque
1825 3164 2018 3242 magis
2083 3166 2160 3223 ad
2222 3164 2318 3225 ius

300 3251 473 3311 civile
534 3255 642 3310 aut
696 3251 771 3310 ad
825 3251 922 3311 ius
975 3251 1362 3312 honorarium
1415 3255 1743 3331 pertinent,
1807 3253 1873 3313 in
1927 3254 2044 3313 duo
2101 3272 2324 3331 genera

303 3339 597 3399 distribui.

445 3479 473 3526 1
514 3472 611 3529 Fz.
649 3491 831 3529 meam
867 3478 1101 3545 partem.

443 3552 474 3599 2
516 3544 613 3602 Fz.
650 3546 751 3601 uti.
