2575 3900
835 221 884 269 6.
929 211 1347 267 IAVOLENUS
1380 210 1675 268 PRISCUS
2127 214 2257 277 471

234 381 552 446 nationem
605 380 737 443 eius
788 376 1158 457 conferatur.
1248 396 1355 440 nec
1386 380 1588 458 potest
1635 377 1832 442 videri
1874 376 1945 441 id
1973 382 2254 459 praesta-

239 475 420 534 turus
463 468 627 550 quod
666 467 834 532 alius
864 466 1153 548 possidet,
1197 485 1337 529 cum
1381 467 1617 529 actione
1655 467 1940 530 mandati
1973 466 2257 547 consequi

235 579 372 624 rem
423 557 644 641 possit,
699 557 792 620 ita
840 559 913 619 ut
961 559 1074 618 aut
1126 554 1254 634 ipse
1298 557 1566 635 patrono
1619 555 1903 620 restituat
1961 558 2074 618 aut
2115 575 2257 619 eum

236 668 378 712 cum
412 667 530 729 quo
565 646 930 710 mandatum
964 643 1271 708 contraxit
1304 644 1615 707 restituere
1648 647 1836 727 coyat.
1907 644 2059 726 quid
2090 644 2257 708 enim

233 737 524 814 dieemuS,
567 736 626 799 si
670 734 727 798 is
768 734 877 816 qui
919 733 992 796 in
1024 751 1093 795 re
1125 732 1519 812 interpositus
1554 736 1657 813 est,
1702 731 1863 796 nihil
1896 733 2034 797 dolo
2065 731 2259 811 fecit?

235 845 367 890 non
411 823 838 901 dubitabimus,
883 822 1036 903 quin
1079 820 1251 884 omni
1293 821 1469 885 modo
1511 841 1649 884 cum
1691 841 1757 884 eo
1802 821 1909 902 aqi
1950 841 2076 885 non
2110 840 2258 902 pos-

235 914 336 979 sit.
443 913 594 995 quid
651 910 859 976 enim?
922 906 1112 974 num¹
1169 913 1365 989 potest
1416 909 1611 974 videri
1662 909 1798 974 dolo
1847 908 2083 993 fecisse,
2146 910 2258 991 qui

233 1003 422 1086 fidem
464 1022 645 1066 suam
689 1000 886 1064 amico
931 998 1334 1062 commodavit
1377 1003 1442 1062 et
1481 994 1727 1083 magis²
1762 998 1881 1062 alii
1915 1019 2102 1081 quam
2138 999 2259 1063 sibi

231 1111 312 1156 ex
358 1090 560 1155 liberti
598 1089 824 1170 fraude
867 1083 1250 1170 adquisiit?3

866 1245 966 1310 De
1005 1245 1282 1325 formula
1326 1245 1637 1310 Fabiana.

220 1437 226 1444 ¹
420 1365 520 1429 19.
557 1363 824 1428 Lacinia
853 1361 1345 1426 membranacea
1373 1382 1449 1424 ex
1469 1360 1771 1446 Aegypto
1790 1360 2251 1426 Vindobonam

234 1454 307 1518 in
361 1451 803 1517 collectionem
859 1449 1144 1532 Rayneri
1203 1449 1561 1514 archiducis
1614 1449 1799 1513 illata
1854 1451 1924 1513 in
1983 1448 2249 1516 Collect.

236 1542 383 1608 libr.
421 1543 538 1606 iur.
577 1541 697 1605 ciV.
734 1538 831 1603 III
859 1562 920 1623 p.
958 1538 1107 1603 300.
1155 1574 1235 1584 —
1285 1585 1302 1601 .
1331 1586 1346 1602 .
1391 1539 1463 1602 de
1505 1539 1613 1602 illo
1657 1539 1993 1619 quaeritur,
2037 1541 2095 1603 si
2127 1559 2251 1620 pro

233 1631 489 1695 muliere
541 1631 734 1694 dotem
787 1628 1040 1708 dederit,
1094 1628 1232 1709 quis
1285 1631 1559 1716 teneatur
1610 1626 1725 1690 hac
1764 1625 2053 1706 formula.
2143 1629 2253 1692 sed

234 1722 307 1784 in
352 1719 668 1802 proposito
720 1722 779 1782 et
827 1714 1155 1781 Iavolenus
1208 1717 1524 1798 confitetur
1574 1735 1713 1780 cum
1765 1717 1898 1780 viro
1952 1717 2252 1781 actionem

233 1829 362 1874 esse
404 1813 462 1873 et
503 1809 572 1872 id
611 1806 680 1870 in
725 1806 818 1869 rei
861 1806 1119 1870 uxoriae
1163 1803 1481 1869 actionem
1526 1805 1817 1870 dissoluto
1852 1806 2251 1870 matrimonio

237 1919 368 1964 non
412 1893 669 1963 venire}

415 1988 519 2051 20.
575 1985 737 2050 Ibid.
787 2022 865 2031 —
915 1983 1042 2049 Sed
1097 1982 1154 2048 si
1209 1983 1445 2047 marito
1503 1983 1859 2048 debitorem
1904 2004 2086 2049 suum
2132 1984 2257 2049 ius·

235 2077 386 2141 serit
453 2077 647 2140 dotem
709 2074 1064 2156 promittere
1135 2073 1409 2155 libertus,
1488 2074 1812 2137 secundum
1892 2070 2258 2137 Iavolenum

237 2166 479 2248 quidem
522 2170 580 2228 et
617 2169 755 2245 post
794 2164 1123 2228 divortium
1167 2162 1297 2242 ipse
1341 2161 1649 2240 tenebitur,
1694 2166 1765 2225 ut
1805 2162 2071 2226 actiones
2105 2180 2257 2226 suas

230 2258 520 2335 praestet,
573 2256 631 2317 si
683 2253 958 2317 nondum
1010 2250 1234 2333 exeyit5
1288 2251 1396 2314 sed
1446 2251 1504 2313 si
1556 2250 1737 2331 culpa
1788 2251 1920 2315 eius
1971 2251 2256 2316 solvendo

235 2362 361 2407 esse
404 2341 587 2406 desiit
627 2341 881 2424 debitor,
918 2339 1191 2422 periculo
1227 2339 1485 2420 patroni
1518 2339 1722 2420 periit.

1067 2564 1284 2624 Liber
1328 2562 1431 2622 IV.

977 2672 1079 2738 De
1124 2674 1511 2739 testamentis.

415 2791 520 2855 21.
576 2790 654 2855 D.
683 2790 874 2875 29,2,
905 2790 1006 2855 76.
1096 2788 1435 2853 Iavolenus
1491 2787 1657 2852 libro
1708 2791 1941 2873 quarto
1987 2788 2255 2873 Epistu-

239 2882 468 3030 lamni:
529 2968 604 3034 Si
666 2973 733 3033 tu
795 2988 870 3033 ex
913 2973 1095 3050 parte
1151 2971 1324 3031 sexta
1376 2966 1485 3031 sub
1536 2966 1882 3031 condicione
1932 2967 2253 3033 institutus

233 3059 459 3141 fuisses
503 3058 670 3123 heres
714 3061 772 3121 et
813 3058 1117 3122 omittente
1149 3060 1397 3137 partem
1441 3076 1623 3120 suam
1662 3056 1843 3138 Titio,
1888 3058 1990 3120 cui
2030 3057 2253 3122 substi-

237 3154 401 3213 tutus
462 3168 626 3226 eras,
690 3166 766 3212 ex
826 3146 1246 3212 substitutione
1310 3146 1597 3212 crevisses
1608 3141 1650 3227 ⁵,
1716 3145 1930 3209 deinde
1981 3145 2254 3210 condicio

381 3310 408 3357 1
449 3303 543 3359 Fi.
583 3320 712 3359 non.
784 3309 816 3357 2
856 3301 950 3357 Fl.
989 3299 1367 3356 commodavit
1402 3318 1570 3370 quam
1607 3300 1721 3355 alii.
1796 3306 1827 3353 3
1865 3301 2039 3356 Lenel
2077 3302 2251 3356 verba.

241 3376 432 3445 ‘quam
469 3374 568 3429 alii
605 3416 618 3429 .
652 3417 664 3429 .
695 3416 707 3429 .
747 3372 1035 3442 adquisiit’
1074 3372 1463 3426 transferenda
1508 3389 1626 3427 esse
1661 3372 1827 3442 putat
1863 3376 1991 3439 post
2029 3373 2109 3427 ‘in
2145 3372 2252 3426 re'.

240 3452 273 3500 4
325 3446 495 3500 Lenel
546 3445 606 3501 P.
647 3444 700 3498 II
739 3442 840 3499 col.
887 3449 1020 3498 1231
1079 3441 1343 3498 coniecit:
1403 3442 1483 3497 ‘et
1533 3442 1683 3497 idem
1738 3440 2025 3526 p<robat)
2082 3443 2253 3497 etiam

240 3515 510 3571 dissoluto
547 3513 928 3581 matrimonio,
986 3513 1085 3567 sed
1120 3514 1313 3569 venire
1348 3512 1553 3585 t<anto
1592 3512 1773 3568 minus
1808 3530 1869 3569 ιιι
1906 3512 1991 3569 rei
2024 3514 2254 3568 uxoriae

241 3588 530 3643 actionem.
606 3585 788 3658 sed>'.
933 3591 964 3639 ὃ
1008 3586 1156 3640 Trib.
1195 3585 1425 3640 adisses.
