2575 3900
360 168 496 231 544
1095 163 1651 221 ADDITAMENTA.

363 352 702 415 personam
749 333 920 414 agat,
967 329 1289 411 suscipere
1327 327 1645 412 (debere)
1693 328 1906 412 ipsum
1945 328 2025 392 ad
2060 328 2193 392 litis
2234 349 2393 392 con-

363 418 803 501 testationem,
849 417 960 482 sed
999 417 1446 482 sustinendum
1483 416 1804 500 iudicium,
1842 416 2043 482 donec
2080 416 2157 480 de
2187 415 2393 482 liber-

363 512 500 572 tate
551 506 894 590 iudicetur3
951 527 1069 570 nec
1123 506 1328 571 videri
1383 505 1846 589 praeiudicium
1904 505 2189 570 libertati
2246 505 2393 570 fieri

365 600 480 660 aut
526 596 856 661 voluntate
903 594 1148 660 domini
1195 595 1263 659 in
1310 596 1611 659 libertate
1658 616 1805 658 eum
1852 594 2107 659 morari.

1027 735 1128 801 De
1159 738 1381 818 patria
1412 741 1721 820 potestate.

547 845 676 909 66?
726 843 801 908 D.
834 845 890 926 1,
918 844 978 925 9,
1009 844 1067 926 7,
1100 847 1154 908 1.
1221 841 1540 927 Ulpianus
1585 843 1751 907 libro
1798 843 2007 926 primo
2056 842 2135 906 ad
2171 843 2391 927 legem

363 934 601 999 Iuliam
657 936 722 996 et
774 931 1065 1016 Papiam.
1105 969 1180 978 -—
1234 930 1304 996 Si
1364 931 1507 1016 quis
1563 935 1909 1015 conceptus
1966 931 2224 1015 quidem
2282 931 2392 1013 sit,

367 1028 717 1107 antequam
781 1029 966 1105 pater
1021 1021 1155 1084 eius
1214 1025 1444 1084 senatu
1499 1025 1860 1104 moveatur,
1920 1024 2113 1084 natus
2171 1023 2391 1084 autem

367 1116 516 1195 post
571 1110 776 1194 patris
834 1109 1137 1173 emissam
1191 1109 1607 1194 dignitatem,
1668 1110 1877 1194 magis
1936 1112 2035 1173 est
2079 1111 2153 1172 ut
2200 1108 2393 1192 quasi

371 1198 686 1265 senatoris
727 1198 902 1262 filius
942 1197 1394 1283 intellegatur3
1440 1202 1696 1281 tempus
1736 1198 1909 1262 enim
1946 1197 2387 1282 conceptionis

369 1287 788 1373 spectandum
829 1287 1154 1372 plerisque
1200 1287 1459 1369 placuit.

547 1377 648 1440 67.
697 1373 835 1440 Gai.
871 1380 926 1458 1,
953 1375 1056 1440 90.
1105 1412 1188 1420 —
1232 1424 1246 1438 .
1280 1428 1292 1440 .
1332 1375 1389 1440 si
1435 1375 1536 1439 cui
1584 1374 1838 1439 mulieri
1885 1375 2008 1439 civi
2052 1373 2390 1439 Romanae

369 1464 709 1550 praegnati
756 1485 924 1548 aqua
971 1469 1035 1528 et
1075 1463 1214 1549 igni
1249 1463 1668 1528 interdictum
1705 1462 1920 1546 fuerit,
1956 1484 2157 1547 eoque
2194 1463 2389 1528 modo

368 1555 710 1639 peregrina
754 1553 928 1618 facta
971 1558 1124 1616 tunc
1170 1551 1412 1637 pariat,
1457 1551 1819 1635 complures
1868 1551 2276 1636 distinguunt
2327 1555 2392 1615 et

369 1647 628 1727 putant,
685 1641 999 1726 siquidem
1056 1663 1132 1705 ex
1195 1642 1386 1706 iustis
1441 1641 1685 1724 nuptiis
1741 1642 2125 1724 conceperit,
2183 1640 2388 1705 civem

368 1732 733 1797 Romanum
780 1752 857 1794 ex
904 1752 980 1794 ea
1024 1729 1221 1813 nasci,
1269 1729 1324 1793 si
1360 1751 1512 1794 vero
1551 1730 1748 1812 vulgo
1787 1729 2169 1813 conceperit,
2214 1751 2389 1812 pere-

372 1840 631 1903 grmum
677 1841 754 1882 ex
801 1841 875 1883 ea
920 1841 1118 1884 nascl.

550 1907 652 1973 68.
700 1905 837 1972 Gai.
871 1909 927 1993 l,
956 1909 1058 1973 91.
1105 1943 1178 1953 -
1219 1906 1386 1972 Item
1416 1907 1474 1972 si
1501 1927 1628 1990 qua
1654 1906 1883 1971 mulier
1909 1906 2066 1973 civis
2094 1905 2395 1973 Romana

370 2017 686 2083 praegnas
753 2018 829 2060 ex
895 1998 1457 2061 senatusconsulto
1519 1992 1871 2061 Claudiano
1929 1996 2161 2060 ancilla
2216 1996 2395 2061 facta

374 2088 462 2151 sit
528 2086 610 2150 ob
676 2085 743 2150 id
809 2085 980 2170 quod
1045 2085 1258 2150 alieno
1326 2106 1509 2149 servo
1573 2084 1777 2149 invito
1846 2088 1912 2149 et
1977 2085 2394 2149 denuntiante

375 2175 636 2239 domino
684 2175 820 2237 eius
858 2173 1186 2259 (coierit),
1235 2173 1575 2257 conplures
1624 2173 2031 2258 distinguunt
2067 2178 2131 2238 et
2168 2173 2394 2238 existi-

374 2266 574 2345 mant,
623 2263 676 2326 si
723 2262 981 2346 quidem
1030 2283 1106 2326 ex
1144 2263 1332 2327 iustis
1370 2262 1612 2345 nuptiis
1651 2264 1999 2345 conceptus
2038 2262 2142 2347 sit,
2187 2262 2393 2326 civem

372 2352 737 2416 Romanum
794 2372 870 2415 ex
927 2374 1002 2415 ea
1056 2351 1262 2435 nasci,
1318 2351 1374 2415 si
1428 2372 1579 2415 vero
1627 2350 1821 2434 vulgo
1879 2357 2226 2435 conceptus
2286 2352 2395 2434 sit,

375 2462 627 2505 servum
675 2440 854 2504 nasci
901 2441 1036 2504 eius
1085 2439 1265 2505 cuius
1314 2444 1523 2504 mater
1567 2440 1741 2503 facta
1787 2442 1957 2504 esset
2004 2439 2259 2504 ancilla.

552 2529 681 2593 69?
744 2529 818 2592 D.
861 2529 969 2610 50,
1015 2530 1078 2611 1,
1119 2530 1185 2612 1,
1222 2530 1281 2594 2.
1374 2528 1691 2612 Ulpianus
1749 2527 1916 2593 libro
1974 2527 2253 2593 secundo
2312 2527 2392 2592 ad

374 2620 672 2684 edictum.
731 2655 814 2663 —
883 2616 1106 2681 Celsus
1163 2668 1177 2684 .
1226 2667 1242 2683 .
1297 2617 1493 2682 refert
1566 2616 1853 2681 Ponticis
1929 2638 2005 2680 ex
2079 2616 2391 2681 beneficio

373 2708 638 2791 Pompei
673 2706 898 2792 Magni
945 2710 1325 2789 competere,
1373 2711 1445 2770 ut
1492 2705 1603 2789 qui
1643 2705 1908 2770 Pontica
1954 2709 2157 2769 matre
2194 2710 2393 2769 natus

375 2804 570 2880 esset,
642 2796 952 2860 Ponticus
1029 2799 1214 2859 esset.
1335 2794 1505 2878 quod
1579 2794 1960 2858 beneficium
2035 2794 2113 2859 ad
2194 2796 2395 2879 vulgo

375 2885 706 2967 quaesitos
755 2885 926 2949 solos
972 2884 1293 2968 pertinere
1340 2882 1599 2967 quidam
1645 2886 1894 2967 putant.

967 3041 1067 3107 De
1109 3044 1407 3126 emptione
1451 3044 1805 3107 venditione.

1082 3156 1175 3214 De
1218 3157 1399 3229 fundo
1444 3157 1683 3215 vendita

558 3256 657 3320 70.
688 3253 908 3321 Cicero
941 3256 1016 3319 de
1046 3256 1210 3319 offic.
1232 3257 1292 3334 3,
1317 3256 1417 3339 16,
1433 3255 1535 3321 65.
1559 3294 1639 3302 —
1670 3306 1686 3322 .
1706 3304 1721 3321 .
1752 3278 1791 3320 a
1817 3256 1973 3320 iuris
2004 3254 2320 3321 consultis
2342 3305 2357 3320 .
2378 3305 2395 3320 .

375 3344 749 3410 reticentiae
805 3366 1012 3428 poena
1069 3349 1167 3409 est
1213 3345 1592 3426 constituta3
1648 3344 1955 3429 quidquid
2002 3344 2173 3408 enim
2222 3348 2395 3409 esset

376 3436 446 3499 in
490 3434 755 3519 praedio
801 3434 961 3517 vitii,
1007 3433 1071 3496 id
1121 3437 1513 3519 statuerunt,
1559 3434 1613 3497 si
1660 3434 1953 3498 venditor
1999 3433 2219 3517 sciret,
2264 3433 2397 3499 nisi

376 3523 760 3589 nominatim
807 3523 1048 3586 dictum
1097 3526 1264 3586 esset
1311 3524 1628 3605 praestari
1674 3525 1989 3606 oportere.
