2575 3900
315 151 450 214 570
1053 148 1609 205 ADDITAMENTA.

315 314 636 399 pertineat
680 313 1034 398 quaeritur,
1077 313 1142 377 id
1189 317 1291 378 est
1336 316 1409 377 ut
1451 313 1519 377 in
1566 313 1754 378 bonis
1800 312 2021 377 Latini
2066 314 2355 378 materni

314 405 534 487 potior
581 404 671 468 sit
704 407 1020 486 patronae
1055 401 1224 467 filius
1260 423 1457 487 quam
1494 401 1679 467 heres
1718 407 2058 467 extraneus
2094 403 2352 466 matris.

495 497 568 556 ef.
615 515 672 572 p.
705 499 806 556 21.

1146 577 1247 645 De
1293 579 1517 664 loyatis.

498 697 557 762 8.
605 695 744 761 Gai.
790 697 851 774 2,
899 696 1048 760 200.
1094 731 1179 743 -
1226 693 1397 760 Illud
1443 695 1791 779 quaeritur,
1828 696 1999 780 quod
2037 695 2157 760 sub
2196 717 2355 761 oon-

318 785 569 850 dicione
614 807 732 869 per
779 784 1279 850 vindicationem
1326 785 1615 869 legatum
1662 787 1778 867 est,
1829 783 2147 869 pendente
2194 806 2351 849 oon·

318 873 569 940 dicione
615 875 795 940 ouius
843 874 943 938 sit.

497 968 568 1028 cf.
615 968 696 1045 ΙΙ,
745 972 777 1026 1
829 988 885 1042 p.
933 969 1089 1041 4393
1137 985 1323 1043 supra
1366 985 1424 1042 p.
1474 968 1600 1026 144

497 1061 557 1125 9.
613 1060 750 1125 Gai.
797 1062 858 1144 2,
903 1060 1053 1124 212.
1101 1096 1185 1105 -
1252 1108 1268 1123 .
1306 1110 1321 1124 .
1377 1060 1432 1124 si
1478 1063 1631 1144 post
1673 1063 1945 1124 mortem
2010 1060 2354 1124 testatoris

319 1173 398 1215 ea
451 1172 553 1214 res
613 1146 725 1233 (se.
784 1171 949 1233 quae
998 1149 1245 1212 sinendi
1299 1148 1492 1213 modo
1558 1149 1843 1234 legatum
1906 1145 2034 1235 est)
2096 1148 2355 1213 heredis

319 1261 460 1303 esse
505 1238 808 1321 coeperit,
855 1238 1184 1323 quaeritur
1231 1259 1316 1300 an
1361 1237 1519 1302 utile
1568 1237 1654 1301 sit
1698 1238 2003 1320 legatum.

501 1327 601 1392 10.
649 1325 726 1390 D.
773 1327 879 1408 33,
928 1327 986 1411 7,
1033 1327 1136 1391 21.
1227 1324 1625 1409 Pomponius
1670 1326 1836 1391 libro
1882 1327 2095 1410 primo
2143 1325 2356 1390 Fidei-

320 1415 830 1482 oommissorum.
850 1451 936 1462 —-
964 1411 1158 1500 (Cum
1195 1413 1432 1479 fundus
1462 1414 1601 1479 sine
1628 1415 2062 1479 instrumento
2092 1416 2351 1500 legatus

322 1504 456 1589 sit,)
509 1504 584 1568 de
632 1504 824 1569 molis
875 1552 889 1567 .
928 1555 942 1569 .
991 1504 1214 1587 quaeri
1269 1504 1460 1588 solet,
1514 1525 1658 1567 eum
1716 1504 1811 1568 ita
1867 1504 2118 1569 adfixae
2176 1505 2351 1569 itave

320 1593 764 1658 inaedificatae
804 1593 956 1675 sint,
993 1596 1068 1656 ut
1097 1595 1318 1676 partes
1350 1591 1785 1657 aedificiorum
1818 1613 1959 1658 esse
1989 1593 2349 1658 videantur.

987 1751 1089 1816 De
1134 1751 1406 1816 libertate
1448 1752 1677 1818 relicta.

503 1871 602 1933 11.
649 1866 788 1932 Gai.
822 1869 880 1952 2,
910 1868 1056 1933 236.
1102 1903 1176 1913 -
1219 1864 1355 1931 Νθθ
1391 1866 1659 1932 libertas
1708 1916 1722 1931 .
1752 1915 1765 1929 .
1800 1888 2041 1951 poenae
2080 1869 2347 1933 nomine

321 1959 461 2024 dari
509 1961 740 2042 potest,
788 1958 1080 2041 quamvis
1132 1957 1208 2021 de
1249 1979 1326 2021 ea
1370 1979 1440 2020 re
1487 1956 1681 2021 fuerit
1728 1957 2110 2041 quaesitum.

989 2116 1090 2181 De
1125 2117 1342 2199 patria
1375 2121 1681 2200 potestate.

503 2234 601 2297 12.
669 2231 808 2295 Gai.
863 2235 915 2307 1,
967 2233 1108 2298 106.
1183 2269 1255 2279 —
1322 2281 1336 2295 .
1374 2281 1389 2297 .
1443 2233 1557 2295 illa
1618 2231 1937 2316 quaestiO,
2002 2254 2087 2296 an
2135 2234 2352 2298 minor

320 2325 478 2386 natu
539 2321 849 2385 maiorem
905 2327 1065 2385 natu
1115 2322 1424 2404 adoptare
1470 2322 1703 2405 possit,
1765 2322 2097 2405 utriusque
2154 2322 2357 2406 adop—

321 2411 516 2475 tionis
566 2410 925 2474 communis
975 2414 1090 2473 est.

506 2499 602 2563 13.
642 2498 782 2563 Gai.
826 2502 879 2581 1,
911 2500 1011 2564 74.
1043 2536 1126 2545 —-—
1166 2546 1180 2561 .
1211 2546 1227 2563 .
1257 2499 1312 2562 si
1339 2498 1721 2582 peregrinus
1751 2498 1955 2563 civem
1982 2498 2355 2564 Romanum

322 2588 592 2671 duxerit,
642 2611 723 2652 an
770 2610 848 2652 ex
895 2588 1457 2652 senatusconsulto
1510 2608 1771 2652 eausam
1802 2588 2079 2671 probari
2125 2590 2358 2672 possit,

323 2679 689 2762 quaesitum
737 2681 852 2742 est.

1120 2764 1218 2829 De
1262 2766 1550 2829 societate.

506 2882 604 2945 14.
654 2880 792 2945 Gai.
831 2881 890 2960 3,
933 2880 1074 2944 149.
1121 2917 1196 2927 -
1239 2880 1478 2965 Magna
1514 2931 1565 2945 ..
1606 2881 1899 2965 quaestio
1936 2880 2078 2961 fuit,
2127 2903 2215 2945 an
2261 2883 2358 2947 ita

324 2969 480 3034 coiri
520 2970 728 3051 possit
767 2971 1062 3053 societas,
1109 2973 1181 3033 ut
1220 2971 1362 3053 quis
1400 2970 1707 3033 maiorem
1746 2974 1997 3053 partem
2044 2971 2359 3056 lueretur,

324 3059 643 3122 minorem
691 3058 910 3121 damni
955 3061 1260 3142 praestet.

502 3152 574 3211 ef.
624 3150 688 3221 Q.
737 3152 995 3211 Mucius:
1043 3152 1073 3211 I
1109 3172 1163 3227 p.
1207 3154 1288 3212 95
1339 3155 1401 3211 et
1448 3152 1688 3212 Servius
1736 3152 2060 3228 Sulpicius:
2107 3174 2166 3230 p.
2211 3156 2363 3216 222.

1050 3305 1151 3371 De
1195 3307 1333 3371 iure
1376 3308 1623 3371 dotium.

505 3424 604 3488 15.
672 3420 814 3487 Gai.
860 3423 930 3504 2,
986 3422 1090 3487 63.
1164 3459 1249 3467 -
1327 3421 1598 3507 (Dotale
1672 3422 2003 3506 praedium
2078 3425 2364 3491 maritus

323 3512 531 3576 invita
578 3510 842 3575 muliere
890 3532 1004 3593 per
1049 3511 1256 3594 legem
1298 3509 1535 3575 Iuliam
1577 3512 1959 3595 prohibetur
1998 3512 2367 3600 alienare.)
