2575 3900
316 165 450 230 584
635 151 640 158 '
1051 164 1607 222 ADDITAMENTA.

497 327 602 395 55.
669 327 809 393 Gai.
865 330 926 410 2,
984 330 1019 393 7
1030 330 1086 392 7.
1132 364 1216 375 —
1266 379 1282 394 .
1313 377 1371 394 ..
1443 329 1789 412 probatum
1854 331 1969 412 est,
2034 328 2206 412 quod
2271 330 2359 392 in

321 417 638 484 chartulis
727 417 858 481 sive
951 417 1345 482 membranis
1437 418 1598 484 meis
1690 417 1925 502 aliquis
2010 417 2365 502 scripserit

317 506 474 571 licet
513 505 725 570 aureis
771 506 1024 583 litteris,
1073 528 1286 570 meum
1336 527 1493 591 esse,
1538 507 1691 590 quia
1735 506 1989 571 litterae
2026 505 2359 572 chartulis

319 596 454 660 sive
502 594 896 659 membranis
943 595 1194 660 cedunt.

499 691 632 756 56⁸.
682 691 760 756 D.
798 693 905 776 41,
958 696 1010 775 l,
1057 693 1116 776 9,
1164 694 1225 757 2.
1315 691 1511 758 Gaius
1559 692 1727 759 libro
1774 693 2051 759 secundo
2096 693 2356 758 Rerum

319 779 843 846 Cottidianarum
903 783 1036 845 sive
1081 782 1463 846 Aureorum.
1524 817 1601 828 -—
1662 834 1675 846 .
1706 833 1721 848 .
1765 803 1895 847 non
1940 782 2038 846 uti
2080 782 2355 846 litterae

317 868 566 934 chartis
621 870 1094 934 membranisve
1148 870 1413 954 cedunt,
1477 872 1573 936 ita
1628 871 1836 936 solent
1895 870 2183 954 picturae
2249 875 2355 934 ta-

320 958 494 1024 bulis
551 958 799 1042 cedere,
857 958 968 1024 sed
1016 980 1092 1022 ex
1140 959 1391 1025 diverso
1448 961 1693 1044 placuit
1737 959 1997 1024 tabulas
2050 960 2351 1043 picturae

315 1048 554 1113 cedere.

497 1141 632 1209 56¹³.
695 1143 836 1208 Gai.
882 1145 943 1227 2,
990 1146 1090 1210 78.
1157 1181 1240 1192 -
1308 1196 1322 1209 .
1360 1193 1376 1209 .
1425 1145 1483 1210 si
1528 1141 1595 1210 in
1648 1146 1872 1210 tabula
1916 1167 2062 1209 mea
2108 1145 2348 1228 aliquis

317 1233 600 1316 pinxerit
637 1233 836 1297 veluti
871 1229 1244 1318 imaginem,
1291 1284 1305 1298 .
1382 1235 1694 1318 ,magis.
1724 1233 2014 1299 .dicitur
2048 1234 2345 1299 tabulam

318 1321 612 1407 picturae
659 1321 898 1387 cedere.

496 1416 592 1474 Ad
641 1409 906 1476 ‘dicitur'
953 1416 1026 1476 cf.
1074 1433 1227 1492 quae
1271 1417 1432 1475 infra
1476 1415 1531 1472 V
1568 1377 1818 1476 collecta
1863 1420 2017 1476 sunt.

1061 1588 1163 1653 De
1205 1590 1594 1672 usucapione.

498 1715 601 1778 57.
676 1711 816 1778 Gai.
873 1714 941 1790 3,
998 1713 1148 1778 201.
1202 1749 1286 1758 -
1343 1761 1358 1778 .
1396 1764 1409 1778 .
1449 1763 1465 1778 .
1529 1713 1851 1778 interdum
1924 1712 2169 1778 alienas
2235 1735 2342 1777 res

320 1823 634 1884 occupare
673 1806 739 1866 et
774 1823 1126 1886 usucapere
1164 1822 1539 1866 concessum
1580 1805 1697 1884 est,
1740 1822 1857 1866 nec
1894 1798 2174 1866 creditur
2211 1803 2340 1866 fur·

269 1952 276 1961 ,
319 1895 462 1955 tum
517 1890 684 1974 fieri,
744 1891 944 1955 veluti
1000 1912 1104 1955 res
1160 1889 1587 1967 hereditarias
1644 1912 1914 1974 quarum
1967 1896 2152 1957 heres
2208 1913 2339 1957 non

323 1984 424 2043 est
469 1981 696 2044 nactus
742 1981 1238 2062 possessionem,
1283 1980 1414 2043 nisi
1460 1980 1859 2045 necessarius
1904 1979 2091 2045 heres
2140 1984 2341 2065 extet-3
2400 2020 2407 2027 ·

322 2089 477 2133 nam
513 2068 874 2132 necessario
912 2068 1144 2133 herede
1174 2071 1431 2133 extante
1468 2067 1711 2153 placuit
1745 2068 1909 2132 nihil
1947 2090 2064 2151 pro
2104 2069 2338 2133 herede

181 2238 188 2245 ι
319 2157 589 2240 usucapi
634 2177 841 2239 posse.

915 2301 971 2364 2.
1033 2298 1139 2364 De
1186 2300 1350 2363 iure
1397 2298 1834 2363 honorario.

1011 2422 1110 2488 De
1152 2423 1407 2505 neyotiis
1443 2424 1646 2505 yestis.

442 2574 446 2579 .
497 2538 601 2604 58.
650 2537 727 2602 D.
783 2539 889 2622 44,
950 2540 1004 2621 7,
1051 2538 1205 2620 5pr.
1261 2536 1440 2601 Idem
1488 2537 1604 2622 (sc.
1650 2537 1878 2623 Gaius)
1928 2538 2098 2603 libro
2145 2540 2340 2603 tertio

286 2626 699 2700 ,Aureorum
769 2662 849 2673 -—
918 2626 986 2689 Si
1051 2627 1193 2709 quis
1251 2627 1540 2692 absentis
1587 2627 1848 2710 negotia
1896 2628 2189 2712 gesserit,
2234 2676 2249 2689 .
2280 2676 2293 2691 .

321 2716 375 2780 si
423 2766 436 2780 .
477 2768 490 2781 .
540 2716 677 2781 sine
734 2715 1066 2795 mandatu,
1129 2715 1374 2798 placuit
1420 2769 1433 2782 .
1472 2765 1486 2779 .
1526 2767 1539 2781 .
1588 2737 1696 2780 eos
1741 2715 2014 2780 invicem
2063 2716 2335 2799 obligari

320 2825 524 2889 eoque
569 2804 830 2869 nomine
875 2804 1169 2886 proditae
1209 2809 1363 2871 sunt
1402 2804 1710 2883 actioneS,
1746 2825 1904 2888 quas
1942 2805 2336 2887 appellamus

196 2981 200 2986 ·
317 2894 731 2978 negotiorum
779 2897 1126 2978 gestorum.

780 3051 880 3117 De
923 3053 994 3116 in
1037 3053 1339 3138 inteyrum
1382 3052 1877 3118 restitutionibus.

498 3165 605 3231 59.
651 3166 724 3231 D.
775 3167 835 3249 3,
884 3167 944 3249 3,
989 3167 1094 3251 46,
1141 3167 1199 3232 3.
1247 3164 1451 3232 Gaius
1498 3166 1666 3231 libro
1712 3168 1907 3233 tertio
1945 3166 2026 3232 ad
2063 3165 2334 3232 edictum

321 3255 730 3340 provinciale.
809 3292 896 3301 -
1106 3258 1459 3341 quaeritur,
1530 3256 1586 3321 si
1650 3252 1962 3321 iudicium
2020 3256 2337 3339 acceperit

322 3345 624 3410 defensor
650 3346 718 3408 et
747 3346 976 3408 actor
960 3367 1025 3409 m
1046 3345 1367 3429 integrum
1398 3344 1738 3410 restitutus
1769 3344 1873 3430 sit,
1903 3366 1986 3409 an
2016 3343 2334 3429 cogendus

321 3436 414 3499 sit
473 3432 943 3498 restitutorium
997 3432 1303 3498 iudicium
1364 3434 1665 3518 accipere.
1758 3438 1821 3497 et
1873 3432 2083 3519 magis
2130 3434 2338 3517 placet

322 3523 699 3609 cogendum.
