2575 3900
1055 164 1103 214 7.
1142 155 1517 212 PROCULUS
2173 157 2300 224 145

268 321 587 386 exhausta
635 320 722 384 sit
768 342 911 386 mea
955 321 1229 406 integra,
1275 323 1343 384 et
1386 320 1574 386 illam
1619 319 2033 386 vindicavero
2082 317 2197 406 (sc.
2229 323 2302 386 ut

270 407 629 496 caducam),
676 407 937 474 Cassius
986 409 1472 476 confundendas
1511 430 1650 474 esse
1687 412 1910 494 partes
1947 409 2297 494 existimat,

270 499 580 564 Proculus
628 502 873 564 contra.

448 587 551 653 25.
611 586 689 651 D.
719 587 823 666 35,
852 587 911 670 2,
940 586 1045 670 45,
1076 588 1133 652 1.
1216 585 1452 652 Paulus
1499 585 1667 651 libro
1715 587 2165 672 sexagensimo
2214 587 2292 651 ad

271 677 553 742 edictum
610 674 708 762 (P.
750 673 927 761 724).
984 713 1067 722 —
1123 675 1201 739 In
1256 674 1360 740 his
1417 675 1682 760 legatie,
1749 697 1913 760 quae
1971 676 2090 740 sub
2149 697 2300 740 con-

272 766 521 832 dicione
565 765 793 830 relicta
840 769 1013 849 sunt,
1068 764 1382 830 Proculus
1428 765 1728 848 putabat,
1773 785 1918 828 cum
1966 764 2302 849 quaeritur

272 854 351 920 de
396 855 540 939 lege
586 853 897 936 Falcidia,
941 858 1196 918 tantum
1244 874 1385 918 esse
1421 854 1491 918 in
1526 853 1762 938 legato,
1809 853 2040 937 quanti
2076 853 2298 918 venire

270 946 567 1030 possunt3
623 941 798 1027 quod
853 942 909 1006 si
964 946 1091 1027 est,
1146 946 1213 1006 et
1257 941 1553 1007 deductio
1600 942 1694 1007 sic
1739 946 1956 1026 potest
2000 941 2170 1023 fieri,
2226 945 2302 1006 ut

269 1035 527 1098 tantum
581 1031 879 1096 videatur
934 1031 1178 1111 deberi,
1234 1030 1463 1118 quanti
1515 1052 1752 1096 nomen
1799 1029 2015 1096 venire
2061 1033 2294 1115 potest.

944 1195 1037 1255 De
1080 1197 1390 1270 usufructu
1435 1196 1632 1272 legato.

455 1299 559 1366 26.
606 1297 681 1362 D.
714 1298 771 1382 7,
794 1299 852 1380 8,
876 1298 1058 1379 10,2.
1149 1295 1470 1382 Ulpianus
1516 1297 1684 1362 libro
1734 1297 2009 1382 septimo
2056 1296 2301 1361 decimo
2418 1277 2424 1283 ’

273 1389 354 1454 ad
413 1386 729 1453 Sabinum
783 1382 879 1473 (P.
920 1382 1144 1473 2576).
1201 1423 1285 1433 —
1344 1438 1357 1451 .
1396 1434 1414 1452 .
1468 1386 1524 1452 si
1581 1386 1674 1452 sic
1727 1386 1989 1452 relictus
2047 1386 2132 1449 sit
2187 1383 2301 1470 (sc.

254 1499 426 1562 'usus
491 1471 767 1562 fructus)
851 1473 972 1540 eilli
1039 1474 1263 1541 domus
1329 1496 1517 1540 usum
1577 1473 1892 1540 fructum¹
1959 1473 2298 1540 habitandi

272 1565 509 1649 causa',
573 1569 791 1630 utrum
838 1563 1321 1629 habitationem
1378 1564 1585 1629 solam
1648 1585 1730 1628 an
1784 1585 1936 1629 vero
1994 1567 2059 1627 et
2113 1585 2301 1628 usum

272 1657 555 1722 fructum
601 1653 858 1736 habeat,
915 1652 1278 1719 videndum.
1371 1657 1437 1717 et
1479 1649 1828 1718 Proculus²
1881 1655 1947 1716 et
1991 1650 2299 1717 Neratius

270 1747 507 1830 putant
557 1743 765 1806 solam
812 1742 1285 1808 habitationem
1334 1741 1637 1827 legatam.

452 1833 557 1897 27.
621 1830 700 1895 D.
742 1831 799 1914 7,
841 1832 898 1913 1,
940 1830 1019 1896 19
1043 1853 1136 1916 pr.
1233 1830 1631 1915 Pomponius
1694 1829 1862 1896 libro
1929 1829 2158 1914 quinto
2221 1829 2302 1894 ad

275 1920 582 1988 Sabinum
645 1915 743 2007 (P.
781 1917 962 2003 469).
1017 1957 1101 1967 -
1157 1918 1470 1985 Proculus
1544 1922 1732 2004 putat
1804 1919 2049 1985 insulae
2117 1939 2303 1985 usum

266 2006 580 2093 fructum⁸
639 2031 829 2093 posse
884 2010 979 2075 ita
1032 2010 1262 2095 legari,
1326 2013 1400 2073 ut
1452 2009 1512 2073 ei
1569 2009 1844 2075 servitus
1901 2008 2298 2093 imponatur,

277 2120 436 2185 quae
494 2098 685 2164 alteri
740 2098 991 2163 insulae
1042 2098 1468 2163 hereditariae
1517 2098 1854 2181 debeatur,
1907 2096 2032 2161 hoc
2079 2096 2302 2163 modo:

256 2188 356 2253 “si
408 2187 522 2252 ille
576 2186 800 2251 heredi
853 2208 998 2252 meo
1054 2187 1429 2271 promiserit
1481 2209 1596 2272 per
1649 2208 1719 2252 se
1775 2208 1905 2251 non
1950 2186 2118 2269 fore,
2175 2208 2301 2271 quo

273 2278 472 2343 altius
511 2298 587 2341 ea
626 2276 920 2341 aedificia
955 2275 1291 2362 tollantur,
1326 2281 1466 2341 tum
1505 2275 1564 2340 ei
1600 2297 1823 2341 eorum
1858 2275 2295 2341 aedificiorum

270 2388 462 2431 usum
535 2364 815 2430 fructum
888 2364 969 2428 do
1043 2364 1215 2448 lego'
1287 2367 1390 2429 vel
1466 2365 1582 2430 sic:
1657 2363 1938 2429 ‘aedium
2011 2364 2294 2449 illarum,

275 2454 485 2539 quoad
550 2454 744 2519 altius
757 2505 773 2537 ,
836 2475 1029 2537 quam
1096 2454 1190 2517 uti
1253 2475 1424 2518 nunc
1487 2460 1664 2538 sunt,
1729 2452 2103 2519 aedificatae
2160 2474 2290 2518 non

276 2547 491 2625 erunt,
539 2543 637 2607 illi
683 2564 871 2607 usum
917 2543 1198 2607 fructum
1248 2542 1330 2607 do
1377 2540 1570 2625 lego?

456 2633 558 2699 28.
614 2630 693 2695 D.
725 2633 781 2711 7,
808 2630 871 2712 5,
899 2633 957 2697 3.
1048 2628 1365 2714 Ulpianus
1420 2630 1589 2695 libro
1647 2634 1870 2696 octavo
1918 2628 2165 2694 decimo
2213 2630 2294 2695 ad

274 2719 588 2786 Sabinum
607 2718 708 2806 (P.
718 2716 971 2806 259012).
993 2756 1077 2766 —
1097 2718 1254 2785 Post
1282 2717 1454 2803 quod
1483 2714 1598 2805 (sc.
1611 2722 1871 2783 senatus
1898 2717 2300 2805 consultum)

272 2811 563 2875 omnium
627 2830 843 2874 rerum
906 2831 1061 2873 usus
1124 2808 1371 2872 fructus
1435 2808 1642 2892 legari
1704 2808 1966 2892 poterit.
2077 2828 2162 2871 an
2228 2816 2294 2871 et

272 2898 655 2964 nominum?
728 2898 945 2963 Nerva
980 2898 1265 2983 negavit3
1305 2895 1413 2962 sed
1452 2946 1500 2962 ..
1523 2947 1536 2961 .
1575 2893 1838 2963 Cassius
1878 2902 1942 2960 et
1975 2894 2288 2961 Proculus

274 2988 683 3069 existimant,
729 3008 920 3069 posse
967 2986 1191 3072 legari.

455 3076 561 3141 29.
622 3074 702 3139 D.
740 3076 798 3158 7,
826 3077 886 3159 9,
917 3078 1067 3161 7pr.
1166 3074 1487 3159 Ulpianus
1542 3075 1708 3141 libro
1769 3074 2299 3161 septuagensimo

278 3186 450 3231 nono
499 3165 580 3230 ad
626 3164 907 3229 edictum
948 3163 1048 3249 (P.
1072 3164 1289 3251 1724).
1330 3202 1410 3211 —-
1452 3163 1520 3229 Si
1562 3187 1718 3230 usus
1755 3164 2003 3229 fructus
2040 3164 2304 3229 nomine

276 3275 345 3318 re
400 3254 644 3319 tradita
698 3254 1083 3317 satisdatum
1138 3275 1271 3319 non
1328 3254 1550 3338 fuerit,
1603 3252 1914 3318 Proculus
1971 3252 2064 3317 ait
2112 3274 2304 3338 posse

424 3398 451 3447 1
493 3392 590 3448 ΓΖ.
631 3410 763 3447 usus
800 3392 1028 3448 fructus.

423 3470 455 3517 2
494 3466 572 3519 sic
610 3465 926 3533 Stephanus
962 3466 1035 3519 ad
1071 3463 1198 3518 Bas.
1233 3469 1318 3530 16,
1347 3468 1396 3533 8,
1430 3468 1513 3533 10,
1560 3462 1824 3517 ‘Priscus’
1864 3461 1998 3517 libri
2034 3461 2230 3517 nostri.

423 3540 455 3587 3
494 3535 589 3590 ΕΖ.
627 3533 885 3590 insulam.
958 3537 1251 3591 secundum
1293 3534 1528 3591 Graecos
1564 3536 1919 3590 emendatum.

387 3632 581 3684 Iurispr.
610 3634 852 3676 antehadr.
882 3634 982 3676 roll.
1010 3634 1079 3675 ed.
1106 3636 1307 3676 Bremer.
1348 3634 1417 3686 11,
1435 3636 1470 3674 2.
1919 3627 1986 3677 10
