2575 3900
342 173 431 237 50
484 173 578 228 111.
609 173 757 228 GAII
784 171 1076 228 CLAUDII
1104 169 1374 228 NERON.
1401 170 1686 226 GALBAE
1706 169 1917 224 TEMP.
1939 171 2131 226 IURIS
2153 168 2352 227 CONS.

349 335 723 419 contineri).
801 334 1025 398 deinde
1064 334 1295 398 adiecit
1331 354 1533 417 neque
1572 332 1850 398 armaria
1886 354 2094 418 neque
2128 332 2362 398 scrinia

344 445 549 508 neque
598 428 833 506 cetera,
878 424 944 486 in
994 423 1226 505 quibus
1273 422 1422 486 libri
1469 422 1858 506 conduntur,
1903 422 2137 487 deberi.

517 534 829 610 Sequuntu
849 554 878 591 r
912 534 1079 592 haec:
1121 527 1303 608 ‘quod
1339 580 1352 592 .
1383 581 1395 592 .
1426 531 1667 592 Cassius
1704 533 1776 592 de
1812 532 2172 593 membranis
2195 532 2360 608 puris

344 624 580 700 scripsit
614 642 824 684 verum
861 616 993 682 est?

1002 722 1101 787 De
1136 723 1452 804 pecoribus
1498 723 1726 805 legatis.

518 839 621 905 54.
669 838 747 903 D.
768 839 873 920 32,
896 837 999 918 65,
1019 839 1077 901 4.
1150 835 1516 902 Marcianus
1561 837 1730 902 libro
1779 837 2052 921 septimo
2099 837 2358 903 Institu-

342 930 600 994 tionum
644 925 745 1014 (P.
771 923 943 1013 121).
994 963 1077 972 —-
1120 925 1469 990 Pecoribus
1516 925 1751 1010 legatis
1798 923 2056 991 Cassius
2105 926 2361 1010 scripsit

345 1016 784 1101 quadrupedes
831 1015 1172 1093 contineri,
1222 1036 1384 1098 quae
1432 1013 1751 1100 gregatim
1797 1020 2168 1098 pascuntur.

517 1129 684 1187 Paul.
722 1127 777 1186 S.
816 1126 934 1206 111,
974 1129 1041 1204 6,
1079 1129 1113 1186 7
1122 1128 1178 1186 3.
1288 1126 1609 1185 Pecoribus
1663 1125 1882 1201 legatis
1946 1125 2360 1204 quadrupedes

341 1236 544 1277 omnes
591 1216 994 1294 continentur,
1041 1233 1191 1292 quae
1237 1215 1537 1293 gregatim
1579 1216 1921 1290 pascuntur.

855 1394 950 1453 De
992 1395 1302 1466 mancipiis
1343 1393 1578 1451 rusticis
1623 1392 1840 1465 leyatis.

516 1503 618 1568 55.
690 1502 768 1566 D.
806 1504 910 1586 33,
949 1503 1008 1583 7,
1050 1503 1151 1586 18,
1189 1503 1292 1567 11.
1399 1500 1635 1565 Paulus
1699 1500 1866 1564 libro
1932 1500 2213 1566 secundo
2280 1501 2358 1566 ad

338 1591 674 1658 Vitellium
721 1589 818 1674 (P.
848 1589 1071 1677 2070).
1114 1627 1203 1638 -
1250 1590 1370 1657 Cui
1425 1588 1696 1653 fundum
1747 1589 2136 1653 instructum
2188 1590 2358 1675 lega-

340 1684 537 1765 verat,
586 1680 970 1745 nominatim
1019 1679 1343 1763 mancipia
1386 1678 1656 1763 legavit3
1705 1677 2067 1762 quaesitum
2113 1685 2233 1761 est,
2278 1701 2360 1742 an

340 1770 589 1854 reliqua
644 1769 992 1851 mancipia,
1050 1790 1212 1853 quae
1268 1788 1396 1831 non
1444 1767 1868 1848 nominasset,
1923 1767 2357 1831 instrumento

341 1858 657 1926 cederent.
731 1854 991 1921 Cassius
1023 1857 1116 1920 ait
1141 1878 1523 1941 responsum
1553 1875 1713 1939 esse,
1740 1855 2002 1919 tametsi
2033 1856 2360 1939 mancipia

338 1946 635 2012 instructi
697 1944 882 2010 fundi
944 1945 1100 2030 sint,
1164 1948 1384 2010 tamen
1447 1943 1650 2008 videri
1708 1965 1817 2008 eos
1873 1943 2048 2008 solos
2104 1943 2356 2029 legatos

339 2057 505 2118 esse,
569 2034 680 2119 qui
742 2034 1061 2099 nominati
1125 2038 1367 2115 essent,
1431 2033 1602 2117 quod
1666 2037 2008 2115 appareret
2068 2054 2204 2098 non
2261 2034 2356 2097 in-

335 2124 657 2189 tellexisse
712 2128 965 2206 patrem
1020 2122 1304 2187 familias
1351 2122 1786 2187 instrumento
1834 2142 2088 2205 quoque
2135 2144 2360 2188 servos

338 2213 787 2278 adnumeratos
834 2232 990 2275 esse.

1046 2322 1140 2381 De
1182 2323 1407 2381 homine
1451 2322 1648 2395 leyato.

512 2433 615 2498 56.
670 2432 750 2497 D.
778 2432 882 2515 30,
911 2431 971 2513 5,
1004 2434 1056 2496 1.
1148 2432 1392 2496 Paulus
1439 2432 1607 2495 libro
1653 2432 1866 2513 primo
1914 2430 1995 2495 ad
2041 2428 2356 2496 Sabinum

338 2520 435 2608 (P.
478 2518 696 2608 1601).
740 2558 829 2567 —
878 2521 1089 2586 Labeo
1147 2520 1265 2603 ait,
1321 2542 1466 2585 cum
1520 2523 1695 2585 certa
1748 2541 1852 2583 res
1909 2522 2022 2583 aut
2073 2540 2358 2603 persona

334 2610 592 2695 legatur
646 2613 765 2675 ita:
832 2610 966 2694 ‘qui
1024 2631 1203 2675 meus
1256 2609 1380 2674 erit
1434 2630 1578 2673 cum
1626 2608 1890 2690 moriar,
1944 2608 2126 2671 heres
2172 2607 2354 2674 dato'

335 2704 402 2765 et
456 2699 813 2766 communis
871 2699 982 2781 sit,
1036 2703 1246 2764 totum
1300 2697 1533 2762 deberi.
1624 2696 1998 2761 Trebatium
2057 2716 2206 2761 vero
2260 2718 2356 2762 re-

335 2789 668 2871 spondisse
713 2794 964 2870 partem
1012 2787 1227 2851 deberi
1274 2786 1534 2850 Cassius
1582 2784 1856 2868 scripsit.

511 2876 614 2940 57.
674 2876 751 2938 D.
780 2875 881 2952 30,
913 2876 993 2939 37
1017 2898 1111 2957 pr.
1194 2874 1510 2955 Ulpianus
1550 2874 1716 2938 libro
1753 2871 2100 2937 vicensimo
2138 2873 2353 2955 primo

336 2963 415 3027 ad
473 2960 781 3028 Sabinum
832 2959 929 3048 (P.
959 2959 1180 3047 2618).
1228 2998 1311 3007 -
1357 2961 1603 3045 Legato
1661 2961 2051 3047 generaliter
2104 2961 2356 3045 relict0,

335 3051 542 3117 veluti
595 3050 906 3132 hominiS,
970 3048 1168 3113 Gaius
1223 3048 1482 3115 Cassius
1540 3051 1763 3115 scribit
1818 3050 1884 3113 id
1939 3071 2078 3114 esse
2134 3051 2354 3115 obser-

334 3140 642 3222 vandum,
686 3161 768 3203 ne
814 3141 1099 3221 optimus
1146 3139 1279 3221 [vel
1326 3137 1669 3223 pessimus]
1719 3139 2084 3223 accipiatur.

840 3322 935 3380 Dc
976 3324 1352 3382 instrumento
1395 3324 1599 3381 medici
1643 3322 1840 3395 leyatO.
1923 3342 1928 3345 ·

508 3430 611 3496 58.
688 3432 761 3497 D.
799 3432 903 3514 33,
943 3433 999 3509 7,
1041 3433 1140 3511 18,
1184 3434 1281 3499 10.
1390 3431 1628 3496 Paulus
1692 3431 1857 3495 libro
1924 3431 2200 3496 secundo
2267 3430 2351 3494 ad

331 3517 670 3585 Vitellium
729 3519 828 3604 (P.
865 3518 1087 3607 2070).
1141 3558 1227 3568 —
1281 3520 1357 3585 In
1421 3522 1847 3585 instrumento
1912 3520 2142 3584 medici
2205 3539 2349 3583 esse
