2575 3900
754 173 805 220 4.
844 166 901 222 C.
932 165 1223 221 CASSIUS
1260 164 1630 222 LONGINUS
2119 165 2200 228 31

361 329 441 394 D.
479 331 585 412 33,
626 331 685 408 7,
728 331 831 408 12,
867 330 973 395 27.
1080 327 1398 412 Ulpianus
1471 328 1640 394 libro
1713 329 2064 394 vicensimo
2127 329 2205 392 ad

186 418 499 484 Sabinum
554 416 653 504 (P.
681 415 907 504 2611).
952 453 1038 464 -—-
1084 465 1101 482 .
1132 468 1145 482 .
1184 418 1241 482 si
1295 416 1531 482 fundus
1586 439 1714 482 non
1772 419 1860 483 sit
1913 439 2058 482 cum
2113 417 2206 481 in·

188 512 549 574 strumento
586 508 861 591 legatuS,
908 506 1019 570 sed
1054 506 1153 571 ita
1189 512 1263 570 ut
1297 508 1652 572 instructus
1691 507 1796 588 sit,
1843 507 2208 591 quaesitum

185 602 309 676 est,
371 619 456 661 an
511 597 661 681 plus
717 596 1154 678 contineatur,
1210 617 1406 679 quam
1460 596 1520 661 si
1572 617 1719 660 cum
1770 596 2206 660 instrumento

182 686 441 771 legatus
497 688 689 750 esset.
782 688 848 748 et
894 682 1173 749 Sabinus
1232 684 1415 749 libris
1462 684 1543 748 ad
1590 683 1934 749 Vitellium
1981 683 2209 749 scribit

181 774 517 839 fatendum
556 795 697 838 esse
716 773 867 856 plus
906 792 1066 855 esse,
1101 793 1247 838 cum
1283 773 1640 838 instructus
1669 773 1908 838 fundus
1937 773 2209 859 legetur,

181 885 378 946 quam
426 863 483 927 si
529 883 678 926 cum
720 863 1155 927 instrumento
1186 911 1201 926 .
1229 911 1245 924 .
1278 909 1296 926 .
1325 865 1570 946 quanto
1615 861 1820 945 igitur
1863 862 1987 926 hoc
2031 860 2208 946 lega-

178 958 319 1017 tum
365 950 631 1017 uberius
680 955 796 1036 est,
840 950 1187 1015 videndum
1234 954 1352 1014 est.
1427 954 1494 1015 et
1530 949 1808 1016 Sabinus
1854 950 2079 1014 definit
2115 951 2211 1031 [et

179 1038 449 1106 Cassius
516 1039 686 1124 apud
741 1039 1088 1105 Vitellium
1153 1041 1396 1120 notatJ:
1461 1041 1682 1104 omnia
1738 1061 1902 1124 quae
1959 1061 2035 1105 eo
2092 1036 2209 1126 (sc.

176 1127 415 1216 fundo)
454 1129 773 1194 collocata
810 1131 979 1210 sunt,
1017 1134 1089 1192 ut
1116 1128 1497 1194 instructior
1523 1131 1696 1194 esset
1721 1127 2211 1212 paterfamilias,

174 1219 525 1300 instructo,
552 1218 785 1301 inquit,
822 1217 1345 1282 continebuntur.
1391 1217 1460 1281 id
1497 1220 1596 1282 est
1632 1238 1796 1301 quae
1833 1217 1928 1282 ibi
1960 1214 2210 1300 habuit,

174 1310 249 1372 ut
323 1307 712 1372 instructior
784 1308 999 1387 essetJ.
1108 1304 1219 1388 <et
1295 1303 1560 1371 Cassius
1634 1305 1804 1390 apud
1869 1304 2210 1370 Vitellium

173 1399 386 1461 notat:
432 1395 500 1459 id
548 1394 677 1459 sibi
720 1396 1035 1479 placere).

359 1513 701 1574 Verborum
752 1518 1096 1575 contextum
1151 1534 1187 1574 a
1233 1513 1581 1574 Triboniani
1635 1514 1906 1574 adiutore
1952 1514 2212 1575 brevita-

172 1604 259 1664 tis
301 1623 487 1663 causa
523 1607 845 1683 mutatum,
872 1605 1061 1664 verba
1090 1598 1176 1663 ‘et
1204 1603 1448 1664 Cassius
1475 1603 1636 1678 apud
1663 1602 1980 1662 Vitellium
2017 1597 2210 1663 notat'

174 1693 562 1842 a3suo52loco
608 1696 841 1752 remota
886 1709 1017 1752 esse
1065 1696 1229 1769 puto,
1322 1691 1399 1751 ad
1443 1711 1573 1750 rem
1619 1692 1693 1752 cf.
1739 1691 1908 1752 Paul.
1957 1692 2014 1752 S.
2057 1694 2114 1770 3,
2154 1695 2212 1771 6,

174 1785 217 1841 4
276 1811 349 1824 -—
452 1825 467 1841 .

838 1896 1033 1957 Iuris
1081 1896 1326 1959 civilis
1372 1895 1564 1957 libri.

360 2021 617 2081 Masurii
648 2021 855 2081 Sabini
887 2022 1297 2099 praeceptoris
1331 2023 1670 2099 exemplum
1698 2025 1941 2082 secutus
1973 2020 2214 2083 Cassius

177 2130 420 2188 quoque
474 2110 628 2171 iuris
684 2110 877 2172 civilis
930 2110 1121 2171 libros
1176 2111 1538 2186 composuit,
1594 2129 1744 2188 quos
1801 2130 1936 2171 cum
1988 2112 2213 2171 Paulus

174 2200 357 2258 libris
420 2199 500 2258 ad
564 2199 825 2259 edictum
889 2190 992 2281 (D.
1033 2200 1135 2275 37,
1176 2201 1233 2275 6,
1272 2202 1330 2277 2,
1373 2203 1410 2260 5
1476 2194 1686 2259 ‘Gaius
1751 2199 1994 2260 Cassius
2057 2200 2212 2259 libro

178 2288 442 2365 septimo
498 2288 649 2348 iuris
702 2288 897 2348 civilis
938 2336 951 2349 .
980 2333 995 2348 .
1026 2334 1039 2348 .
1076 2282 1310 2364 putat')
1375 2293 1506 2349 tum
1562 2288 1858 2365 Ulpianus
1910 2289 2081 2348 libris
2136 2288 2216 2348 ad

180 2376 478 2436 Sabinum
539 2376 753 2437 laudat
816 2369 915 2457 (D.
966 2379 1069 2453 29,
1118 2380 1173 2448 2,
1218 2379 1324 2455 25,
1366 2380 1408 2437 4
1472 2371 1686 2437 ‘Gaius
1751 2377 1992 2438 Cassius
2056 2378 2214 2437 libro

180 2467 446 2525 secundo
482 2465 633 2525 iuris
670 2466 865 2526 civilis
904 2459 1148 2525 scribit'.
1221 2466 1296 2525 D.
1330 2469 1386 2542 7,
1419 2469 1478 2542 1,
1506 2468 1562 2543 7,
1595 2468 1632 2526 3
1673 2460 1939 2527 ‘Cassius
1976 2486 2212 2543 quoque

182 2554 397 2614 scribit
450 2551 606 2614 libro
664 2558 875 2615 octavo
928 2555 1077 2613 iuris
1130 2550 1368 2615 civilis'.
1458 2555 1532 2614 D.
1565 2560 1622 2631 7,
1664 2560 1722 2630 1,
1763 2560 1819 2632 9,
1859 2558 1894 2616 5
1947 2550 2214 2614 ‘Cassius

184 2644 275 2702 ait
338 2643 493 2703 libro
557 2646 768 2703 octavo
829 2643 979 2703 iuris
1043 2637 1279 2703 civilis'.
1381 2644 1446 2702 D.
1487 2646 1544 2717 7,
1587 2647 1643 2720 1,
1682 2646 1785 2719 23,
1827 2647 1859 2703 1
1931 2638 2212 2701 eSabinus

184 2732 499 2807 respondit
563 2736 625 2792 et
680 2730 921 2791 Cassius
984 2732 1139 2791 libro
1207 2735 1419 2792 octavo
1474 2732 1624 2791 iuris
1681 2731 1876 2793 civilis
1932 2725 2214 2806 scripsit'.

185 2820 261 2880 D.
308 2822 363 2895 7,
404 2824 461 2897 1,
502 2823 587 2881 70
610 2841 700 2899 pr.
756 2815 964 2881 ‘Gaius
1012 2820 1255 2881 Cassius
1313 2820 1521 2882 scribit
1572 2821 1727 2881 libro
1783 2820 2012 2880 decimo
2067 2820 2215 2879 iuris

187 2901 439 2992 civilis')
452 2954 467 2985 ,
542 2910 758 2987 quibus
833 2928 905 2970 ex
965 2910 1137 2969 libris
1201 2910 1519 2971 Iavolenus
1583 2910 1827 2971 Priscus
1881 2910 1992 2969 XV
2053 2910 2215 2984 fecit,

190 2991 287 3056 ‘ex
336 2992 567 3058 Cassio'
622 3000 726 3077 qui
778 2999 1164 3058 nominantur
1229 2992 1324 3080 (P.
1374 3002 1587 3061 1--69
1655 3003 1718 3059 et
1771 2999 1932 3059 infra
1983 3000 2047 3058 in
2102 3000 2215 3058 hac

191 3082 596 3169 collectione):
682 3082 1120 3147 ‘commentarii
1184 3083 1342 3149 Gaii'
1405 3090 1503 3150 vel
1576 3082 1740 3149 ‘libri
1802 3088 1937 3149 Gaii
2000 3082 2215 3148 Cassii'

190 3194 265 3234 vo
360 3170 524 3236 ‘libri
598 3171 773 3250 Gaii’,
857 3177 962 3253 qui
1030 3196 1071 3235 a
1132 3177 1414 3239 Iavoleno
1485 3178 1550 3237 in
1612 3177 1906 3238 librorum
1966 3178 2212 3237 illorum

191 3264 551 3340 fragmentis
597 3266 926 3325 laudantur
972 3258 1075 3346 (D.
1106 3267 1207 3343 35,
1241 3270 1298 3346 1,
1329 3269 1430 3328 54.
1477 3268 1580 3345 40,
1613 3271 1670 3344 7,
1709 3268 1811 3328 28.
1850 3269 1953 3341 46,
1994 3268 2052 3339 3,
2084 3261 2214 3345 78),

194 3353 339 3427 quin
383 3352 579 3414 Cassii
622 3354 771 3414 iuris
816 3355 1009 3416 civilis
1058 3355 1203 3433 sint,
1248 3375 1423 3416 nemo
1469 3356 1725 3416 dubitat.
1817 3355 2214 3415 Tribonianus

194 3442 296 3516 qui
352 3442 602 3503 Masurii
655 3443 803 3503 iuris
858 3444 1052 3504 civilis
1105 3445 1296 3505 libros
1350 3449 1423 3505 ut
1475 3445 1539 3504 in
1593 3449 1908 3505 auctorum
1961 3444 2216 3503 indicem

195 3530 437 3609 recepit,
482 3532 571 3591 ita
615 3531 681 3591 in
722 3532 895 3594 novis
941 3532 1210 3610 Digestis
1256 3534 1676 3610 componendis
1721 3534 1989 3612 neglexit
2033 3524 2142 3613 (II,
2176 3533 2208 3589 1
