2575 3900
563 197 631 252 H.
667 196 1146 252 INCERTORUM
1183 196 1639 252 SENTENTIAE
1677 196 1768 251 ET
1800 197 2009 252 LIBRI.
2169 198 2298 261 555

281 360 486 425 alveis
559 361 799 424 nostris
876 361 1133 424 evolant
1205 362 1270 424 et
1344 360 1689 426 secundum
1776 361 2298 425 consuetudinem

284 449 578 532 redeunt,
624 470 662 512 a
707 448 896 513 nobis
945 448 1275 530 possideri.

462 552 534 610 ef.
581 549 714 610 Gai.
768 551 825 627 2,
864 552 964 610 68.

467 653 607 716 126.
668 641 806 715 Gai.
835 651 895 734 4,
920 651 1061 716 153.
1090 688 1180 698 —-
1207 702 1219 716 .
1250 702 1264 716 .
1303 651 1588 735 plerique
1625 655 1857 734 putant
1893 652 2106 716 animo
2146 673 2299 736 quo-

276 761 406 824 que
470 740 733 804 retineri
786 739 1332 823 possessio<nem,
1378 739 1443 804 id
1490 744 1587 804 est
1632 743 1705 804 ut
1752 739 2044 824 quamvis
2090 761 2297 824 neque

282 829 410 912 ipsi
457 829 657 893 simus
703 828 772 891 in
817 829 1263 912 possessione>
1310 850 1513 912 neque
1550 841 1772 893 nostro
1811 828 2069 894 nomine
2112 829 2297 912 aliuS,

275 921 499 981 tamen
575 917 630 981 si
695 937 825 980 non
891 917 1347 1001 relinquendae
1410 917 1834 1001 possessionis
1900 917 2116 982 animo
2184 918 2293 981 sed
2354 999 2357 1002 .

280 1009 507 1089 postea
572 1004 889 1069 reversuri
950 1005 1099 1070 inde
1155 1005 1660 1088 (1166666611111116,
1716 1007 1991 1070 retinere
2044 1026 2296 1090 posses-

275 1094 527 1158 sionem
574 1094 920 1157 videamur.

463 1184 606 1248 127.
653 1181 732 1246 D.
759 1183 864 1264 41,
893 1183 953 1264 2,
981 1182 1040 1264 3,
1069 1183 1128 1246 4.
1215 1180 1454 1246 Paulus
1501 1182 1665 1247 libro
1714 1182 2293 1268 quinquagensimo

275 1275 512 1356 quarto
565 1270 646 1335 ad
697 1270 996 1336 edictum.
1056 1305 1144 1316 —
1198 1271 1299 1334 Ex
1346 1270 1631 1354 pluribus
1689 1271 1901 1335 causis
1965 1270 2294 1354 possidere

279 1360 552 1424 eandem
598 1381 734 1422 rem
781 1381 1140 1443 possumus,
1184 1363 1260 1423 ut
1305 1359 1563 1443 quidam
1610 1363 1846 1443 putant
1890 1362 1956 1422 et
1992 1380 2139 1423 eum
2184 1360 2291 1442 qui

279 1445 690 1530 usucaperet²
735 1469 851 1530 pro
901 1452 1188 1531 emptore
1236 1451 1300 1511 et
1343 1470 1463 1531 pro
1513 1468 1628 1511 suo
1677 1447 2004 1530 possidere
2048 1497 2063 1512 .
2095 1497 2107 1512 .
2138 1495 2154 1512 .

463 1536 607 1601 128.
671 1535 912 1600 Seneca
958 1557 1056 1618 ep.
1106 1536 1208 1617 79,
1245 1537 1307 1599 6.
1351 1571 1439 1582 —-
1491 1533 1753 1620 Negant
1804 1534 1963 1599 iuris
2015 1535 2294 1600 consulti

279 1624 630 1710 quidquam
677 1623 1003 1706 publicum
1049 1645 1170 1687 usu
1217 1625 1360 1707 capi
1404 1645 1616 1706 posse.

465 1713 607 1778 129.
653 1710 894 1776 Seneca
939 1712 1015 1776 dc
1062 1711 1268 1776 benef.
1309 1712 1367 1793 6,
1397 1713 1456 1776 5.
1505 1749 1588 1758 —
1638 1711 1803 1776 Iuris
1851 1711 2289 1776 consultorum

277 1802 434 1866 illae
470 1801 750 1884 ineptiae
789 1804 938 1864 sunt
975 1804 1216 1883 acutae,
1264 1801 1373 1884 qui
1408 1800 1828 1865 hereditatem
1864 1804 2106 1884 negant
2141 1822 2288 1864 11611-

276 1891 423 1975 capi
470 1911 677 1974 posse,
725 1890 834 1955 sed
880 1889 1155 1974 (posse)
1200 1911 1277 1954 ca
1324 1911 1486 1973 quae
1531 1890 1599 1953 in
1646 1889 1998 1955 hereditate
2036 1893 2202 1954 sunt.

461 1988 606 2053 130.
654 1987 729 2052 D.
749 1988 932 2069 41,5‚
953 1988 1013 2053 3.
1076 1986 1468 2070 Pomponius
1506 1987 1677 2052 libro
1714 1987 2060 2052 vicensimo
2090 1988 2283 2051 tertio

277 2079 358 2141 ad
403 2075 713 2153 Quintum
759 2076 1059 2141 Mucium.
1103 2112 1178 2123 —-
1220 2076 1516 2161 Plerique
1562 2080 1965 2160 putaverunt,
2013 2076 2068 2140 si
2105 2076 2289 2139 heres

277 2168 408 2230 sim
473 2169 538 2231 et
592 2170 814 2251 putem
869 2188 1004 2229 rem
1063 2166 1341 2249 aliquam
1401 2188 1477 2229 ex
1532 2165 1883 2230 hereditate
1938 2186 2075 2229 esse
2130 2186 2293 2249 quae

281 2276 412 2319 non
458 2255 568 2327 sit,
616 2275 806 2339 posse
853 2276 954 2317 me
1000 2275 1367 2336 usucapere.

461 2344 604 2407 131.
651 2342 727 2406 D.
773 2342 878 2421 41,
906 2343 965 2423 2,
995 2341 1054 2425 3,
1083 2341 1140 2404 3.
1213 2341 1451 2406 Paulus
1499 2342 1665 2405 libro
1714 2341 2292 2426 quinquagensimo

277 2434 514 2515 quarto
563 2429 643 2493 ad
691 2430 987 2495 edictum.
1035 2462 1118 2475 --
1158 2479 1173 2494 .
1203 2478 1218 2494 .
1247 2480 1260 2493 .
1308 2428 1549 2493 Brutus
1597 2434 1662 2493 et
1708 2429 2011 2494 Manilius
2058 2434 2293 2514 putant

284 2541 430 2582 eum
458 2518 570 2602 qui
597 2517 864 2581 fundum
901 2536 1018 2582 usu
1046 2518 1236 2600 cepit,
1267 2517 1460 2582 etiam
1489 2518 1909 2583 thensaurum
1937 2520 2183 2603 cepisse
2206 2567 2221 2582 .
2240 2568 2254 2582 .
2277 2568 2293 2582 .

281 2606 536 2691 quidam
595 2608 828 2690 putant
883 2604 1103 2670 Sabini
1159 2605 1546 2670 sententiam
1608 2607 1916 2671 veriorem
1978 2627 2115 2671 6666
2178 2628 2293 2671 1166

276 2695 445 2759 alias
492 2716 638 2758 eum
693 2695 804 2778 qui
859 2694 982 2759 scit
1034 2694 1389 2777 possidere,
1447 2694 1573 2759 nisi
1628 2695 1683 2759 si
1734 2695 1875 2758 loco
1924 2698 2137 2758 motus
2187 2695 2289 2777 sit,

277 2784 434 2869 quia
478 2804 608 2847 non
655 2784 742 2847 sit
787 2784 905 2846 sub
955 2782 1244 2847 custodia
1288 2788 1535 2848 nostra.

462 2871 632 2936 132?
686 2871 764 2936 D.
792 2871 899 2953 41,
925 2871 987 2954 4,
1012 2872 1074 2952 2,
1103 2870 1162 2937 9.
1234 2871 1474 2937 Paulus
1511 2872 1675 2936 libro
1716 2872 2290 2955 quinquagensimo

276 2964 514 3047 quarto
546 2960 626 3025 ad
655 2960 950 3024 edictum.
985 2995 1060 3006 —-
1093 2957 1582 3025 Procuratorem
1620 3010 1635 3025 .
1664 3009 1697 3040 .,
1736 2960 1845 3043 qui
1874 2982 1951 3023 ex
1979 2961 2292 3045 auctione,

281 3072 474 3135 quam
529 3048 837 3113 mandatu
892 3048 1134 3113 domini
1179 3048 1364 3132 facit,
1427 3048 1679 3131 emerit,
1723 3048 2009 3133 plerique
2056 3052 2293 3133 putant

279 3137 585 3203 utilitatis
633 3158 826 3202 causa
870 3159 989 3221 pro
1038 3141 1325 3220 emptore
1371 3142 1849 3222 usucapturum.

462 3228 601 3291 133.
651 3225 728 3290 D.
757 3225 860 3304 41,
891 3226 951 3307 2,
982 3227 1038 3309 1,
1062 3226 1166 3291 22.
1229 3225 1469 3291 Paulus
1505 3226 1675 3290 libro
1714 3226 2289 3310 quinquagensimo

280 3319 509 3399 quarto
548 3315 628 3379 ad
667 3314 963 3379 edictum.
1003 3342 1086 3361 -·-
1125 3362 1140 3379 .
1171 3364 1185 3379 .
1257 3313 1473 3380 Nerva
1518 3315 1691 3380 filius
1731 3316 1839 3398 ait,
1884 3336 1998 3398 per
2034 3336 2289 3379 servum

277 3425 442 3488 quae
489 3402 894 3486 peculiariter
941 3402 1360 3486 adquisierint
1396 3403 1510 3488 (sc.
1547 3399 1945 3490 municipes),
1984 3408 2047 3467 et
2084 3402 2289 3485 possi-

426 3570 451 3612 1
493 3559 585 3615 Fz.
626 3560 682 3613 et
719 3575 844 3613 eum
882 3557 978 3628 qui
1015 3559 1333 3629 usuceperit
1368 3561 1442 3615 et.
