2575 3900
564 217 605 273 I.
650 215 998 270 VETERUM
1036 215 1496 272 SENTENTIAE
1535 214 1629 270 ΕΤ
1665 214 1874 270 LIBRI.
2095 215 2220 280 511

213 401 358 444 eum
426 380 631 444 teneri
691 379 952 462 debere,
1017 379 1272 464 quando
1333 380 1492 443 haec
1555 373 1870 464 generalis
1936 379 2224 462 exceptio

212 489 344 532 non
418 468 498 531 ad
572 490 644 532 ea
715 468 1033 552 pertinere
1107 468 1361 550 debeat,
1442 489 1605 551 quae
1680 469 1969 532 venditor
2046 469 2228 532 novit

213 578 501 642 quaeque
557 557 921 640 specialiter
980 557 1267 640 excipere
1324 559 1389 621 et
1432 556 1649 639 potuit
1695 561 1760 620 et
1814 556 2066 633 debeat,
2115 556 2226 620 sed.

212 645 293 708 ad
334 667 409 710 ea
447 668 609 732 quae
646 645 973 731 ignoravit
1000 649 1064 710 et
1100 646 1176 710 (le
1216 646 1448 730 quibus
1491 648 1842 728 emptorem
1880 645 2225 710 certiorare

209 735 513 818 nequivit.

388 824 490 888 27.
531 821 605 887 D.
634 822 732 900 18,
755 824 813 904 6,
835 824 893 906 1,
911 825 971 888 4.
1009 822 1330 906 Ulpianus
1358 822 1526 887 libro
1557 822 1856 888 vicesimo
1885 826 2113 888 octavo
2145 823 2226 887 ad

213 910 543 977 Sabinum.
590 947 677 958 -
718 909 786 976 Si
832 913 1073 976 doliare
1120 912 1337 976 vinum
1385 911 1613 976 emeris
1651 933 1770 976 nec
1807 911 1882 975 de
1914 912 2225 976 tradendo

212 1022 286 1065 eo
354 1001 695 1084 quicquam
761 1001 1158 1084 convenerit,
1228 999 1295 1064 id
1360 998 1557 1065 videri
1623 1004 1862 1082 actum,
1939 1005 2011 1064 ut
2076 1004 2226 1064 ante

212 1094 675 1154 evacuarentur
722 1111 913 1172 quam
955 1090 1035 1153 ad
1072 1089 1475 1153 vindemiam·
1511 1111 1706 1173 opera
1745 1111 1960 1153 eorum
2008 1088 2227 1153 futura

212 1182 296 1242 sit
340 1178 727 1262 necessaria;
785 1178 953 1260 quod
1004 1183 1059 1242 si
1112 1200 1243 1243 non
1301 1178 1431 1241 sint
1485 1182 1813 1263 evacuata,
1848 1177 2227 1262 faciendum,

212 1267 380 1347 quod
463 1270 712 1331 veteres
794 1270 1199 1350 putaverunt,
1288 1289 1404 1352 per
1486 1267 1743 1331 corbem
1825 1267 2226 1332 venditorem

212 1377 580 1420 mensuram
608 1355 817 1420 facere
849 1360 914 1420 et
942 1355 1289 1438 effundere3
1331 1360 1574 1420 veteres
1604 1355 1770 1419 enim
1808 1355 1926 1420 hoc
1963 1360 2228 1440 propter

211 1465 584 1508 mensuram
630 1447 970 1508 suaserunt
1015 1496 1028 1509 .
1060 1494 1073 1509 .
1104 1495 1117 1509 .

1006 1619 1106 1685 De
1147 1621 1441 1685 societate.

388 1745 491 1810 28.
548 1744 625 1809 D.
678 1745 778 1824 17,
832 1745 893 1827 2,
939 1744 1042 1828 52,
1094 1745 1192 1809 18.
1249 1741 1422 1808 Idem
1482 1743 1621 1828 (sc.
1653 1741 2004 1828 Ulpianus)
2058 1744 2224 1810 libro

207 1833 588 1918 trigensimo
637 1832 717 1898 ad
766 1833 1057 1898 edictum.
1107 1869 1190 1880 -—-
1238 1882 1252 1897 .
1282 1881 1297 1897 .
1327 1881 1343 1898 .
1391 1834 1559 1916 apud
1605 1835 1848 1897 veteres
1893 1836 2228 1918 tractatur,

210 1945 293 1987 an
349 1923 560 1989 socius
626 1923 912 1988 omnium
977 1923 1288 1988 bonorum
1302 1972 1319 2005 ‚
1391 1924 1444 1987 si
1498 1921 1647 2007 quid
1706 1922 1787 1987 ob
1842 1921 2224 1987 iniuriarum

210 2015 528 2077 actionem
587 2013 925 2076 damnatus
989 2011 1414 2095 praestiterit,
1479 2034 1557 2075 ex
1622 2012 1942 2076 communi
2006 2033 2223 2076 conse-

209 2106 442 2185 quatur
487 2106 560 2165 ut
605 2104 906 2185 praestet.

384 2206 457 2263 cf.
502 2204 533 2262 I
577 2225 633 2280 p.
684 2205 828 2265 206.

932 2338 1032 2405 De
1075 2341 1211 2405 iure
1255 2341 1506 2405 dotium.

385 2464 489 2529 29.
534 2464 615 2528 D.
669 2465 769 2547 11,
818 2466 875 2542 7,
917 2465 1016 2529 16.
1062 2462 1378 2545 Ulpianus
1408 2463 1571 2528 libro
1612 2463 1959 2528 vicensimo
1999 2462 2223 2548 quinto

208 2552 289 2616 ad
346 2552 640 2617 edictum.
704 2588 779 2597 —
840 2601 855 2616 .
895 2603 907 2615 .
950 2602 963 2615 .
1012 2550 1468 2635 aequissimum
1517 2603 1530 2617 .
1570 2602 1584 2617 .
1633 2552 1840 2617 visum
1897 2555 1997 2615 est
2051 2554 2224 2615 vete-

206 2640 406 2721 ribus,
444 2640 743 2704 mulieres
781 2640 966 2725 quasi
1004 2640 1079 2703 de
1116 2640 1524 2724 patrimoniis
1565 2642 1698 2706 suis
1737 2641 1830 2705 ita
1857 2640 1938 2705 de·
1965 2639 2223 2704 dotibus

86 2722 99 2733 ’
206 2729 491 2794 funerari
557 2733 620 2792 et
682 2750 826 2793 eum
884 2728 993 2813 qui
1049 2734 1253 2793 morte
1310 2730 1594 2794 mulieris
1650 2729 1865 2795 dotem
1920 2730 2224 2809 lucratur,

204 2819 277 2883 in
324 2818 515 2882 funus
565 2817 852 2883 conferre
901 2818 1148 2901 debere,
1195 2816 1338 2883 sive
1375 2823 1561 2902 pater
1607 2818 1894 2883 mulieris
1942 2824 2043 2882 est
2089 2817 2224 2882 sive

204 2908 495 2971 maritus,

1042 3001 1137 3061 De
1181 3002 1384 3061 tuteli-5¹.

384 3120 489 3185 30.
587 3118 725 3183 Gai.
784 3120 848 3204 1,
917 3122 1042 3185 144
1100 3143 1194 3205 sq.
1264 3158 1350 3166 —
1413 3120 1680 3185 Veteres
1741 3172 1754 3185 .
1802 3170 1816 3185 .
1882 3122 2224 3186 voluerunt

205 3207 499 3292 feminae,
554 3208 808 3272 etiamsi
864 3208 1183 3293 perfectae
1232 3210 1462 3274 aetatis
1510 3210 1658 3291 sint,
1715 3213 1977 3293 propter
2023 3208 2223 3273 animi

206 3297 533 3362 levitatem
586 3297 655 3361 in
711 3299 915 3362 tutela
969 3319 1107 3362 esse
1154 3351 1167 3364 .
1199 3348 1212 3363 .
1240 3348 1255 3365 .
1305 3299 1627 3384 loquimur
1677 3302 1892 3364 autem
1938 3296 2220 3381 exceptis

206 3384 567 3471 virginibus
614 3385 1010 3466 Vestalibus,
1060 3409 1218 3471 quas
1266 3388 1460 3451 etiam
1508 3391 1752 3453 veteres
1797 3387 1865 3452 in
1912 3388 2214 3452 honorem

208 3474 549 3539 sacerdotii
593 3474 832 3540 liberas
880 3497 1019 3541 esse
1065 3477 1422 3541 voluerunt.

383 3597 437 3637 v.
484 3576 515 3634 I
559 3598 616 3653 p.
670 3579 811 3637 136.
