2575 3900
237 177 338 230 XII

231 345 306 402 de
363 343 584 404 merde.
690 344 830 419 Car,
890 343 1186 418 disait-il,
1240 363 1319 403 au
1372 348 1587 407 monde
1637 351 1743 427 n’y·
1794 371 1833 412 a
1886 355 2079 422 livres
2124 367 2287 430 tant

230 433 469 505 beaulx,
513 435 650 492 tant
695 437 932 509 aorneS,
977 435 1114 492 tant
1159 433 1419 511 elegam,
1465 455 1693 497 comme
1739 443 1877 502 s'ont
1921 447 2013 506 les
2056 454 2283 520 textos

227 521 300 579 de
345 521 700 596 Pandectes;
757 521 908 578 mais
953 521 1016 578 la
1060 521 1322 580 brodure
1366 522 1633 603 d'iceulx‚
1680 529 1827 589 c’est
1875 541 2155 600 assavoir
2200 546 2280 606 la

225 611 406 670 Glose
451 609 526 668 de
565 610 846 684 Accurse,
895 612 988 668 991
1031 612 1170 667 tant
1214 609 1381 684 99119,
1424 615 1561 670 tant
1601 615 1827 678 infame
1873 625 1939 681 et
1980 630 2273 712 punaioe,

223 717 338 777 que
392 717 458 756 ce
511 699 668 757 n’est
724 715 840 774 que
895 697 1112 756 ordure
1169 701 1230 756 et
1282 696 1563 760 villenie.’
1580 695 1603 732 ¹
1699 708 1805 764 sed
1858 709 1985 770 iam
2040 719 2273 783 eodem

220 792 489 862 tempore
537 787 698 862 apud
743 785 1048 862 Bituriges
1093 785 1190 843 ius
1237 786 1491 846 docebat
1534 790 1861 854 Andreas
1904 800 2267 870 Alciatus

218 866 764 955 (1492—1550),
818 893 935 949 quo
989 874 1238 932 laudato
1295 873 1611 954 Savignius
1660 885 1867 942 noster
1920 893 2123 964 operis
2178 899 2265 959 de

214 965 366 1024 iuris
411 964 661 1022 Romani
716 962 970 1020 historia
1023 962 1340 1036 compositi
1386 963 1567 1023 finem
1610 967 1769 1028 fecit.
1783 963 1809 1000 ²
1900 968 2080 1039 ‘illud
2124 1003 2261 1048 non

214 1045 516 1126 diffiteor',
547 1051 746 1127 inquit
771 1049 1044 1109 Alciatus
1055 1044 1096 1123 ³,
1137 1043 1214 1108 ‘si
1239 1051 1625 1126 antiquorum
1650 1055 1801 1117 iuris
1828 1068 2259 1135 consultorum

213 1159 394 1218 opera
439 1141 730 1211 extarent,
768 1185 781 1198 .
814 1184 827 1196 .
857 1181 874 1197 .
921 1137 1193 1197 Accursii
1237 1142 1301 1196 et
1347 1141 1451 1216 (1111
1483 1145 1623 1216 post
1658 1163 1798 1204 eum
1844 1153 2255 1240 scripserunt,

209 1229 452 1288 minime
494 1227 862 1286 necessarias
907 1227 1148 1285 futuras
1193 1227 1381 1286 fuisse
1423 1230 1913 1298 lucubrationes?

383 1316 812 1391 Inscriptiones
857 1315 978 1372 iam
1018 1334 1128 1391 pro
1164 1318 1339 1390 parte
1374 1318 1617 1392 quidem
1648 1323 1970 1388 restitutae
2006 1341 2247 1408 quanto

208 1408 408 1466 essent
458 1405 601 1463 usui
663 1403 740 1462 ad
803 1407 1077 1464 veterum
1137 1404 1523 1479 prudentium
1586 1408 1771 1469 libros
1826 1418 2246 1488 restituendos

206 1514 342 1554 cum
383 1493 805 1569 perspexisset,
840 1492 1150 1552 Iacobus
1189 1491 1529 1555 Guiaciue
1563 1488 2069 1586 (1522—1590)
2106 1513 2243 1577 fere

201 1583 339 1641 inde
386 1600 458 1640 ex
502 1599 556 1640 a.
602 1583 773 1640 1547
821 1581 1082 1657 undique
1129 1583 1483 1656 conquisitis
1523 1585 1599 1644 iis
1640 1586 1897 1650 indicem
1934 1595 2057 1655 sibi
2094 1619 2243 1664 con-

199 1670 366 1742 fecit,
441 1688 558 1744 quo
629 1672 904 1729 veterum
971 1669 1268 1730 librorum
1328 1691 1437 1746 per
1496 1673 1747 1750 Digesta
1820 1679 2240 1756 dispersorum

198 1759 494 1834 genuinus
548 1757 692 1817 ordo
746 1761 1078 1833 apparebat
1130 1759 1543 1836 pristinusque
1588 1765 1785 1822 status
1838 1769 2237 1846 aliquatenus

197 1845 684 1905 adumbrabatur.
765 1846 1114 1907 Florentino
1160 1847 1373 1906 deinde
1419 1849 1617 1908 codice
1663 1871 1701 1910 a
1734 1853 1944 1916 Laelio
1983 1861 2235 1930 Tol-ello

195 1954 352 1995 anno
410 1936 580 1995 1553
656 1934 1113 2013 diligentissime
1178 1936 1341 1997 edito
1412 1957 1451 1996 a
1520 1937 1762 2000 Guiacio
1830 1957 2235 2027 praeceptore

193 2025 392 2083 iussus
447 2024 834 2099 eiusdemque
882 2026 1131 2085 consilio
1177 2026 1423 2086 adiutus
1468 2047 1692 2087 novum
1740 2030 2237 2107 fragmentorum

191 2111 448 2171 indicem
494 2112 751 2172 confecit
796 2112 1100 2175 Carolus
1136 2116 1397 2188 Faber,
1440 2115 1683 2190 optimis
1725 2118 2009 2183 subsidiis
2054 2148 2233 2197 usus,

192 2204 258 2259 at
303 2200 769 2260 emendatiorem
813 2203 996 2262 etiam
1041 2206 1376 2279 composuit
1413 2203 1720 2262 Iacobus
1754 2205 2121 2291 Labittus,
2162 2227 2233 2284 et

332 2407 362 2456 1
412 2403 656 2473 Operum
701 2404 874 2461 Paris.
931 2424 980 2463 a.
1033 2414 1170 2463 1858
1221 2405 1499 2460 editorum
1545 2404 1571 2456 I
1613 2421 1667 2485 p.
1708 2410 1823 2487 ¹⁹9·
1916 2429 2103 2483 neque
2154 2422 2223 2479 id

183 2474 748 2544 praetermittendum
800 2480 964 2545 puto,
1021 2480 1166 2547 quod
1219 2477 1373 2530 idem
1427 2479 1597 2544 poeta
1640 2492 1701 2556 111
1744 2476 1891 2533 hbro
1924 2484 2037 2562 ‘qni
2082 2500 2225 2559 pont

182 2547 424 2599 mortem
478 2546 598 2601 eius
651 2564 706 2603 a.
746 2552 884 2603 1564
929 2551 1110 2605 editus
1155 2549 1268 2615 eet,
1323 2548 1393 2601 de
1436 2546 1761 2602 Florentino
1816 2552 2037 2625 9911199,
2096 2580 2219 2631 quo

183 2616 336 2670 docti
390 2616 671 2672 abstinere
727 2620 1070 2689 cogebantur
1112 2618 1276 2673 affert
1320 2618 1381 2687 (l.
1430 2634 1474 2672 9.
1492 2616 1572 2701 ,ΙΙ
1591 2636 1673 2698 ·p.
1701 2621 1853 2689 29⁷)=
1901 2624 2217 2707 “Panurgo

181 2688 274 2741 fist
326 2688 454 2741 tant
503 2705 608 2757 par
666 2690 838 2744 belles
892 2692 1100 2760 prietes
1144 2704 1282 2744 avec
1324 2690 1409 2743 les
1460 2688 1707 2759 9191119119
1754 2692 1829 2745 du
1874 2694 1993 2750 heu
2038 2705 2215 2771 qu’flg

179 2759 234 2811 le
288 2774 429 2811 nous
482 2761 856 2814 monstrerent
912 2762 1008 2829 (99.
1065 2778 1142 2813 99
1194 2760 1406 2829 fiasque
1463 2760 1555 2843 de·
1588 2760 1743 2830 Sang
1794 2766 1977 2835 ureal,
2035 2772 2215 2835 chose

180 2828 368 2881 divine
425 2830 484 2882 91
536 2832 572 2882 a
618 2847 730 2898 peu
774 2831 846 2884 de
897 2846 1034 2899 gens
1089 2832 1389 2899 congnne)=
1443 2847 1587 2885 91919
1632 2847 1704 2913 ‘ce
1748 2833 1837 2887 fut
1884 2853 2023 2896 avec
2054 2848 2211 2916 nplug

179 2899 248 2952 de
303 2900 614 2953 ceremonie
661 2901 722 2953 et
774 2900 1048 2955 solennite
1091 2901 1220 2969 plus
1273 2901 1485 2971 grande
1539 2903 1677 2956 trois
1730 2902 1865 2974 fois,
1923 2912 2097 2979 qu’on
2132 2938 2209 2976 ne

177 2972 423 3022 monstre
458 2972 494 3022 a
520 2970 790 3025 Florence
823 2970 907 3024 199
936 2970 1246 3026 Pandectes
1282 2973 1353 3027 de
1387 2972 1687 3042 Justinian,
1724 2992 1796 3030 99
1830 2976 1891 3034 19
1927 2981 2209 3046 Vei-enni.

213 3055 284 3091 ue
322 3042 358 3092 a
391 3038 610 3094 Rome’.

176 3058 212 3108 q
317 3114 366 3162 2.
405 3109 738 3165 Geschichte
768 3112 848 3167 VI
873 3132 928 3183 p.
959 3119 1082 3170 421.
1119 3119 1242 3170 475.
1302 3115 1556 3171 ‘Blicken
1588 3115 1693 3170 wir
1724 3135 1841 3173 91111
1869 3165 1883 3179 .
1914 3164 1929 3177 .
1958 3125 2019 3193 .’,
2055 3129 2203 3187 haee

173 3179 292 3233 eius
328 3179 501 3233 verba
537 3199 604 3235 ex
639 3201 696 3252 p.
725 3188 826 3239 471
862 3186 972 3239 huc
1005 3186 1202 3241 afferre
1237 3186 1415 3255 iuvat,
1456 3187 1683 3242 ‘unsel-n
1710 3190 2079 3263 Standpunkt
2103 3218 2203 3259 am

172 3249 401 3304 89111999
437 3251 538 3306 des
574 3254 934 3311 ffinfzehnten
960 3258 996 3312 J
996 3259 1369 3314 ahrhunderte
1406 3258 1685 3327 vahlend,
1721 3260 1781 3315 in
1818 3262 1913 3319 die
1948 3284 2051 3321 vor
2084 3288 2195 3329 uns

169 3320 429 3389 liegende
466 3322 736 3395 Zukunft,
783 3345 846 3383 99
889 3330 1102 3385 1199919
1139 3348 1199 3386 99
1235 3330 1409 3386 991199
1444 3330 1661 3384 11919919
1698 3332 1883 3387 einem
1916 3340 2197 3397 99119199-

167 3408 351 3461 genen
395 3392 560 3449 Blick
602 3397 774 3453 kaum
821 3401 1132 3471 verborgen
1166 3404 1417 3471 bleiben,
1455 3402 1585 3455 dass
1622 3402 1715 3456 die
1750 3404 2193 3466 Rechtawisnen-

168 3462 354 3518 schast
389 3464 515 3522 eine
551 3468 929 3543 vollstandige
965 3474 1379 3542 Umwandlung
1412 3472 1670 3527 erfahren
1704 3476 1935 3530 mfisse'.

309 3541 360 3591 3.
395 3536 480 3593 1)9
515 3541 810 3597 verborum
848 3544 1278 3614 significatione.
1332 3542 1589 3600 Francos.
1626 3547 1765 3598 1⁶82
1800 3562 1859 3614 p.
1886 3552 2009 3603 671.
