2575 3900
350 164 452 218 XX

337 332 454 406 zilla
506 331 691 391 verba
745 329 1005 406 prudens
1063 329 1337 406 dixisset,
1394 328 1457 400 Q.
1504 329 1734 390 Mucius
1781 329 1982 393 aiebat
2028 329 2260 406 expiari
2306 334 2388 434 ut

345 419 597 495 impium
643 438 764 478 non
808 437 981 494 posse
1029 409 1088 499 (I
1133 439 1190 494 p.
1231 411 1364 498 57).
1780 442 1785 446 ·

521 508 918 584 Pomponium
962 527 1213 586 quoque,
1261 526 1397 568 cum
1443 505 1590 568 iuris
1637 507 1889 568 Romani
1935 506 2226 584 originem
2274 526 2382 567 ex-

343 597 568 674 plicare
614 597 728 656 sibi
773 597 1210 674 proposuisset,
1261 599 1335 657 ut
1380 598 1605 658 ceteros
1653 596 1989 657 sacerdotes
2036 596 2387 673 neglegam,

347 690 508 747 certe
555 687 629 745 de
673 684 1054 761 pontificibus
1105 705 1226 744 non
1271 684 1467 744 dicere
1513 704 1633 744 non
1677 684 1963 762 potuisse,
2012 684 2383 745 Triboniano

345 794 490 840 vero
527 775 639 834 hoc
677 775 989 850 Pomponii
1025 778 1207 851 caput
1245 774 1644 835 omittendum
1680 774 1863 833 fuisse
1900 773 2109 851 negari
2144 773 2384 848 nequit.

343 863 546 941 itaque
575 863 639 922 in
667 861 706 938 ἓ
741 865 819 939 1‚3
853 865 996 922 haec
1026 863 1151 922 fere
1181 863 1578 938 Pomponium
1607 863 1913 940 scripsisse
1944 881 2177 922 censeo:
2214 856 2383 922 ‘con-

343 970 602 1030 sequens
648 955 756 1028 est,
803 956 874 1011 ut
909 946 1122 1032 (tam)
1163 952 1234 1011 de
1282 951 1751 1030 magistratuum
1796 945 2021 1029 <quam
2067 951 2139 1010 de
2178 969 2381 1012 sacer-

343 1041 577 1102 dotium
633 1037 1052 1142 publicorum>
1097 1040 1440 1103 nominibus
1497 1043 1559 1100 et
1613 1040 1843 1117 origine
1901 1034 2380 1118 cognoscamus?

522 1131 612 1190 Ac
695 1149 769 1190 ne
841 1130 904 1188 in
976 1131 1256 1189 mutilato
1334 1129 1574 1207 quidem
1648 1129 1963 1205 Pomponii
2036 1129 2379 1207 fragmento

345 1221 558 1278 harum
615 1239 816 1278 rerum
862 1219 1122 1298 vestigia
1167 1219 1407 1280 desunt.
1464 1237 1606 1278 nam
1650 1221 1713 1277 et
1757 1220 1831 1278 de
1877 1218 2130 1296 collegio
2176 1218 2381 1319 ponti·

337 1308 522 1368 ficum
581 1300 651 1389 (ἓ
692 1300 772 1409 6)
807 1310 871 1369 et
921 1307 994 1368 de
1041 1307 1315 1368 maximis
1362 1307 1597 1368 duobus
1643 1306 2025 1383 pontificibus
2071 1309 2143 1366 ut
2196 1307 2378 1366 iuris-

343 1397 636 1458 consultis
683 1397 914 1463 eximiis
963 1397 1201 1456 disserit
1249 1393 1363 1471 (§§
1394 1398 1495 1457 39.
1544 1388 1677 1475 41).
1776 1396 1882 1456 sed
1929 1395 2087 1472 quod
2131 1395 2383 1456 maximi

343 1486 636 1546 momenti
685 1489 801 1545 est:
851 1486 950 1546 vel
997 1485 1170 1546 eiecti
1215 1485 1382 1545 illius
1428 1484 1643 1561 capitis
1690 1485 2092 1562 fragmentum
2138 1484 2383 1544 videtur

347 1579 550 1634 extare
627 1575 822 1635 alieno
891 1575 1023 1636 loco
1087 1574 1407 1650 insertum,
1472 1574 1701 1635 scilicet
1764 1571 1804 1649 ἓ
1860 1576 1925 1636 6:
1990 1565 2126 1650 ‘(ex
2188 1573 2383 1632 isdem

345 1660 450 1740 [sc.
482 1665 720 1742 legibus
747 1663 868 1722 XII
893 1659 1272 1738 tabularum]
1309 1662 1460 1740 legis
1490 1662 1755 1722 actiones
1784 1662 2145 1737 compositae
2184 1653 2379 1742 sunt).

343 1753 660 1813 omnium-
702 1755 943 1812 tamen
982 1746 1334 1829 harum(‘?)
1373 1754 1445 1812 et
1480 1751 2023 1827 interpretandi
2060 1750 2382 1810 scientia

343 1844 415 1901 et
470 1841 796 1901 actiones
853 1842 1043 1918 apud
1097 1840 1490 1922 collegium
1534 1840 1971 1915 pontificum
2019 1842 2257 1912 erant,
2307 1857 2383 1898 ex

341 1929 560 2008 quibus
632 1930 1110 1993 constituebatur
1174 1929 1307 2007 quis
1373 1947 1605 2008 quoque
1678 1948 1831 1989 anno
1908 1932 2140 2006 praesto
2216 1930 2382 1991 esset

340 2012 665 2097 privatis'.1
771 2024 841 2079 ut
913 2038 1119 2081 eorum
1181 2037 1336 2095 quae
1392 2019 1515 2078 dixi
1570 2037 1862 2078 summam
1917 2018 2165 2077 faciam:
2221 2019 2380 2077 hanc

344 2103 805 2185 ‘interpretandi
859 2101 1193 2169 scientiam'
1249 2111 1313 2167 et
1358 2107 1525 2168 illam
1573 2100 1742 2167 ‘iuris
1792 2107 1987 2169 civilis
2034 2100 2374 2168 scientiam’

338 2198 405 2258 in
462 2198 669 2257 eodem
725 2198 920 2273 capite
978 2198 1124 2257 olim
1176 2215 1214 2259 a
1257 2196 1589 2273 Pomponio
1648 2196 1950 2274 expositas
2008 2195 2196 2256 fuisse
2241 2195 2377 2266 veri

341 2286 719 2347 simillimum
745 2294 854 2348 est.
902 2287 1108 2364 itaque
1143 2285 1193 2345 si
1221 2286 1356 2363 quis
1380 2286 1689 2362 Pomponii
1716 2287 2143 2364 fragmentum,
2180 2284 2383 2362 quoad

343 2375 520 2435 hodie
574 2375 706 2436 fieri
751 2376 966 2452 possit,
1027 2375 1347 2435 restituere
1391 2375 1571 2448 volet,
1618 2374 1673 2433 ei
1718 2393 1855 2434 cum
1901 2393 1940 2433 a
1978 2373 2128 2435 locis
2176 2393 2212 2433 a
2249 2373 2380 2432 Tri·

343 2464 603 2525 boniano
653 2464 888 2523 omissis
934 2467 1065 2525 tum
1111 2464 1187 2523 ab
1225 2464 1495 2523 eiusdem
1530 2462 1958 2523 additamentis
1994 2463 2096 2523 vel
2134 2463 2209 2522 ab
2246 2463 2379 2539 ipso

344 2552 616 2613 confictis
670 2553 768 2613 vel
820 2572 892 2613 ex
937 2554 1072 2615 aliis
1120 2552 1445 2631 fragmenti
1489 2552 1764 2629 partibus
1809 2551 2194 2628 transpositis
2241 2570 2381 2627 pro·

347 2641 730 2704 ficiscendum
759 2644 898 2721 erit;
938 2642 1041 2721 qui
1077 2643 1317 2720 singula
1352 2642 1537 2703 verba
1570 2642 1885 2701 emendare
1914 2641 2199 2717 studebit,
2238 2658 2380 2701 eum

343 2732 695 2809 plerumque
759 2752 879 2793 non
943 2731 1367 2808 Pomponium,
1433 2730 1537 2791 sed
1604 2731 2038 2791 Tribonianum
2102 2730 2383 2789 emenda-

342 2822 548 2879 turum
596 2838 723 2879 esse
769 2819 981 2880 iudico,

478 2975 955 3069 FRAGMENTI
999 2993 1510 3055 POMPONIANI
1551 2949 1903 3055 'GENUIM
1950 2995 2255 3065 STATUS

1083 3082 1641 3145 LINEAMENTA.

493 3198 541 3258 L
601 3201 696 3259 De
739 3202 891 3260 iuris
934 3190 978 3278 <
979 3201 1186 3277 populi
1231 3195 1533 3279 Romani>
1578 3203 1801 3276 oriyine
1844 3206 1899 3261 et
1934 3219 2226 3276 processu.

527 3349 670 3355 ———
713 3314 1119 3375 necessarium
1172 3310 1401 3393 [itaque
1459 3312 1659 3393 nobis]
1708 3317 1950 3378 videtur
1995 3316 2183 3393 ipsius
2230 3316 2383 3377 iuris

348 3399 632 3490 ¹<nostri>
681 3404 972 3482 originem
1019 3407 1198 3482 atque
1245 3424 1592 3483 processum
1638 3406 2048 3467 demonstrare
2097 3398 2246 3487 (pr.)

495 3544 544 3598 1.
583 3539 713 3597 ch.
750 3541 1034 3609 praeesset
1069 3537 1322 3611 privatis.
