2575 3900
365 163 501 228 464
572 165 639 220 V.
677 164 976 225 NERVAE
1015 164 1107 218 ET
1145 164 1452 218 TRAIANI
1487 164 1702 221 TEMP.
1738 164 1930 220 IURIS
1969 163 2347 219 CONSULTI

542 333 614 392 In
667 332 968 410 responsis
1024 332 1150 393 suis
1193 332 1515 392 Iavolenus
1569 351 1753 411 aeque
1800 332 2098 392 Labeonis
2149 335 2419 393 senten·

363 423 486 482 tias
542 422 750 481 attulit
806 415 1060 502 (‘Labeo
1114 421 1464 499 frequenter
1518 415 1749 482 scribit'
1795 422 1868 482 D.
1898 423 2002 500 28,
2032 424 2090 493 5,
2122 420 2237 500 65)
2299 423 2421 482 vel

363 510 624 588 probans
681 503 782 591 (D.
811 512 858 569 ·l.
891 529 940 570 c.
997 503 1197 588 ‘idque
1244 531 1449 570 verum
1494 528 1625 570 esse
1670 511 1987 570 manifesto
2034 513 2418 589 argumento

363 592 767 678 comprobat’)
821 599 918 659 vel
972 599 1222 659 reiciens
1279 592 1382 680 (D.
1414 601 1804 677 50,16,116
1854 591 2211 676 ‘responditt
2272 619 2415 659 non

363 688 577 747 dubito
623 688 765 764 quin
812 687 1107 747 Labeonis
1153 689 1451 748 sententia
1496 706 1641 748 vera
1682 707 1801 748 non
1846 682 2001 768 sit').
2092 689 2209 748 alio
2259 688 2412 748 loco

365 776 570 835 Sabini
639 777 994 836 sententiam
1061 777 1236 836 affert
1297 797 1477 852 quam
1539 777 1807 852 sequitur
1872 769 1974 857 (D.
2013 779 2118 850 45,
2160 781 2217 846 1,
2263 779 2405 838 105

364 859 720 942 ‘responditz
777 865 1100 925 secundum
1146 866 1429 925 Massurii
1476 866 1681 925 Sabini
1737 863 2075 942 opinionem
2130 867 2284 942 puto
2334 869 2407 924 te

364 1000 377 1014 .
409 1000 423 1015 .
454 1002 467 1015 .
497 973 674 1031 agere
712 973 831 1013 non
865 972 1066 1030 posse3
1112 974 1254 1013 nam
1287 955 1341 1014 is
1375 957 1537 1014 recte
1575 953 1975 1030 existimabat,
2012 946 2137 1036 si').
2220 954 2402 1013 deni-

359 1062 478 1122 que
540 1044 782 1102 Proculi
853 1044 1210 1103 sententiam
1285 1063 1323 1102 a
1394 1044 1741 1103 consulente
1814 1043 2073 1120 quodam
2138 1043 2403 1102 allatam

361 1133 579 1209 probat
624 1125 725 1213 (D.
756 1133 860 1208 28,
891 1135 947 1204 5,
981 1135 1059 1190 11
1112 1126 1470 1208 ‘respondibz
1515 1151 1661 1192 vera
1707 1134 1801 1190 est
1835 1131 2078 1191 Proculi
2114 1127 2401 1212 opinio').

538 1222 628 1280 De
683 1221 814 1280 iure
860 1220 1134 1297 inprimis
1181 1221 1347 1280 civili
1392 1221 1621 1280 dictum
1666 1220 1853 1280 fuisse
1898 1223 2178 1297 apparet3
2232 1221 2393 1281 iuris

360 1310 663 1370 honorarii
709 1310 933 1369 mentio
979 1329 1099 1367 non
1143 1310 1228 1370 fit.

539 1398 728 1468 Quem
770 1398 1041 1458 ordinem
1075 1399 1138 1456 in
1175 1398 1354 1458 rebus
1393 1398 1751 1458 collocandis
1788 1397 2104 1458 Iavolenus
2143 1401 2393 1458 secutus

363 1487 468 1565 sit,
524 1506 655 1547 cum
709 1487 827 1547 viri
882 1487 1044 1546 docti
1099 1505 1287 1563 aeque
1344 1489 1525 1565 atque
1578 1487 1643 1546 in
1687 1487 1926 1546 Proculi
1969 1486 2394 1563 Epistularum

355 1575 530 1635 libris
568 1569 778 1653 (supra
814 1596 871 1651 p.
904 1567 1060 1653 111)
1097 1595 1218 1637 non
1254 1575 1660 1654 cognoverint,
1697 1575 1797 1636 vix
1828 1575 1904 1634 ad
1930 1576 2125 1634 ullum
2152 1579 2391 1635 certum

361 1664 628 1724 ordinem
667 1683 766 1724 cas
802 1665 1122 1740 dispositas
1159 1665 1347 1724 fuisse
1384 1664 1729 1724 existimant
1756 1664 2031 1743 Krueger
2065 1684 2123 1741 p.
2157 1667 2281 1724 162
2325 1668 2389 1725 et.

358 1752 544 1812 Iaenel
584 1754 645 1814 P.
674 1753 706 1811 I
751 1754 861 1813 col.
892 1754 1017 1812 285
1056 1773 1112 1813 n.
1148 1756 1203 1812 7.
1283 1757 1351 1812 at
1395 1754 1555 1812 sicut
1590 1753 1846 1825 Ptoculi,
1889 1753 1979 1812 ita
2018 1758 2083 1812 et
2117 1753 2389 1814 Iavoleni

355 1842 584 1919 singuli
618 1841 759 1900 lib1i
797 1859 1066 1900 seorsum
1103 1842 1251 1902 editi
1287 1842 1583 1918 videntur,
1618 1842 1681 1900 in
1716 1842 1908 1918 iisque
1946 1841 2091 1902 ordo
2125 1844 2385 1902 fortasse

359 1950 479 1991 non
526 1931 680 1990 alius
725 1931 842 1990 fuit
886 1932 1068 2008 atque
1107 1929 1483 2010 Sabinianus,
1528 1930 1604 1990 ad
1650 1931 1821 1991 cuius
1866 1950 2140 1991 normam
2181 1931 2386 2009 singu-

356 2020 556 2080 lorum
600 2019 891 2079 librorum
937 2019 1280 2097 fragmenta
1326 2020 1673 2080 collocanda
1718 2019 1879 2081 duxi.

1215 2278 1430 2337 Liber
1474 2278 1521 2337 Ι.

1109 2396 1210 2462 De
1255 2400 1638 2463 testamentis.

1099 2528 1192 2586 De
1234 2528 1645 2587 substitutione.

538 2640 594 2703 1.
639 2638 716 2702 D.
737 2640 842 2721 42,
871 2638 932 2718 5,
953 2638 1055 2704 28.
1111 2635 1455 2701 Iavolenus
1484 2636 1651 2701 libro
1681 2637 1889 2720 primo
1919 2636 2382 2721 Epistularum.

357 2765 440 2775 —
487 2728 678 2793 Pater
713 2728 999 2808 familias
1043 2724 1347 2809 impuberi
1388 2726 1539 2809 filio,
1582 2727 1639 2790 si
1682 2730 1823 2790 ante
1854 2726 2238 2808 pubertatem
2280 2728 2378 2793 de-

353 2819 644 2898 cessisset,
698 2816 1010 2880 substituit
1050 2816 1339 2880 heredem.
1429 2815 1488 2879 is
1528 2815 1703 2897 filius
1742 2819 2013 2897 paterna
2056 2816 2377 2881 hereditate

344 2926 416 2969 se
469 2906 768 2969 abstinuit
817 2906 1062 2987 ideoque
1116 2904 1275 2983 bona
1319 2904 1527 2986 patris
1580 2904 1929 2980 venierunt‚·
1979 2909 2197 2986 postea
2248 2904 2373 2989 filio

353 2993 655 3058 hereditas
700 2993 951 3078 obvenit,
996 3014 1124 3075 qua
1165 2994 1343 3057 adita
1386 2993 1649 3057 decessit.
1732 3012 1980 3077 quaem,
2025 3014 2166 3058 cum
2200 3014 2375 3076 prae·

355 3089 450 3147 tor
514 3084 584 3145 in
641 3084 847 3163 ipsum
898 3082 1244 3165 pupillum,
1306 3082 1590 3163 quamvis
1641 3087 1856 3163 postea
1917 3081 2223 3149 hereditas
2280 3082 2373 3147 ob-

353 3172 638 3255 venisset,
692 3172 1089 3236 creditoribus
1142 3176 1348 3235 tamen
1390 3172 1601 3252 patris
1657 3172 1957 3236 actionem
2008 3191 2138 3236 non
2190 3173 2371 3258 daret,

348 3281 440 3324 an
503 3261 575 3324 in
635 3260 1028 3324 substitutum
1089 3260 1483 3324 creditoribus
1535 3261 1743 3342 patris
1802 3260 2019 3324 danda
2071 3262 2156 3325 sit
2204 3262 2369 3344 actia,

349 3368 492 3413 cum
537 3369 612 3413 ex
656 3348 830 3411 bonis
867 3349 1168 3429 paternis,
1207 3350 1369 3428 ‘quae
1411 3348 1639 3412 scilicet
1678 3349 1765 3412 ad
1804 3350 2128 3414 creditores
2162 3350 2367 3415 missos

351 3438 424 3501 in
470 3437 630 3501 bona
662 3437 988 3517 pertinent,
1032 3435 1194 3499 nihil
1236 3436 1533 3514 adquirat
1571 3441 1630 3499 et
1671 3458 1809 3500 cum
1854 3438 2176 3502 creditores
2216 3437 2367 3502 nihil

352 3526 515 3590 iuris
575 3526 646 3589 in
708 3524 881 3589 bonis
935 3524 1169 3606 pupilli
1224 3521 1552 3586 habuerint
1601 3544 1926 3605 eorumque
1977 3526 2141 3590 nihil
2193 3527 2363 3590 inter·
