2575 3900
733 226 784 276 4.
828 220 889 277 L.
926 219 1289 276 NERATIUS
1329 219 1621 276 PRISCUS
2044 219 2173 283 293

485 400 585 466 De
628 401 922 467 bonorum
954 403 1331 486 possessione
1372 401 1858 467 manumissoris.

350 511 405 572 l.
450 505 528 572 D.
557 508 661 592 37,
691 501 794 591 12,
822 508 880 574 5.
948 507 1340 593 Papinianus
1387 508 1556 574 libro
1604 506 1935 572 undecimo
1973 504 2176 582 Quae-

174 597 448 661 stionum
515 595 617 680 (P.
657 594 831 684 195).
893 634 966 644 —
1031 597 1233 662 Divus
1299 597 1615 662 Traianus
1677 595 1910 678 filium,
1985 616 2173 679 quem

170 688 353 768 pater
400 686 565 750 male
617 689 839 751 contra
882 687 1191 770 pietatem
1236 685 1596 768 adficiebat,
1642 683 1855 769 coegit
1901 684 2173 748 emanci-

171 795 339 857 pare.
457 795 583 857 quo
658 779 887 858 postea
958 774 1258 840 defuncto
1333 778 1514 858 pater
1594 776 1668 838 ut
1747 773 2175 837 manumissor

171 862 486 926 bonorum
558 863 1033 946 possessionem
1097 863 1220 927 sibi
1284 868 1648 947 competere
1714 860 1980 926 dicebat.
2064 860 2176 925 sed

173 950 437 1014 consilio
474 949 729 1015 Neratii
766 950 969 1016 Prisci
1017 955 1080 1016 et
1116 952 1445 1016 Aristonis
1492 949 1551 1016 ei
1594 953 1860 1034 propter
1901 950 2176 1014 necessi-

171 1041 370 1102 tatem
418 1038 763 1103 solvendae
809 1039 1073 1123 pietatis
1121 1035 1492 1125 (potestatis
1506 1037 1570 1125 1³)
1618 1039 1934 1123 denegata
1972 1041 2087 1102 est.

667 1197 767 1263 De
811 1199 1090 1282 beneficio
1134 1221 1179 1264 a
1222 1198 1482 1265 Caesare
1524 1200 1682 1263 dato.

350 1304 411 1369 2.
474 1303 549 1369 D.
588 1303 693 1389 50,
734 1307 833 1385 17,
874 1306 1015 1371 191.
1105 1305 1283 1371 Idem
1351 1303 1462 1390 (sc.
1518 1299 1770 1389 Celsus)
1835 1302 2005 1367 libro
2069 1302 2178 1368 tri-

172 1394 462 1478 gensimo
509 1394 703 1460 tertio
739 1393 1158 1479 Digestorum
1198 1391 1300 1482 (P.
1328 1390 1507 1480 247).
1553 1429 1635 1439 -
1680 1389 1982 1456 Neratius
2030 1411 2176 1455 con-

173 1483 396 1567 sultus,
435 1503 517 1546 an
557 1482 726 1566 quod
765 1483 1142 1548 beneficium
1181 1483 1332 1547 dare
1367 1505 1434 1546 se
1463 1480 1646 1566 quasi
1674 1479 1911 1544 viventi
1940 1478 2178 1546 Caesar

170 1571 617 1656 rescripserat,
676 1571 808 1636 iam
864 1571 1166 1637 defuncto
1223 1571 1471 1636 dedisse
1526 1567 2026 1650 existimaretur,
2079 1589 2177 1632 re-

174 1658 436 1743 spondit
498 1680 629 1723 non
692 1659 894 1724 videri
960 1660 1083 1725 sibi
1144 1659 1525 1744 principem,
1598 1656 1768 1741 quod
1830 1657 1917 1741 ei,
1989 1678 2178 1741 quem

172 1749 382 1813 vivere
430 1747 869 1835 existimabat,
926 1748 1367 1833 concessisset,
1413 1746 1712 1812 defuncto
1759 1745 2178 1826 concessisse3

172 1858 362 1920 quem
416 1841 638 1900 tamen
692 1837 955 1902 modum
1012 1858 1149 1902 esse
1206 1836 1499 1902 beneficii
1555 1835 1655 1900 sui
1699 1832 1920 1917 vellet,
1975 1834 2178 1917 ipsius

172 1924 687 1991 aestimationem
734 1947 891 1993 esse.

348 2018 476 2079 Hoc
538 2019 965 2098 fragmentum,
1033 2040 1149 2098 quo
1211 2022 1466 2081 fortasse
1531 2020 1604 2079 de
1665 2017 1793 2076 iure
1855 2016 2179 2076 liberorum

174 2108 506 2167 consulenti
558 2108 740 2168 alicui
784 2107 1099 2168 Neratium
1150 2108 1527 2185 respondisse
1571 2106 1755 2167 Lenel
1805 2105 2048 2178 conicit,
2102 2104 2179 2164 ad

173 2196 369 2275 legem
396 2196 612 2256 Iuliam
648 2201 709 2256 et
735 2196 984 2273 Papiam
1013 2198 1424 2274 explicandam
1453 2196 1742 2272 scriptum
1770 2211 1896 2253 esse
1924 2196 2176 2254 constat.

771 2391 880 2449 III.
926 2392 1024 2450 Ex
1067 2391 1358 2451 Plautio
1402 2391 1591 2451 libri.

346 2513 704 2573 Laudantur
750 2515 932 2572 semel
975 2514 1154 2591 idque
1192 2515 1265 2573 ab
1303 2514 1562 2591 Ulpiano
1600 2515 1767 2575 libris
1804 2518 1880 2578 ad
1918 2519 2179 2579 edictum

170 2601 244 2663 D.
286 2603 345 2678 8,
384 2604 440 2675 3,
479 2604 537 2678 5,
580 2605 613 2661 1
683 2594 1020 2679 (‘Neratius
1083 2603 1251 2661 libris
1317 2621 1389 2661 ex
1439 2594 1732 2683 Plautio')
1787 2610 1848 2664 et
1901 2607 2180 2667 videntur

143 2694 311 2765 'post
364 2690 551 2748 libros
607 2708 645 2748 a
686 2688 966 2750 Iavoleno
1022 2709 1094 2750 ex
1138 2690 1377 2750 Plautio
1432 2691 1621 2750 factos
1676 2695 1987 2770 compositi
2033 2713 2176 2755 esse.

167 2779 311 2853 post
347 2776 661 2835 Neratium
710 2796 782 2835 ex
818 2778 1023 2838 eodem
1060 2780 1300 2838 Plautio
1336 2779 1522 2839 libros
1558 2780 1825 2840 fecerunt
1859 2781 1977 2840 VII
2009 2783 2176 2843 Pom-

166 2863 387 2941 ponius
445 2857 534 2941 (P.
566 2860 972 2948 326—371),
1030 2866 1255 2926 Paulus
1309 2867 1515 2927 XVIII
1568 2859 2176 2954 (P.1071—1247).

167 2957 351 3027 atque
379 2951 444 3009 in
469 2950 780 3029 Pomponii
807 2954 1159 3031 fragmentis
1180 2955 1469 3016 Neratius
1498 2976 1788 3034 nusquam
1816 2962 2175 3037 nominatur,

167 3041 234 3098 in
261 3039 437 3099 Pauli
473 3059 589 3101 non
629 3042 803 3102 modo
830 3041 1212 3119 PomponiuS‚
1250 3044 1354 3105 sed
1384 3047 1563 3105 etiam
1591 3045 1909 3109 Iavolenus
1945 3042 2042 3127 (D.
2075 3053 2177 3128 34,

172 3129 229 3203 2,
262 3130 300 3188 8
347 3128 414 3187 P.
448 3124 648 3209 1171)
704 3133 765 3189 et
809 3131 1121 3206 Neratius,
1176 3136 1239 3193 et
1293 3135 1389 3194 hic
1443 3134 1678 3211 quidem
1732 3139 1848 3196 ter:
1912 3137 2065 3199 libro
2120 3139 2177 3196 V

166 3215 241 3275 D.
277 3218 376 3293 18,
410 3219 465 3297 1,
496 3221 575 3278 67
594 3238 684 3294 pr.
730 3219 795 3279 P.
830 3223 997 3281 1116
1048 3215 1391 3304 (Neratius
1436 3218 1594 3300 ait'),
1641 3224 1795 3285 libro
1841 3226 1928 3284 VI
1973 3228 2042 3286 D.
2074 3230 2178 3305 42,

172 3306 229 3380 1,
272 3306 309 3362 2
364 3304 431 3365 Ρ.
474 3302 674 3366 1131b
728 3300 1063 3387 (weratius
1118 3304 1407 3390 scribit'),
1459 3311 1610 3371 libro
1660 3313 1812 3372 VIII
1864 3314 1938 3374 D.
1979 3317 2077 3390 35,
2120 3319 2176 3392 1,

168 3393 274 3465 43,
307 3391 345 3451 3
376 3392 441 3453 P.
467 3396 633 3455 1156
664 3388 1004 3478 (‘Neratius
1032 3401 1184 3459 libro
1212 3400 1406 3476 primo
1434 3399 1872 3476 Responsorum
1901 3399 2176 3481 scribit')‚

167 3479 268 3626 itad
316 3482 644 3628 utmpriora
694 3484 1031 3560 fragmenta
1085 3506 1158 3547 ex
1209 3489 1443 3549 Neratii
1496 3489 1588 3547 his
1640 3490 1811 3551 libris
1865 3492 2181 3569 desumpta

162 3587 227 3627 vi
271 3587 381 3628 ean
454 3589 501 3630 r.
