2575 3900
778 197 829 246 4.
876 192 937 248 L.
978 190 1346 248 NERATIUS
1382 190 1680 248 PRISCUS
2107 191 2237 256 335

216 361 360 420 dum
423 353 538 421 est'
602 360 666 423 P.
708 362 900 422 1027.
1009 354 1283 420 ‘Pzaulus
1339 359 1844 437 quemadmodum
1897 378 2041 439 ergo
2089 405 2103 420 .
2142 407 2155 420 .
2198 405 2212 420 .

398 495 515 598 Sed
548 542 693 599 utut
728 557 825 598 res
864 557 928 598 se
964 538 1165 614 habet,
1210 555 1282 598 ea
1316 538 1662 614 fragmenta
1697 537 1770 597 de
1807 538 2029 616 quibus
2066 537 2235 598 dubi-

214 627 339 687 tari
380 630 599 704 potest,
644 632 849 687 utrum
894 627 1070 687 Pauli
1115 646 1191 686 an
1236 626 1478 686 Neratii
1524 627 1661 705 sint,
1709 627 1986 687 omittere
2029 626 2236 688 malui.

391 716 567 787 Quod
612 716 689 775 ad
732 716 969 776 Neratii
1014 716 1356 793 fragmenta
1400 715 1787 793 proponenda
1832 715 2069 794 attinet,
2113 716 2233 793 pri-

208 823 378 865 mum
414 805 778 865 monendum
814 807 926 882 est,
970 804 1034 863 in
1071 803 1247 864 Pauli
1282 805 1454 864 libris
1492 803 1569 864 ad
1605 804 1926 865 Neratium
1963 803 2232 883 singulis,

210 898 283 954 ut
337 893 605 954 conicere
657 893 826 973 licet,
883 893 1207 970 separatim
1262 893 1442 953 editis
1497 893 1570 953 de
1615 893 1800 954 variis
1843 893 1993 953 iuris
2039 892 2233 954 civilis

210 982 507 1060 capitibus
572 983 801 1042 dictum
863 983 1066 1042 fuisse.
1184 982 1289 1042 sed
1354 983 1695 1059 fragmenta
1765 1001 1874 1058 per
1946 984 2234 1060 quattuor

210 1072 399 1132 libros
473 1071 833 1132 distribuere
916 1087 1051 1130 cum
1130 1071 1270 1147 plus
1351 1071 1634 1130 audaciae
1698 1089 1879 1149 quam
1944 1070 2232 1132 utilitatis

207 1161 447 1238 habeat,
494 1161 821 1221 sententias
868 1161 1222 1238 argumento
1259 1159 1419 1220 inter
1464 1177 1527 1220 se
1563 1159 1848 1221 finitimas
1895 1178 1963 1220 ac
2009 1159 2234 1220 similes

210 1249 537 1309 secundum
582 1247 975 1313 Sabinianum
1022 1247 1293 1308 ordinem
1338 1248 1771 1326 componendas
1817 1247 1977 1311 duxi.

1036 1474 1138 1540 De
1182 1475 1416 1558 zeyatezs.

877 1605 971 1665 De
1013 1606 1326 1679 usufructu
1371 1605 1570 1678 leqato.

395 1724 451 1788 l.
496 1723 575 1789 D.
604 1724 710 1809 35,
742 1725 797 1805 1,
827 1723 930 1788 96.
1011 1722 1252 1789 Paulus
1300 1722 1472 1789 libro
1518 1725 1732 1808 primo
1775 1723 1856 1788 ad
1893 1722 2233 1790 Neratium

204 1811 302 1896 (P.
346 1811 568 1901 1027).
622 1849 695 1860 —
753 1812 918 1878 Titio
961 1832 1113 1879 usus
1152 1812 1396 1894 fructus
1439 1813 1598 1878 servi
1642 1812 1874 1897 leyatus
1917 1817 2030 1898 est,
2074 1818 2132 1878 et
2174 1814 2234 1879 si

202 1902 294 1968 ad
334 1921 471 1968 eum
504 1903 827 1986 pervenire
869 1903 1133 1985 desisset,
1169 1901 1418 1968 libertas
1452 1921 1622 1969 servo
1657 1904 1808 1969 data
1843 1906 1948 1969 est.
2024 1901 2230 1969 Titius

202 1992 341 2057 vivo
396 1996 673 2057 testatore
723 1993 986 2058 decessit.
1078 1992 1326 2058 libertas
1373 2011 1502 2057 non
1545 1992 1724 2077 valet,
1769 1994 1918 2077 quia
1961 1992 2231 2059 condicio

204 2101 315 2147 nee
358 2081 613 2147 initium
654 2082 895 2165 aceepit.

386 2191 731 2270 Sequuntur
775 2194 947 2253 haec:
994 2187 1267 2254 ‘Paulusz
1316 2210 1459 2269 ergo
1507 2195 1569 2253 et
1614 2187 1689 2253 si'
1695 2239 1709 2253 .

969 2422 1063 2482 De
1106 2440 1221 2483 usu
1266 2424 1467 2497 zeqato.

386 2541 445 2605 2.
500 2539 579 2607 D.
618 2541 676 2623 7,
715 2541 774 2621 8,
802 2541 906 2605 23.
997 2540 1235 2606 Paulus
1282 2540 1452 2606 libro
1499 2543 1711 2627 primo
1759 2542 1839 2608 ad
1883 2541 2224 2610 Neratium

206 2628 310 2718 (Ρ.
346 2625 572 2714 1023).
623 2664 700 2675 —-
749 2628 1076 2694 Neratius.
1174 2628 1480 2696 Usuariae
1521 2632 1616 2696 rei
1658 2633 1912 2713 speciem
1953 2633 2012 2697 is
2055 2634 2229 2698 cuius

193 2718 548 2803 proprietas
590 2722 679 2783 est
720 2716 891 2783 nullo
932 2718 1112 2783 modo
1156 2722 1530 2785 commutare
1563 2724 1777 2801 potest

388 2829 739 2907 Sequuntur
780 2829 951 2889 haec.
1000 2823 1276 2889 ‘zPaulus
1325 2828 1728 2890 deteriorem.

932 3060 1026 3121 De
1068 3062 1254 3136 fundo
1301 3063 1500 3137 leqato.

385 3184 445 3249 3.
488 3181 567 3248 D.
598 3183 702 3265 33,
732 3183 789 3263 7,
820 3182 923 3247 24.
1006 3180 1248 3248 Paulus
1296 3182 1467 3247 libro
1515 3182 1711 3247 tertio
1760 3182 1840 3247 ad
1880 3180 2223 3248 Neratium

205 3272 303 3354 (P.
344 3271 566 3357 1043).
605 3307 682 3319 —
727 3271 1012 3355 Fundus,
1055 3272 1166 3353 qui
1210 3271 1442 3337 locatus
1483 3276 1634 3350 erat,
1681 3269 1912 3356 leyatus
1955 3276 2045 3337 est
2085 3292 2224 3337 eum

202 3364 639 3535 ’ἱῑέιθεένῶιηῖἐέιῖῗ
694 3361 1163 3426 instrumentum
1176 3409 1192 3440 ,
1244 3362 1410 3443 quod
1457 3358 1703 3426 colonus
1756 3362 1827 3426 in
1875 3380 1940 3427 eo
1991 3360 2229 3444 habuit,

381 3560 725 3638 Sequuntur
768 3560 945 3620 haec:
994 3554 1268 3621 ‘Paulust
1317 3580 1393 3621 an
1440 3562 1639 3639 quod.
1671 3609 1684 3622 .
1715 3555 1755 3621 .'
