2575 3900
833 231 884 280 6.
929 221 1347 278 IAVOLENUS
1381 222 1675 279 PRISCUS
2127 226 2257 291 469

990 395 1088 460 De
1131 396 1536 461 servitutibus

431 511 530 576 13.
585 509 660 575 D.
693 509 752 595 8,
779 518 840 595 4,
866 510 927 576 5.
998 511 1174 575 Idem
1213 509 1328 598 (sc.
1364 509 1740 597 Iavolenus)
1778 512 1947 576 libro
1986 513 2265 579 secundo

247 598 711 684 Epistularum.
739 635 826 646 —
853 599 1190 682 Proprium
1223 601 1424 665 solum
1458 602 1762 667 vendendo
1799 621 1885 665 an
1920 603 2268 666 servitutem

249 689 435 752 talem
479 689 796 770 iniunyere
827 690 1084 773 possim,
1129 694 1201 753 ut
1241 689 1399 753 mihi
1443 694 1501 754 et
1542 691 1741 755 vicino
1775 689 2048 756 serviat?
2097 693 2268 755 simi-

249 777 391 842 liter
442 778 499 841 si
542 798 856 841 commune
899 777 1098 843 solum
1141 780 1357 863 vendo,
1410 783 1483 842 ut
1524 779 1679 844 mihi
1722 783 1779 844 et
1819 780 1979 844 socio
2022 781 2269 862 serviat,

251 885 340 930 an
385 866 668 948 consequi
703 865 982 948 possim?

427 953 774 1040 Respondi:
819 956 1164 1020 servitutem
1206 956 1468 1039 recipere
1509 956 1642 1020 nisi
1675 956 1797 1020 sibi
1838 976 2013 1022 nemo
2036 962 2267 1039 potest‚·

247 1044 504 1108 adiectio
549 1045 755 1125 itaque
797 1045 988 1108 vicini
1021 1065 1140 1125 pro
1185 1065 1556 1127 supervacuo
1600 1044 1878 1109 habenda
1922 1051 2024 1131 est,
2067 1047 2159 1110 ita
2197 1051 2272 1110 ut

249 1137 378 1197 tota
404 1133 664 1197 servitus
691 1134 778 1197 ad
807 1153 961 1216 eum,
997 1133 1107 1215 qui
1140 1135 1445 1216 receperit,
1469 1134 1791 1215 pertineat.
1827 1135 2027 1199 solum
2061 1140 2269 1199 autem

246 1241 565 1286 commune
608 1223 910 1286 vendendo
953 1226 1028 1285 ut
1066 1221 1224 1286 mihi
1266 1227 1326 1286 et
1364 1223 1523 1287 socio
1564 1224 1817 1306 serviat,
1866 1223 2099 1306 efficere
2142 1245 2269 1288 non

246 1329 525 1392 possum,
578 1312 727 1392 quia
779 1331 887 1392 per
938 1331 1136 1374 unum
1188 1312 1420 1376 socium
1476 1313 1786 1376 communi
1838 1313 1965 1376 solo
2008 1313 2271 1378 servitus

248 1399 504 1481 adquiri
546 1418 673 1462 non
709 1404 921 1479 potest.

432 1486 532 1552 14.
586 1486 665 1551 D.
695 1487 754 1570 8,
783 1488 841 1570 6,
878 1487 975 1552 15.
1045 1487 1224 1551 Idem
1254 1486 1367 1576 (sc.
1397 1485 1768 1573 Iavolenus)
1799 1487 1966 1553 libro
1995 1494 2270 1555 secundo

249 1574 716 1660 Epistularum.
750 1612 825 1622 -
865 1575 956 1660 Si,
1001 1597 1139 1640 cum
1181 1578 1444 1641 servitus
1482 1576 1639 1640 mihi
1660 1597 1780 1658 per
1802 1578 2019 1659 plures
2042 1578 2272 1658 fundos

248 1665 584 1744 deberetur,
630 1665 898 1729 medium
937 1665 1208 1746 fundum
1253 1667 1588 1746 adquisivi,
1633 1685 1880 1730 manere
1922 1668 2271 1732 servitutem

239 1758 422 1837 puto,
476 1754 625 1835 quia
679 1755 894 1817 totiens
947 1755 1205 1819 servitus
1257 1755 1684 1839 confunditur,
1739 1755 2016 1836 quotiens
2058 1757 2156 1820 uti
2198 1777 2271 1821 ea

247 1843 308 1906 is
368 1842 456 1906 ad
513 1862 690 1922 quem
741 1843 1052 1925 pertineat
1110 1864 1237 1908 non
1277 1847 1508 1925 potest;
1572 1844 1767 1908 medio
1820 1849 2024 1909 autem
2072 1844 2269 1925 fundo

249 1931 560 2012 adquisito
611 1936 802 2013 potest
853 1933 1196 2012 consistere,
1259 1937 1334 1998 ut
1372 1955 1492 2016 per
1537 1934 1819 2016 primum
1872 1938 1931 2000 et
1978 1932 2269 1999 ultimum

253 2022 370 2085 iter
413 2021 715 2086 debeatur.

434 2109 531 2176 15.
593 2108 668 2173 D.
699 2110 758 2193 8,
795 2109 856 2193 5,
895 2110 997 2174 12.
1086 2111 1423 2176 Iavolenus
1470 2112 1634 2176 libro
1685 2112 1964 2176 secundo
2010 2111 2270 2195 Epistu-

252 2197 482 2261 larum.
526 2234 601 2244 —
643 2199 772 2281 Eyi
815 2200 916 2263 ius
959 2200 1060 2264 illi
1101 2221 1227 2264 non
1270 2220 1394 2265 esse
1431 2202 1602 2283 tiyna
1636 2202 1704 2264 in
1730 2201 2033 2283 parietem
2067 2220 2271 2265 meum

249 2288 532 2351 immissa
567 2286 796 2353 habere.
879 2308 965 2351 an
999 2293 1058 2353 et
1090 2291 1162 2355 de
1191 2288 1432 2368 futuris
1466 2310 1590 2353 non
1625 2290 2023 2354 immittendis
2057 2309 2270 2354 caven-

253 2377 405 2439 dum
448 2375 577 2439 est?

427 2463 771 2544 Respondi:
819 2464 1044 2528 iudicis
1078 2466 1280 2547 officio
1317 2466 1615 2531 contineri
1639 2471 1814 2550 puto,
1847 2472 1919 2530 ut
1952 2468 2023 2531 de
2052 2467 2269 2547 futuro

253 2571 485 2633 quoque
530 2571 704 2633 opere
747 2553 949 2616 caveri
991 2553 1213 2619 debeat.

1081 2770 1299 2829 Liber
1343 2770 1451 2831 III.

1073 2880 1172 2946 De
1216 2882 1443 2964 leyatis.

433 2996 534 3061 16.
588 2994 666 3061 D.
697 2997 755 3079 7,
789 2999 842 3078 1,
872 2995 977 3061 54.
1056 2996 1236 3060 Idem
1285 2994 1401 3081 (sc,
1445 2994 1816 3082 Iavolenus)
1862 2998 2031 3063 libro
2070 3000 2269 3063 tertio

250 3084 710 3168 Epistularum.
767 3121 841 3131 -
902 3084 1031 3150 Sub
1093 3086 1440 3151 condicione
1496 3106 1647 3151 usus
1694 3087 1937 3165 fructus
1986 3087 2174 3168 fundi
2227 3110 2269 3152 a

250 3178 306 3238 te
349 3173 560 3239 herede
609 3173 772 3238 Titio
819 3176 1050 3257 leyatus
1093 3178 1196 3240 est.
1260 3181 1329 3239 tu
1360 3175 1630 3256 fundum
1665 3176 1821 3240 mihi
1855 3177 2179 3241 vendidisti
2212 3181 2271 3240 et

251 3259 662 3344 mancipasti¹
705 3265 969 3328 detracto
1013 3284 1131 3328 usu
1169 3264 1395 3345 fructu.
1449 3285 1702 3347 quaem,
1746 3266 1805 3330 si
1847 3286 1970 3330 non
2006 3266 2272 3330 extiterit

241 3352 520 3523 1035}ssae
526 3401 551 3503 Ξ
599 3356 715 3416 aut
763 3352 1032 3417 extiterit
1072 3358 1131 3416 et
1175 3354 1411 3418 interiit
1453 3375 1605 3419 usus
1644 3354 1909 3438 fructus‘,
1963 3356 2050 3419 ad
2091 3374 2269 3436 quem

395 3601 424 3648 1
469 3596 620 3652 Trib.
657 3595 958 3651 tradidisti.
