2575 3900
300 164 432 229 538
1034 162 1594 220 ADDITAMENTA.

1039 323 1129 378 De
1165 325 1331 396 leqati
1341 387 1351 396 ,
1365 327 1592 380 actione.

482 432 586 498 32.
642 432 720 497 D.
757 433 869 516 30,
908 435 1008 499 87.
1099 431 1494 517 Papinianus
1558 435 1722 499 libro
1790 438 2019 500 octavo
2075 435 2340 500 decimo

300 522 791 599 Quaestionum.
838 558 923 568 —
970 523 1136 588 Filio
1190 527 1377 606 pater
1432 544 1622 607 quem
1675 523 1744 588 in
1800 527 2124 606 potestate
2178 527 2339 589 reti-

299 612 463 694 nuit,
511 611 737 675 heredi
782 632 900 695 pro
941 617 1129 695 parte
1166 611 1466 676 instituto
1514 612 1802 698 legatum
1842 633 2096 696 quoque
2132 614 2336 676 relin-

299 700 461 784 quit.
556 750 569 764 .
611 748 627 764 .
672 702 994 765 sententia
1048 706 1149 764 est
1203 700 1712 765 existimantium
1769 701 2214 786 denegandam
2270 703 2335 766 ei

300 789 500 874 legati
547 790 957 873 petitionem,
1005 790 1060 853 si
1106 789 1312 873 patris
1360 789 1748 854 abstinuerit
1792 789 2168 855 hereditate.

480 875 613 943 33?
642 876 719 940 D.
749 878 853 960 37,
882 878 942 960 5,
965 879 1065 944 18.
1120 877 1466 943 Africanus
1503 877 1671 942 libro
1712 881 1944 962 quarto
1985 877 2328 954 Quaestio-

299 988 472 1031 num.
513 1002 597 1012 —
638 964 859 1050 Nepos
908 966 1016 1050 qui
1062 968 1129 1031 111
1176 970 1506 1050 potestate
1552 967 1793 1031 mansit
1841 973 1908 1030 et
1949 966 2123 1031 filius
2171 990 2332 1032 suus

298 1055 567 1120 heredes
638 1055 923 1119 instituti
980 1059 1160 1137 sunt3
1223 1056 1446 1138 nepoti
1502 1055 1788 1137 legatum
1843 1055 2038 1120 dedit.
2137 1064 2333 1140 pater

300 1144 435 1208 eius
494 1143 935 1228 emancipatus
982 1144 1150 1227 petit
1193 1143 1512 1208 bonorum
1558 1145 2064 1228 possessionem3
2119 1166 2331 1228 nepos

300 1232 517 1316 legato
578 1236 917 1298 contentus
974 1237 1086 1297 est.
1190 1232 1451 1317 quidam
1505 1233 1572 1296 in
1619 1254 1765 1298 eum
1812 1233 2050 1315 solum,
2098 1233 2208 1318 qui
2255 1234 2330 1298 in

298 1325 628 1405 potestate
667 1324 854 1398 esset,
891 1321 1093 1405 legati
1131 1322 1451 1386 actionem
1489 1323 1712 1405 nepoti
1752 1321 2030 1386 dandam
2058 1344 2328 1405 respon-

300 1408 549 1492 derunt,
598 1410 749 1493 quia
795 1409 853 1472 ei
899 1408 1062 1473 nihil
1112 1409 1442 1474 auferatur
1489 1414 1553 1473 et
1595 1411 2032 1493 emancipatus
2069 1415 2328 1496 partem

298 1497 415 1562 filii
456 1499 555 1563 sui
595 1502 879 1581 occupet,
907 1499 974 1562 in
1005 1520 1132 1582 qua
1161 1520 1324 1562 onus
1353 1499 1716 1582 legatorum
1757 1520 1892 1564 non
1925 1499 2328 1564 consisteret.

476 1593 910 1670 Fragmentum
957 1591 1022 1650 in
1065 1593 1515 1669 Responsorum
1561 1593 1755 1668 capite
1804 1592 2094 1652 omissum
2141 1598 2250 1652 est.

478 1675 609 1740 34?
666 1674 743 1738 D.
772 1676 885 1759 34,
914 1676 984 1758 9,
1011 1675 1080 1757 5,
1112 1678 1213 1741 11.
1299 1675 1537 1740 Paulus
1585 1676 1754 1741 libro
1800 1676 2011 1759 primo
2061 1676 2138 1740 de
2183 1677 2327 1740 iure

298 1764 458 1828 fisci.
496 1801 582 1810 -
634 1761 797 1828 Sunt
854 1764 964 1847 qui
1017 1769 1423 1848 putant..
1480 1768 1546 1829 et
1600 1765 1659 1829 ei
1716 1765 2158 1850 denegandam
2206 1766 2326 1850 (sc.

302 1853 625 1916 actionem
662 1849 910 1939 legati),
958 1853 1068 1936 qui
1116 1853 1476 1918 accusatori
1515 1850 1583 1938 (i.
1625 1875 1675 1919 e.
1715 1855 1824 1938 qui
1860 1857 2329 1919 testamentum

302 1940 539 2006 falsum
588 1942 941 2019 accusavit)
988 1940 1193 2007 adfuit
1237 1941 1336 2008 vel
1380 1941 1670 2025 spon-eorl
1712 1965 1829 2027 pro
1869 1965 1944 2008 eo
1986 1943 2329 2009 exstiterit.

956 2122 1058 2184 Aa
1102 2126 1275 2199 leqem
1319 2124 1667 2185 Falcidiam.

481 2242 587 2308 35.
642 2243 717 2308 D.
757 2243 869 2326 35,
907 2244 979 2328 2,
1015 2244 1100 2307 56
1117 2266 1209 2327 pr.
1296 2243 1473 2308 Idem
1543 2241 1658 2331 (sc.
1718 2241 2092 2332 Marcellus)
2158 2246 2327 2310 libro

301 2333 606 2396 vicesimo
656 2332 929 2397 secundo
960 2293 1408 2418 Digestorum.
1447 2370 1530 2380 —
1576 2331 1742 2397 Cum
1788 2355 1913 2416 quo
1954 2333 2032 2397 de
2070 2334 2326 2435 peculio

301 2421 408 2504 agi
466 2424 748 2505 poterat,
813 2422 999 2485 heres
1064 2421 1366 2486 creditori
1431 2422 1692 2488 exstitit.
1796 2424 2078 2506 quaeris,
2143 2422 2325 2487 cuius

300 2510 612 2593 temporis
650 2510 972 2593 peculium
1010 2511 1370 2592 computari
1411 2512 1707 2593 oporteat
1743 2516 1810 2573 in
1845 2510 2127 2575 Falcidia
2165 2511 2326 2594 lege.

300 2598 593 2683 plerique
657 2601 914 2681 putant,
983 2598 1152 2681 quod
1217 2604 1371 2663 tunc
1435 2599 1504 2661 in
1568 2598 1820 2682 peculio
1886 2599 2110 2684 fuerit,
2179 2621 2325 2664 cum

302 2688 589 2752 adiretur
632 2687 985 2768 hereditaS,
1030 2686 1516 2770 inspiciendum.

482 2777 585 2840 36.
630 2775 710 2840 D.
738 2776 845 2858 40,
873 2774 933 2858 5,
964 2775 1021 2840 6.
1094 2775 1270 2839 Idem
1319 2773 1434 2861 (sc.
1481 2772 1747 2862 Paulus)
1794 2777 1962 2841 libro
2011 2796 2323 2859 sexagen-

301 2866 467 2929 simo
515 2866 596 2928 ad
636 2864 931 2929 edictum.
968 2900 1051 2909 —
1092 2864 1332 2928 Decem
1372 2864 1586 2947 legata
1625 2870 1777 2929 sunt
1813 2868 1879 2929 et
1916 2868 2182 2949 rogatus
2221 2868 2323 2928 est

301 2954 651 3039 legatarius
710 2951 1002 3017 Stichum
1067 2974 1275 3016 emere
1337 2957 1403 3016 et
1460 2954 1937 3018 manumittere.
2039 2951 2321 3017 Falcidia

300 3044 647 3107 intervenit
715 3047 781 3106 et
856 3041 1121 3106 minoris
1189 3042 1317 3105 emi
1382 3064 1600 3106 servus
1656 3063 1787 3105 non
1839 3045 2076 3125 potest.
2187 3043 2319 3124 qui-

302 3132 451 3195 dam
524 3134 759 3215 putant
829 3130 1207 3194 dodrantem
1276 3129 1562 3213 accipere
1638 3131 1867 3195 debere
1931 3130 2321 3215 legatarium

303 3242 419 3285 nec
458 3242 667 3284 emere
716 3218 1242 3302 compellendum.
1325 3218 1491 3282 idem
1534 3222 1768 3302 putant
1805 3219 2004 3283 etiam
2041 3219 2096 3283 si
2135 3240 2320 3282 suum

303 3330 560 3374 servum
636 3310 903 3389 rogatus
980 3308 1063 3371 sit
1135 3308 1590 3372 manumittere
1665 3311 1730 3371 et
1799 3307 2180 3372 dodrantem
2244 3328 2318 3371 ex

302 3398 525 3482 legato
574 3396 907 3480 acceperit,
951 3417 1083 3459 non
1130 3418 1269 3460 esse
1319 3395 1829 3479 compellendum
1868 3396 2317 3460 manumittere

449 3542 476 3587 1
521 3535 671 3589 Trib.
708 3534 1013 3588 fideiussor.
