2575 3900
989 158 1036 207 5.
1083 150 1319 209 TITIUS
1354 152 1617 209 ARISTO
2177 157 2304 223 387

907 385 1007 453 De
1051 389 1122 452 in
1166 408 1297 453 rem
1340 388 1695 453 actionibus.

467 513 574 577 42.
645 511 724 577 D.
763 512 868 594 26,
908 513 964 597 7,
1001 514 1104 577 61.
1214 511 1397 576 Idem
1468 508 1586 599 (se.
1646 511 2071 601 Pomponius)
2139 515 2303 581 libro
2419 585 2437 597 y,

288 602 644 666 vicensimo
700 599 1144 686 Epistularum
1199 598 1300 687 (P.
1339 601 1516 683 210).
1564 639 1648 649 -
1695 602 1888 687 Apud
1933 603 2304 669 Aristonem

287 690 383 754 ita
430 689 742 773 seriptum
790 693 912 754 est:
959 689 1123 771 quod
1162 691 1346 773 σπῖρα
1392 692 1611 756 tutoris
1641 692 1927 776 pupillus
1970 713 2044 757 ex
2078 692 2307 759 heredi*

285 783 412 844 tate
463 779 646 844 desiit
690 779 1019 860 possidere,
1073 780 1206 844 eius
1249 781 1593 845 aestimatio
1637 782 1708 845 in
1739 781 2035 863 petitione
2076 781 2302 847 heredi-

283 868 434 933 tatis
478 870 611 933 sine
653 868 788 932 ulla
831 867 1207 933 dubitatione
1247 869 1389 950 fieri
1431 868 1660 933 debebit
1701 871 1813 950 ita,
1854 871 1913 935 si
1944 870 2189 953 pupillo
2232 866 2303 936 de

279 956 606 1022 hereditate
639 962 888 1021 cautum
923 957 1018 1021 sit.
1087 959 1348 1021 cautum
1387 962 1601 1023 autem
1640 979 1778 1023 esse
1814 959 2067 1024 videtur
2104 959 2300 1025 etiam

284 1046 342 1110 si
397 1049 575 1111 tutor
630 1046 754 1109 erit
811 1045 1104 1126 idoneus,
1159 1068 1198 1110 a.
1254 1050 1379 1130 quo
1438 1047 1682 1111 servari
1726 1047 1935 1131 possit
1979 1048 2071 1131 id,
2131 1049 2300 1134 quod

278 1135 570 1218 pupillus
619 1156 697 1199 ex
742 1135 876 1199 litis
923 1134 1376 1200 aestimatione
1424 1136 1713 1201 subierit.

461 1245 810 1322 Sequuntur
837 1247 1011 1305 haee:
1050 1240 1177 1307 ‘sed
1217 1245 1269 1305 si
1304 1248 1472 1306 tutor
1499 1247 1779 1308 solvendo
1815 1266 1935 1307 non
1962 1251 2071 1327 est,
2097 1248 2300 1309 viden·

279 1335 423 1395 dum
470 1336 608 1411 erit,
653 1338 854 1394 utrum
891 1381 903 1395 .
933 1380 948 1395 .
979 1328 1017 1394 .'

456 1437 561 1501 43.
617 1436 693 1501 D.
730 1436 839 1519 45,
880 1438 935 1515 1,
974 1437 1077 1518 83,
1122 1436 1176 1501 1.
1269 1436 1509 1503 Paulus
1563 1437 1731 1503 libro
1778 1439 2297 1523 septuagensimo

280 1525 559 1591 seeundo
599 1526 676 1590 ad
717 1526 997 1591 edietum
1036 1522 1138 1610 (P.
1170 1523 1347 1612 798).
1386 1562 1471 1572 —
1511 1524 1580 1590 Si
1619 1524 1914 1592 Stichum
1951 1527 2297 1611 stipulatus

280 1614 357 1679 de
405 1614 536 1679 alio
585 1614 880 1699 sentiam,
926 1617 999 1679 tu
1041 1614 1119 1678 de
1157 1614 1306 1698 alic,
1351 1614 1513 1680 nihil
1552 1620 1762 1680 actum
1799 1616 1939 1682 erit.
2023 1616 2192 1701 quod
2230 1620 2295 1682 et

276 1704 346 1767 in
392 1702 644 1767 iudiciis
693 1702 918 1767 Aristo
967 1702 1377 1767 existimavit.

456 1815 685 1875 Paulus
743 1814 937 1875 addit:
996 1808 1124 1875 ‘sed
1169 1815 1266 1874 hie
1311 1815 1505 1892 magis
1550 1819 1667 1894 est,
1724 1818 1794 1874 ut
1837 1817 1889 1875 is
1932 1816 2161 1894 petitus
2206 1817 2295 1877 vi-

275 1903 515 1982 deatur,
565 1904 637 1964 de
685 1923 802 1980 quo
850 1907 1016 1964 aetor
1061 1897 1291 1964 sensit'.

732 2095 830 2160 De
875 2096 1254 2178 adquirendo
1298 2115 1506 2161 rerum
1551 2096 1845 2161 dominic.

450 2219 553 2283 44.
612 2219 689 2284 D.
718 2221 823 2298 41,
859 2222 912 2302 l,
946 2219 1043 2284 19.
1137 2219 1530 2303 Pomponius
1585 2220 1751 2286 libro
1807 2221 2000 2286 tertio
2050 2221 2129 2286 ad
2178 2219 2291 2286 Sa-

272 2308 500 2373 binum
549 2307 649 2393 (P.
685 2304 866 2395 414).
915 2344 1000 2355 —
1048 2307 1240 2373 Liber
1296 2310 1521 2389 hom0‚
1576 2309 1687 2393 qui
1740 2309 1911 2374 bona.
1963 2309 2085 2374 fide
2131 2310 2291 2375 mihi

274 2396 494 2480 servit,
543 2396 664 2478 [id]
715 2396 884 2481 quod
924 2419 1002 2461 ex
1039 2398 1250 2480 operis
1292 2398 1422 2461 suis
1462 2401 1575 2461 aut
1612 2419 1689 2461 ex
1727 2419 1795 2462 re
1832 2419 1976 2462 mea
2011 2403 2291 2482 pararet,

274 2485 355 2549 ad
401 2507 504 2549 me
548 2486 872 2569 pertinere
920 2486 1056 2551 sine
1096 2485 1288 2550 dubio
1328 2485 1547 2551 Aristo
1586 2486 1699 2568 ait3
1747 2486 1915 2570 quod
1953 2508 2105 2552 vero
2146 2487 2288 2572 quis

273 2573 333 2638 ei
371 2574 704 2638 donaverit
743 2579 857 2640 aut
896 2597 972 2638 ex
1007 2575 1269 2659 negotio
1310 2577 1495 2658 gesto
1534 2575 1929 2658 adquisierit,
1968 2575 2049 2639 ad
2076 2576 2289 2658 ipsum

271 2662 613 2746 pertinere.
689 2663 799 2727 sed
834 2662 1256 2730 hereditatem
1296 2663 1657 2742 legatumve
1694 2683 1823 2728 non
1852 2663 2100 2746 adquiri
2130 2663 2288 2728 mihi

271 2773 390 2836 per
438 2772 600 2836 eum,
648 2752 796 2836 quia
833 2773 1041 2837 neque
1079 2773 1157 2816 ex
1194 2773 1263 2815 re
1300 2771 1445 2816 mea
1485 2753 1719 2837 [neque
1757 2773 1833 2816 ex
1872 2752 2085 2836 operis
2125 2751 2284 2833 suis]

269 2841 338 2906 id
395 2840 480 2905 sit
525 2862 642 2906 nee
689 2841 821 2905 ulla
869 2842 1004 2906 eius
1053 2862 1249 2925 opera
1298 2844 1468 2906 esset
1513 2841 1580 2905 in
1627 2841 1870 2925 legato,
1922 2840 1991 2904 in
2036 2840 2286 2905 heredi-

269 2933 408 2994 tate
457 2928 886 3016 aliquatenuS,
933 2930 1084 3014 quia
1129 2951 1246 3014 per
1287 2930 1500 3014 ipsum
1548 2929 1857 3014 adiretur,
1902 2951 2027 3013 quo
2074 2928 2180 2994 de¹
2221 2934 2289 2995 et

265 3017 542 3084 Varium
588 3017 923 3084 Lucullum
971 3019 1312 3103 aliquando
1352 3019 1698 3104 dubitasse,
1746 3019 1856 3084 sed
1893 3019 2106 3084 verius
2146 3040 2285 3083 esse

267 3129 404 3172 non
442 3107 714 3192 adquiri,
753 3109 1011 3173 etiamsi
1047 3110 1326 3173 testator
1363 3108 1443 3173 ad
1471 3130 1573 3173 me
1601 3107 1917 3174 voluisset
1941 3107 2284 3193 pertinere.

269 3196 384 3261 sed
439 3196 594 3261 lieet
647 3197 707 3260 ei
759 3196 909 3281 <eui
955 3198 1234 3281 serviet>
1292 3197 1556 3262 minime
1613 3197 1921 3282 adquirit,
1981 3200 2286 3280 attamen,

269 3285 329 3350 si
384 3286 686 3350 voluntas
744 3286 1004 3351 evidens
1051 3287 1384 3352 testatoris
1432 3291 1767 3370 appareat,
1825 3285 2284 3352 restituendam

267 3395 412 3438 esse
459 3374 518 3438 ei
563 3374 1006 3440 hereditatem.

414 3535 442 3582 1
486 3529 580 3584 ΡΖ.
619 3531 784 3598 quod.

1754 3617 1860 3670 25·
