2575 3900
303 187 432 252 302
506 188 571 242 V.
608 186 910 242 NERVAE
948 186 1041 242 ET
1080 187 1387 242 TRAIANI
1419 186 1631 242 ΤΕΜΡ.
1668 185 1860 241 IURIS
1897 185 2254 243 CONSULTI

300 355 616 433 mentum,
679 351 1016 434 interesse,
1079 352 1249 434 quod
1315 371 1519 436 genus
1582 349 2050 436 negotiationis
2103 350 2171 412 in
2237 372 2318 414 ea

302 439 579 504 exerceri
626 441 891 505 solitum
938 440 1041 504 sit.

477 529 580 592 21.
643 526 723 592 D.
762 530 865 612 32,
902 529 1005 593 24.
1094 527 1401 593 Neratius
1466 528 1632 593 libro
1691 526 1967 594 secundo
2021 526 2314 611 Respon-

301 638 536 682 sorum.
592 653 677 664 —
733 615 1049 683 Creditori
1103 618 1199 682 ita
1253 620 1473 701 potest
1525 617 1755 700 legari,
1811 637 1894 681 ne
1950 615 2311 680 indebitum

301 708 383 772 ab
431 728 506 771 eo
552 709 962 789 repeteretur.

890 864 989 929 De
1032 866 1328 948 emptione
1370 866 1724 931 venditione.

474 971 577 1038 22.
634 970 712 1035 D.
755 971 855 1052 19,
898 971 953 1054 1,
999 973 1094 1052 11,
1137 971 1236 1036 12.
1326 969 1644 1054 Ulpianus
1698 968 1868 1035 libro
1923 969 2310 1055 trigensimo

299 1060 575 1127 secundo
634 1060 713 1124 ad
760 1059 1035 1124 edictum
1086 1059 1183 1143 (P.
1221 1056 1400 1146 931).
1443 1096 1534 1107 —-
1576 1059 1757 1123 Idem
1807 1055 1922 1146 (sc.
1964 1056 2311 1143 Neratius)

300 1150 466 1214 libro
502 1149 777 1213 secundo
807 1146 1288 1231 Responsorum
1320 1149 1412 1212 ait
1439 1153 1797 1230 emptorem
1824 1147 2041 1211 noxali
2069 1146 2313 1212 iudicio

299 1237 793 1303 condemnatum
848 1257 924 1300 ex
980 1240 1195 1320 empto
1253 1236 1504 1302 actione
1559 1236 1623 1300 id
1677 1240 1934 1301 tantum
1980 1236 2312 1318 consequi,

300 1326 526 1410 quanti
572 1326 839 1390 minimo
888 1325 1154 1410 defungi
1197 1326 1428 1409 potuit,
1474 1325 1767 1408 idemque
1804 1327 1994 1407 putat
2031 1328 2096 1388 et
2131 1325 2188 1387 si
2230 1344 2312 1388 ex

300 1414 613 1498 stipulatu
653 1418 827 1496 aget3
868 1417 932 1478 et
970 1415 1103 1479 sive
1141 1412 1439 1479 defendat
1476 1413 1694 1478 noxali
1728 1412 1963 1481 iudicio
1994 1413 2126 1477 sive
2153 1433 2309 1495 non,

301 1505 452 1587 quia
515 1501 928 1568 manifestum
994 1501 1120 1566 fuit
1182 1503 1447 1567 noxium
1502 1524 1754 1566 servum
1808 1501 2035 1584 fuisse,
2097 1500 2307 1565 nihilo

301 1593 513 1656 minus
560 1590 664 1656 vel
710 1614 786 1656 ex
835 1591 1150 1674 stipulatu
1198 1591 1299 1655 vel
1346 1613 1422 1654 ex
1468 1595 1684 1673 empto
1734 1611 1923 1674 agere
1968 1610 2179 1673 posse.

932 1749 1032 1814 De
1072 1770 1153 1814 se.
1199 1749 1671 1815 Macedoniam.

474 1857 578 1922 23.
624 1855 703 1920 Ι).
736 1857 839 1938 14,
867 1857 926 1939 6,
956 1857 1103 1938 7pr.
1176 1854 1492 1938 Ulpianus
1536 1855 1706 1920 libro
1743 1854 2094 1920 vicensimo
2130 1875 2309 1919 nono

300 1946 381 2011 ad
438 1947 711 2011 edictum
769 1943 866 2029 (P.
904 1943 1109 2028 8761’).
1173 1981 1247 1990 —
1310 1996 1323 2009 .
1354 1995 1368 2009 .
1401 1945 1455 2009 si
1500 1944 1673 2009 filius
1719 1943 2000 2008 familias
2043 1942 2306 2008 fideius-

300 2034 483 2117 serit,
537 2032 842 2099 Neratius
895 2033 1061 2097 libro
1108 2034 1319 2115 primo
1377 2038 1442 2097 et
1495 2033 1772 2098 secundo
1822 2032 2307 2115 Responsorum

298 2144 547 2188 cessare
595 2124 854 2186 senatus
900 2123 1265 2187 consultum
1313 2122 1422 2186 ait.

1108 2280 1207 2346 De
1238 2282 1499 2364 peculia

474 2387 577 2451 24.
622 2385 701 2450 Ι).
732 2386 833 2465 15,
865 2389 921 2469 1,
949 2387 1009 2470 9,
1041 2389 1094 2451 1.
1166 2385 1489 2471 Ulpianus
1532 2385 1700 2450 libro
1739 2386 2085 2451 vicensimo
2124 2405 2303 2450 nono

298 2476 379 2539 ad
434 2475 713 2541 edictum
769 2474 868 2561 (P.
908 2475 1112 2559 8520).
1157 2512 1245 2522 —-
1293 2526 1308 2541 .
1337 2528 1350 2540 .
1379 2525 1394 2540 .
1437 2476 1492 2539 si
1548 2475 1698 2559 quid
1751 2474 2046 2539 dominus
2094 2473 2176 2537 ab
2229 2495 2306 2538 eo

298 2564 406 2648 qui
459 2586 596 2629 rem
647 2564 1037 2648 peculiarem
1094 2565 1417 2648 subripuit
1470 2563 1573 2627 vel
1629 2567 2007 2628 consecutus
2055 2565 2154 2625 est
2199 2562 2307 2626 vel

298 2654 598 2737 consequi
662 2657 901 2736 potest,
964 2654 1034 2717 in
1097 2654 1420 2736 peculium
1482 2673 1623 2715 esse
1677 2652 1792 2733 [ei]
1848 2649 2302 2734 imputandum

296 2739 601 2807 Neratius
647 2742 811 2807 libro
859 2742 1136 2807 secundo
1184 2742 1667 2825 Responsorum
1715 2740 1954 2804 scribit.

1016 2901 1124 2966 Ad
1166 2900 1581 2965 exhibendum.

473 3005 603 3069 25⁸.
677 3004 755 3069 D.
805 3006 905 3089 10,
950 3006 1011 3088 4,
1058 3005 1117 3089 5,
1161 3007 1223 3071 4.
1333 3004 1650 3088 Ulpianus
1716 3004 1884 3069 libro
1949 3004 2304 3068 vicensimo

298 3096 524 3175 quarto
582 3092 661 3156 ad
717 3094 992 3158 edictum
1049 3093 1143 3179 (P.
1186 3092 1359 3179 720).
1406 3130 1489 3141 —
1537 3144 1550 3157 .
1580 3143 1595 3159 .
1635 3094 1690 3157 si
1745 3093 1902 3156 ratis
1951 3092 2164 3156 delata
2212 3092 2302 3156 sit

294 3181 359 3244 vi
398 3179 678 3245 fluminis
723 3182 790 3245 in
839 3202 1065 3266 agrum
1111 3181 1391 3266 alteriue,
1435 3203 1625 3266 posse
1669 3203 1814 3245 eum
1852 3181 2175 3246 conveniri
2219 3180 2302 3244 ad

297 3266 725 3333 exhibendum
769 3267 1073 3336 Neratius
1131 3272 1370 3335 scribit.
1461 3270 1625 3335 unde
1671 3271 1925 3353 quaerit
1971 3267 2305 3351 Neratius,

296 3358 510 3419 utrum
557 3356 634 3421 de
680 3358 895 3423 futuro
944 3359 1279 3424 dumtaxat
1327 3360 1557 3423 damno
1605 3381 1686 3423 an
1734 3364 1798 3423 et
1834 3359 1910 3421 de
1946 3356 2303 3443 praeterito

297 3443 555 3508 domino
604 3448 743 3531 agri
790 3448 1139 3513 cavendum
1189 3449 1295 3530 sit,
1342 3452 1406 3511 et
1451 3448 1546 3511 ait
1592 3447 1786 3512 etiam
1834 3447 1910 3512 de
1946 3446 2302 3530 praeterito

297 3532 505 3596 caveri
552 3540 863 3616 oportere.
