2575 3900
343 197 474 263 340
546 199 611 254 V.
648 197 948 253 NERVAE
985 198 1079 252 ΕΤ
1117 197 1424 252 TRAIANI
1459 197 1673 255 ΤΕΜΡ.
1707 196 1901 252 IURIS
1941 197 2299 254 CONSULTI

355 361 765 427 adcrescendi
810 382 943 425 non
990 362 1158 445 perit
1201 383 1322 426 nec
1367 361 1444 442 ei,
1491 361 1660 446 apud
1698 383 1886 445 quem
1923 360 2363 426 consolidatus

350 455 471 534 est,
517 471 725 534 neque
770 450 851 514 ab
899 470 995 533 eo,
1032 453 1101 514 et
1134 450 1295 536 ipse,
1333 450 1563 534 quibus
1599 449 1808 515 modis
1846 451 2176 515 amitteret
2212 456 2363 515 ante

346 539 941 623 consolidationem,
984 538 1215 604 iisdem
1262 543 1328 603 et
1371 559 1540 604 nunc
1583 539 1727 623 ipso
1766 538 2023 624 quidem
2057 539 2194 604 iure
2231 561 2364 604 non

346 628 635 713 amittet,
696 629 809 692 sed
874 631 1135 710 praetor
1198 633 1457 693 secutus
1521 628 1880 711 exemplum
1937 629 2096 693 iuris
2152 627 2363 692 civilis

347 719 575 782 utilem
622 719 943 783 actionem
988 715 1173 781 dabit
1214 717 1590 782 fructuario.
1663 727 1730 781 et
1771 716 1869 781 ita
1903 715 2058 800 (et)
2091 715 2363 782 Neratio

348 810 415 872 et
458 807 753 872 Aristoni
798 805 1072 871 videtur.

527 911 617 980 8¹³.
676 911 750 976 D.
793 914 849 994 7,
888 913 946 994 2,
975 913 1035 992 3,
1064 912 1122 975 2.
1211 910 1532 995 Ulpianus
1577 911 1746 977 libro
1795 913 2070 996 septimo
2113 910 2363 977 decimo

350 1003 432 1067 ad
492 1001 803 1066 Sabinum
868 999 966 1086 (P.
1004 997 1232 1088 2566).
1293 1037 1368 1047 —
1427 999 1576 1066 Non
1642 1001 1854 1065 solum
1893 1052 1907 1065 .
1935 1051 1949 1065 .
1990 1001 2047 1065 si
2110 1000 2359 1066 duobus

350 1113 503 1156 usus
549 1091 797 1155 fructus
844 1090 1116 1173 legetur,
1162 1092 1262 1154 est
1307 1090 1409 1153 ius
1457 1088 1883 1171 adcrescendi,
1930 1110 2155 1154 verum
2200 1094 2265 1153 et
2308 1091 2363 1153 si

350 1181 541 1244 alteri
605 1201 759 1243 usus
823 1176 1098 1260 fructus,
1165 1179 1354 1242 alteri
1417 1177 1650 1242 fundus
1715 1179 1968 1262 legatus
2023 1182 2149 1260 est3
2213 1200 2364 1242 nam

350 1270 691 1333 amittente
729 1289 916 1331 usum
953 1266 1231 1332 fructum
1272 1267 1498 1350 altem,
1533 1267 1639 1332 cui
1676 1271 1818 1332 erat
1843 1267 2118 1352 legatus,
2154 1268 2366 1350 magis

348 1361 489 1422 iure
544 1356 955 1421 adcrescendi
1012 1355 1094 1419 ad
1150 1356 1424 1422 alterum
1485 1355 1768 1441 pertinet
1823 1377 2015 1440 quam
2070 1355 2238 1420 redit
2283 1355 2365 1420 ad

350 1447 833 1530 proprietatem.
932 1465 1049 1508 nec
1114 1465 1381 1525 novum3
1446 1466 1598 1508 nam
1660 1449 1727 1510 et
1791 1447 1846 1510 si
1901 1443 2150 1509 duobus
2205 1465 2361 1510 usus

348 1534 595 1598 fructus
652 1534 900 1618 legetur
956 1540 1020 1598 et
1074 1533 1244 1617 apud
1291 1534 1566 1598 alterum
1613 1534 1701 1598 sit
1745 1533 2214 1615 consolidatus,
2265 1533 2368 1598 ius

352 1623 763 1687 adcrescendi
819 1644 951 1688 non
1006 1623 1175 1705 perit
1227 1644 1436 1706 neque
1493 1621 1580 1704 ei,
1635 1623 1807 1706 apud
1858 1643 2047 1706 quem
2093 1622 2365 1688 consoli-

353 1713 542 1775 datus
582 1719 698 1793 est,
734 1732 940 1794 neque
978 1711 1059 1774 ab
1098 1733 1193 1794 eo,
1235 1717 1302 1775 et
1338 1712 1496 1796 ipse,
1533 1712 1765 1795 quibus
1802 1711 2010 1776 modis
2039 1711 2372 1776 amitteret

355 1804 504 1864 ante
560 1799 1163 1881 consolidationem,
1216 1799 1421 1864 isdem
1469 1804 1534 1864 et
1577 1821 1746 1864 nunc
1793 1801 2072 1866 amittet.
2161 1805 2228 1864 et
2274 1800 2370 1862 ita

355 1895 419 1953 et
463 1885 731 1953 Neratio
780 1891 844 1952 et
889 1888 1182 1953 Aristoni
1229 1889 1500 1954 videtur.

532 1995 591 2059 9.
627 1994 775 2059 Vat.
794 1994 883 2059 85
910 1992 1090 2078 (Ulp.
1118 1994 1199 2058 ad
1226 1992 1428 2081 Sab..)
1447 2032 1531 2043 -
1559 1994 1671 2061 Si.
1692 2018 1852 2080 ‚per
1889 1996 2370 2061 damnationem

354 2105 508 2149 usus
556 2086 801 2148 fructus
847 2084 1127 2170 legetur,
1169 2083 1269 2148 ius
1328 2044 1735 2150 adcrescendi
1781 2090 2046 2150 cessat.
2119 2135 2162 2169 .,
2215 2106 2369 2169 quo-

354 2173 533 2237 niam
593 2172 921 2237 damnatio
976 2178 1193 2255 partes
1256 2172 1432 2237 facit.
1532 2174 1802 2258 proinde
1859 2174 1913 2238 si
1972 2174 2069 2239 rei
2124 2174 2372 2237 alienae

352 2284 509 2327 usus
546 2262 793 2326 fructus
830 2262 1084 2346 legetur
1119 2266 1188 2326 et
1222 2282 1301 2325 ex
1342 2260 1714 2327 Neroniano
1753 2262 2166 2328 confirmetur
2201 2263 2372 2347 lega-

352 2358 512 2433 tum,
559 2352 694 2415 sine
741 2350 935 2416 dubio
985 2350 1325 2416 dicendum
1374 2357 1473 2415 est
1516 2350 1616 2415 ius
1655 2350 2061 2416 adcrescendi
2097 2371 2371 2432 cessare,

354 2441 412 2504 si
466 2440 657 2505 modo
711 2443 863 2525 post
916 2440 1338 2505 constitutum
1382 2461 1571 2504 usum
1618 2440 1896 2505 fructum
1943 2441 2136 2505 fuerit
2179 2439 2371 2503 amis-

354 2552 463 2593 sus
512 2580 526 2593 .
554 2579 567 2593 .
599 2578 614 2593 .
691 2551 775 2593 an
818 2532 1039 2594 tamen
1084 2530 1152 2592 in
1195 2526 1596 2612 Neroniano,
1653 2530 1956 2611 quoniam
2007 2528 2372 2611 exemplum

354 2617 808 2683 vindicationis
874 2618 1229 2702 sequimur,
1293 2618 1526 2682 debeat
1589 2616 1715 2682 dici
1771 2619 1996 2682 utilem
2051 2618 2372 2681 actionem

354 2708 591 2773 amisso
651 2730 771 2771 usu
840 2706 1054 2772 fructu
1116 2708 1197 2771 ab
1264 2707 1470 2771 altero
1530 2706 1720 2788 alteri
1780 2705 2081 2786 dandam,
2150 2705 2371 2790 quaeri

353 2804 585 2879 potest.
678 2799 743 2859 et
789 2798 946 2878 puto
996 2795 1344 2860 secundum
1390 2792 1730 2859 Neratium
1777 2794 2264 2859 admittendum.

874 2994 969 3053 De
1014 2996 1191 3067 fwndi
1234 2998 1608 3055 instrumento
1653 2997 1854 3071 leyato.

539 3113 635 3177 10.
692 3113 771 3176 D.
800 3114 905 3194 33,
940 3115 997 3192 7,
1029 3114 1130 3193 12,
1159 3114 1219 3177 4.
1302 3111 1620 3197 Ulpianus
1674 3114 1844 3179 libro
1889 3115 2240 3180 vicensimo
2289 3114 2373 3179 ad

357 3200 667 3267 Sabinum
733 3200 831 3285 (P.
869 3202 1091 3286 2609).
1149 3238 1233 3249 -
1297 3200 1746 3268 Saltuarium.
1777 3203 2048 3269 .Labeo
2113 3202 2374 3287 quidem

356 3294 543 3374 putat
599 3311 743 3353 eum
799 3290 1057 3355 demum
1102 3292 1418 3357 contineri
1465 3288 1583 3379 (sc.
1627 3293 2059 3357 instrumento
2104 3292 2376 3377 legato),

359 3379 469 3462 qui
532 3378 853 3444 fructuum
918 3381 1378 3446 servandorum
1441 3380 1653 3467 gratia
1716 3384 1984 3464 paratus
2049 3381 2162 3465 sit,
2225 3402 2374 3445 eum

357 3488 513 3549 non,
571 3466 679 3619 qlui
736 3468 961 3533 finium
1018 3470 1580 3537 custodiendorum
1635 3491 1857 3553 causa3
1913 3469 2024 3535 sed
2069 3468 2374 3535 Neratius

396 3556 554 3620 tiam
647 3577 789 3622 unc.
