2575 3900
814 181 865 231 4.
911 175 974 232 L.
1012 175 1342 232 NERATIU
1347 175 1382 230 S
1418 174 1714 232 PRISCUS
2142 176 2274 242 353

240 338 507 406 traditio
559 361 637 404 ex
684 359 905 425 causa,
959 362 1153 425 quam
1197 361 1418 406 veram
1464 361 1604 405 esse
1647 340 1974 425 existimo,
2029 339 2272 406 sufficit

240 429 325 495 ad
372 427 798 512 efficiendum,
840 432 914 493 ut
958 428 1027 494 id
1072 428 1241 514 quod
1282 429 1445 494 mihi
1479 429 1791 494 traditum
1830 433 1930 494 est
1963 451 2082 515 pro
2120 451 2266 494 meo

240 516 656 604 possideam}
748 522 813 583 et
856 518 953 582 ita
997 517 1306 584 Neratius
1354 517 1631 602 scripsit.

418 611 781 689 Pomponius
826 611 1018 673 addit:
1066 606 1270 688 ‘idque
1314 631 1528 672 verum
1571 605 1760 689 puto’.
1837 613 1910 673 de
1952 612 2188 674 ratione
2232 632 2269 672 a

240 700 608 762 Triboniano
655 701 889 762 adiecta
933 720 990 761 v.
1027 700 1274 760 Pernice
1319 693 1409 760 11²
1453 721 1513 778 p.
1541 703 1690 764 401.
1719 704 1847 762 406
1895 721 1952 764 n.
1983 705 2042 762 2.

418 789 605 850 Lenel
662 790 1074 867 fragmentum
1126 789 1611 850 Membranarum
1665 790 1823 851 libro
1878 791 1934 849 V
1988 789 2271 851 attribuit

238 879 465 945 collata
503 879 579 938 D.
610 881 713 957 22,
745 882 801 956 6,
833 882 891 959 2,
938 879 1041 940 sed
1088 881 1444 958 argumento
1490 897 1610 940 non
1655 879 1801 939 satis
1845 878 2058 939 idoneo
2104 898 2269 940 usus,

420 970 549 1036 62?
604 969 684 1036 D.
710 972 817 1054 41,
849 971 951 1056 10,
978 973 1133 1055 4pr.
1222 969 1407 1036 Idem
1463 967 1580 1059 (sc.
1615 968 2042 1060 Pomponius)
2100 972 2267 1037 libro

240 1059 625 1145 trigensimo
684 1060 961 1126 secundo
1016 1060 1099 1124 ad
1154 1057 1469 1125 Sabinum
1526 1058 1625 1147 (P.
1665 1062 1701 1126 7
1709 1060 1841 1145 69).
1897 1097 1980 1109 -
2035 1059 2105 1126 Si
2159 1083 2268 1127 an·

234 1149 457 1214 cillam
528 1149 837 1214 furtivam
902 1149 1118 1214 emisti
1179 1149 1306 1214 fide
1368 1150 1542 1215 bona
1604 1148 1990 1236 <quodque>
2051 1172 2128 1215 ex
2194 1173 2270 1215 ea

238 1242 468 1303 natum
507 1242 573 1306 et
609 1239 781 1323 apud
816 1243 882 1303 te
920 1241 1301 1322 conceptum
1339 1241 1439 1302 est
1472 1239 1568 1304 ita
1593 1238 1960 1323 possedisti,
1997 1243 2070 1304 ut
2095 1239 2269 1305 intra

234 1325 514 1392 annum²
560 1347 983 1413 cognosceres
1032 1330 1308 1393 matrem
1354 1327 1492 1392 eius
1537 1327 1845 1392 furtivam
1893 1349 2061 1412 esse,
2114 1327 2269 1394 Tre-

236 1415 459 1481 batius
514 1415 855 1500 (Neratius
875 1414 941 1503 ⁴?)
1006 1417 1181 1481 omni
1244 1415 1464 1500 modo,
1521 1415 1691 1502 quod
1745 1417 1841 1482 ita
1893 1438 2268 1500 possessum

234 1509 432 1583 esset,
478 1514 865 1589 usucaptum
913 1527 1072 1570 esse.

414 1598 661 1659 Pernice
709 1599 815 1676 qui
848 1599 911 1658 II
937 1619 995 1675 p.
1020 1601 1145 1658 204
1174 1616 1229 1659 ιι.
1252 1600 1339 1657 44
1386 1596 1614 1658 Cuiacii
1659 1598 2062 1660 coniecturam
2107 1599 2266 1660 haud

234 1687 326 1746 ita
370 1706 620 1764 pravam
667 1706 795 1748 esse
839 1681 1007 1767 (‘gar
1040 1687 1208 1748 nicht
1246 1705 1313 1747 so
1349 1679 1548 1769 ubsl')
1586 1687 1754 1764 dixit,
1798 1687 1861 1746 in
1897 1688 2092 1748 altera
2126 1688 2268 1748 libri

231 1774 500 1836 editione
554 1798 612 1853 p.
652 1766 777 1837 402
825 1795 883 1836 ιι.
914 1779 951 1838 3
1010 1776 1203 1854 magis
1255 1775 1516 1850 dubitat,
1573 1794 1680 1836 nec
1726 1776 1922 1836 minus
1970 1777 2153 1838 Lens]
2202 1779 2267 1838 in

234 1865 299 1926 P.
347 1865 510 1942 apud
556 1866 906 1926 Trebatium
956 1868 1054 1926 77.

797 2083 854 2143 2.
917 2080 1023 2140 Ad
1067 2080 1181 2141 ius
1226 2080 1714 2142 honorarium.

414 2198 781 2276 Fragmenta
818 2195 1086 2273 disposui
1122 2196 1450 2257 secundum
1488 2194 1748 2256 edictum
1787 2214 1823 2255 a
1858 2196 2092 2257 Iuliano
2129 2216 2264 2257 con-

233 2287 537 2348 stitutum.

580 2405 706 2486 Qui
746 2406 875 2469 nisi
908 2426 1029 2486 pro
1073 2405 1251 2468 certis
1284 2403 1574 2486 personis
1607 2404 1935 2486 postulent.

417 2512 519 2576 63.
557 2510 637 2577 D.
658 2512 717 2593 3,
736 2511 798 2594 2,
821 2513 922 2594 11,
942 2511 1001 2575 3.
1079 2509 1402 2594 Ulpianus
1439 2509 1607 2574 libro
1645 2512 1828 2574 sexto
1866 2510 1945 2574 ad
1982 2511 2260 2577 edictum

236 2596 337 2686 (P.
376 2599 555 2677 284).
610 2634 696 2647 —
752 2598 811 2663 N
817 2619 902 2663 on
969 2598 1178 2663 solent
1238 2648 1251 2663 .
1291 2647 1307 2662 .
1366 2597 1601 2680 lugeri,
1663 2604 1738 2663 ut
1791 2597 2097 2664 Neratius
2153 2600 2264 2683 ait,

236 2688 460 2753 hostes
516 2689 621 2753 vel
676 2686 1137 2773 perduellionis
1191 2686 1479 2751 damnati
1531 2707 1650 2751 nec
1697 2686 2099 2771 suspendiosi
2143 2709 2261 2753 nec

237 2778 350 2864 qui
396 2798 625 2843 manus
674 2776 799 2842 sibi
843 2776 1203 2840 intulerunt
1246 2795 1378 2841 non
1423 2775 1639 2841 taedio
1687 2776 1884 2858 vitae,
1931 2775 2041 2841 sed
2088 2776 2262 2841 mala

229 2867 646 2932 conscientia.

262 3045 444 3127 Quod
484 3046 895 3127 cuiuscunque
938 3043 1383 3179 universitatis?
1405 3042 1654 3107 nomine
1697 3042 1788 3109 vel
1831 3048 2044 3109 contra
2087 3065 2224 3109 eam

1110 3137 1360 3215 ayatur.

414 3242 517 3307 64.
573 3241 652 3306 D.
681 3240 785 3325 50,
817 3240 918 3321 16,
947 3240 1049 3306 85.
1139 3239 1486 3304 Marcellus
1543 3238 1712 3305 libro
1765 3240 1974 3324 primo
2028 3237 2258 3324 Diges-

237 3333 451 3395 torum
487 3329 586 3414 (P.
607 3327 698 3416 6).
736 3364 819 3377 -—
859 3327 1167 3394 Neratius
1205 3327 1467 3393 Priscus
1513 3332 1644 3393 tres
1683 3327 1892 3394 facere
1929 3328 2262 3393 existimat

229 3418 596 3503 collegium.

386 3549 405 3593 1
455 3540 603 3596 Trib.
642 3540 792 3595 intra
828 3539 1193 3595 constitutum
1230 3538 1559 3609 usucapioni
1595 3540 1833 3610 tempus.

339 3639 537 3689 Iurispr.
564 3638 800 3680 antehadr.
831 3639 929 3680 rell.
958 3638 1028 3680 ed.
1056 3638 1258 3680 Bremer.
1304 3637 1369 3690 11,
1397 3640 1435 3679 2.
1765 3631 1833 3679 23
