2575 3900
350 178 437 241 24
490 179 585 233 111.
617 179 770 234 GAII
798 178 1091 234 CLAUDII
1116 178 1390 234 NERON.
1411 179 1702 235 GALBAE
1721 179 1931 235 ΤΕΜΡ.
1954 179 2144 235 IURIS
2165 178 2365 234 CONS.

356 339 638 406 Sabinus
715 341 970 406 dicebat
1033 342 1193 407 utile
1257 342 1421 407 mihi
1484 342 1622 408 eius
1684 343 1854 408 dotis
1917 341 2371 427 reciperandae

348 430 657 495 iudicium
707 430 988 496 dandum
1034 453 1201 516 esse3
1249 429 1451 496 Gaius
1499 431 1686 496 idem.

731 631 825 690 De
869 633 1175 691 donatione
1217 635 1368 691 inter
1411 635 1606 691 virum
1651 637 1702 691 et
1745 650 1996 692 uxorem.

531 749 633 812 11.
689 747 767 813 D.
804 750 910 828 41,
948 749 1008 835 6,
1049 751 1106 833 1,
1138 751 1195 814 2.
1286 750 1526 814 Paulus
1573 750 1743 815 libro
1791 750 2370 836 quinquagensimo

350 843 585 920 quarto
644 838 725 901 ad
782 799 1059 903 edictu'm
1117 836 1218 924 (P.
1257 835 1437 924 665).
1490 875 1578 886 —
1679 839 1791 903 .si
1844 838 1941 902 vir
1994 839 2178 904 uxori
2233 860 2368 903 rem

348 924 689 991 donaverit
744 931 811 990 et
864 927 1211 992 divortium
1268 887 1728 1009 intercesserit,
1784 948 2034 992 cessare
2079 927 2371 1012 usucapi-

349 1036 539 1079 onem
587 1012 853 1079 Gassius
908 1016 1269 1100 respondit,
1327 1017 1633 1100 quoniam
1681 1037 1813 1080 non
1858 1016 2065 1099 possit
2111 1037 2371 1080 causam

347 1102 775 1186 possessionis
824 1103 947 1168 sibi
985 1105 1132 1187 ipsa
1171 1109 1441 1168 mutare.
1507 1105 1666 1168 alias
1707 1102 1800 1168 ait
1834 1108 1986 1189 post
2023 1105 2371 1169 divortium

348 1194 440 1255 ita
496 1194 985 1276 usucapturam,
1049 1194 1105 1257 si
1160 1215 1304 1258 eam
1370 1194 1644 1257 maritus
1712 1193 2130 1276 concesserit,
2185 1193 2372 1277 quasi

346 1302 521 1346 nunc
569 1281 843 1346 donasse
889 1281 1326 1366 intellegatur.

527 1407 719 1468 Cassii
775 1410 1135 1469 sententiam
1192 1411 1270 1469 ad
1324 1410 1476 1488 legis
1524 1409 1760 1470 Cinciae
1814 1413 2138 1487 praecepta
2182 1411 2373 1486 respi-

350 1497 606 1556 cientem
644 1516 681 1556 a
719 1497 1079 1558 Triboniano
1118 1502 1463 1576 corruptam
1503 1517 1630 1558 esse
1660 1500 1906 1559 Pernice
1950 1500 2082 1558 iure
2127 1499 2375 1558 videtur

350 1604 606 1646 censere.

1189 1688 1289 1754 De
1329 1689 1539 1770 furtis

531 1812 646 1875 12:
678 1810 756 1875 D.
783 1811 891 1893 41,
919 1813 980 1894 2,
1008 1813 1068 1894 3,
1102 1814 1200 1878 18.
1284 1812 1527 1878 Paulus
1577 1813 1745 1878 libro
1792 1813 2378 1898 quinquagensimo

350 1905 578 1985 quarto
639 1900 718 1965 ad
777 1900 1056 1966 edictum
1105 1899 1204 1989 (P.
1236 1898 1445 1989 6581‘).
1489 1938 1578 1950 —
1625 1901 1694 1969 Si
1751 1923 1889 1967 rem
1937 1902 2106 1985 apud
2151 1905 2217 1965 te
2265 1901 2376 1967 de-

346 1989 630 2073 positam
701 1989 862 2053 furti
931 1989 1210 2055 faciendi
1285 2013 1479 2056 causa
1543 1990 2066 2074 contrectaveriS,
2149 1989 2380 2058 desino

348 2079 696 2164 possidere.
790 2078 901 2143 sed
949 2078 1005 2143 si
1052 2101 1193 2144 eam
1239 2081 1382 2145 loco
1429 2103 1562 2145 non
1611 2080 1887 2145 moveris
1937 2083 2002 2143 et
2046 2079 2380 2145 infitiandi

350 2168 635 2233 animum
671 2167 934 2250 habeas,
971 2167 1259 2251 plerique
1293 2172 1583 2233 veterum
1615 2173 1681 2233 et
1711 2167 1985 2234 Sabinus
2016 2173 2082 2232 et
2108 2165 2380 2233 Cassius

348 2304 363 2320 .
396 2307 410 2321 .
439 2256 911 2340 responderunt
954 2278 1395 2340 possessorem
1442 2278 1547 2320 me
1592 2278 1878 2338 manere,
1925 2257 2078 2340 quia
2122 2257 2375 2321 furtum

349 2345 487 2409 sine
535 2344 1044 2410 contrectatione
1089 2344 1230 2408 fieri
1276 2366 1406 2409 non
1451 2347 1670 2427 potest
1714 2367 1833 2409 nec
1872 2346 2092 2410 animo
2130 2345 2380 2409 furtum

351 2433 745 2498 admittatur.

1100 2538 1199 2604 De
1241 2540 1630 2605 condictione.

534 2664 634 2728 13.
682 2663 757 2728 D.
786 2662 893 2746 44,
922 2662 981 2745 5,
1014 2665 1071 2745 1,
1103 2665 1202 2728 10.
1277 2664 1599 2749 Ulpianus
1636 2663 1806 2728 libro
1845 2660 2381 2747 septuagensimo

351 2757 531 2817 sexto
581 2751 661 2814 ad
700 2752 980 2815 edictum
1018 2751 1115 2836 (Ρ.
1149 2687 1494 2839 1684).Ρ-
1579 2752 1680 2817 .si
1715 2754 2027 2835 patronus
2065 2750 2378 2815 libertum

353 2862 539 2904 suum
607 2838 1004 2922 delegaverit
1069 2841 1399 2922 creditori,
1464 2864 1548 2904 an
1614 2841 1917 2905 adversus
1973 2839 2378 2921 creditorem,

354 2926 456 2993 cui
505 2927 840 3011 delegatus
886 2928 1185 3009 promisit
1228 2928 1556 2993 libertatis
1604 2950 1797 2993 causa
1838 2927 2220 3011 onerandas,
2267 2948 2376 2992 ex·

353 3015 649 3098 ceptione
694 3013 827 3079 ista
870 3014 968 3078 uti
1013 3016 1240 3099 possit,
1286 3017 1636 3083 videamus·
1721 3022 1786 3082 et
1822 3015 2116 3083 Cassium
2152 3014 2376 3080 existi-

353 3124 564 3168 masse
602 3100 904 3168 Urseius¹
949 3103 1148 3167 refert
1194 3106 1575 3172 creditorem
1624 3106 1880 3191 quidem
1927 3105 2192 3169 minime
2231 3125 2376 3170 esse

352 3191 862 3256 submovendum
908 3193 1309 3278 exceptione,
1366 3197 1518 3281 quia
1564 3218 1750 3260 suum
1798 3193 2066 3278 recepit3
2122 3214 2374 3258 verum·

350 3284 574 3345 tamen
655 3280 962 3345 libertum
1042 3287 1320 3367 patrono
1399 3306 1591 3369 posse
1666 3284 2000 3349 condicere
2077 3282 2164 3363 [si
2237 3303 2373 3347 non

350 3369 809 3455 transigendae
856 3375 1334 3438 controversiae
1382 3374 1595 3457 gratia
1639 3372 1705 3436 id
1751 3371 1952 3453 fecit].

493 3549 521 3597 1
570 3544 668 3601 ΕΖ.
704 3543 927 3600 Cassius
966 3546 1316 3601 existimasse
1349 3546 1622 3602 Urseium.
