2575 3900
344 196 470 260 158
501 198 595 254 III.
617 198 768 255 GAII
787 196 1081 256 CLAUDII
1099 199 1370 256 NERON.
1392 199 1682 256 GALBAE
1704 200 1920 256 TEMP.
1941 200 2133 258 IURIS
2155 201 2362 259 CONS.

340 363 441 425 ter
478 383 621 426 eum
660 361 980 447 mancipio
1020 361 1159 437 dari
1196 362 1445 442 debere,
1482 364 1634 450 quia
1669 365 1810 449 lege
1839 363 1966 428 XII
1994 365 2364 430 tabularum

339 454 599 514 cautum
642 450 746 534 sit,
792 452 917 534 <ne
956 451 1145 516 aliter
1179 451 1355 516 filius
1395 453 1472 517 de
1508 457 1835 537 potestate
1870 453 2122 538 patris>
2163 458 2368 540 exeat,

340 560 531 623 quam
580 539 636 603 si
680 543 781 604 ter
826 539 1021 606 fuerit
1066 541 1494 623 mancipatum

1026 681 1128 748 De
1170 684 1399 748 damno
1442 683 1679 765 infecto.

520 790 619 854 78.
693 785 769 852 D.
819 790 924 872 39,
960 789 1023 874 2,
1059 790 1164 856 26.
1281 787 1602 872 Ulpianus
1675 791 1842 855 libro
1916 791 2364 876 octogensimo

338 876 549 960 primo
606 877 687 942 ad
742 877 1020 943 edictum
1076 875 1179 964 (P.
1223 875 1473 964 1754b).
1536 915 1608 926 —
1670 878 1978 944 Proculus
2035 882 2156 962 ait,
2218 902 2365 945 cum

340 967 483 1048 quis
539 967 678 1031 iure
737 967 891 1050 quid
946 968 1016 1031 in
1071 989 1186 1032 suo
1245 967 1511 1051 faceret,
1575 969 1869 1052 quamvis
1924 969 2366 1052 promississet

339 1054 558 1119 damni
602 1055 822 1120 infecti
869 1055 1099 1138 vicino,
1149 1077 1286 1121 non
1331 1060 1548 1120 tamen
1596 1079 1743 1121 eum
1788 1059 1992 1122 teneri
2039 1079 2113 1122 ea
2161 1058 2364 1142 stipu-

336 1143 611 1224 latione,
663 1145 869 1210 veluti
924 1146 978 1208 si
1030 1146 1213 1209 iuxta
1259 1167 1404 1209 mea
1450 1144 1739 1209 aedificia
1783 1145 2025 1211 habeas
2072 1147 2364 1212 aedificia

339 1254 541 1317 eaque
587 1234 725 1298 iure
771 1237 883 1298 tuo
934 1234 1131 1298 altius
1178 1234 1393 1312 tollas,
1440 1239 1554 1298 aut
1600 1234 1656 1298 si
1695 1235 1765 1299 in
1801 1236 2012 1300 vicino
2051 1238 2162 1300 tuo
2203 1256 2361 1321 agro

340 1323 636 1389 cuniculo
683 1323 787 1387 vel
820 1322 999 1387 fossa
1036 1344 1270 1406 aquam
1309 1345 1518 1386 meam
1557 1344 1810 1407 avoces3
1859 1325 2154 1407 quamvis
2191 1325 2364 1388 enim

343 1414 410 1475 et
454 1410 560 1476 hic
608 1433 841 1495 aquam
888 1411 1048 1476 mihi
1095 1411 1374 1476 abducas
1420 1415 1487 1476 et
1530 1411 1661 1477 illic
1708 1413 2059 1478 luminibus
2099 1413 2366 1496 officias,

342 1505 560 1564 tamen
599 1523 677 1566 ex
716 1522 791 1566 ea
829 1500 1248 1584 stipulatione
1288 1500 1608 1566 actionem
1637 1501 1796 1565 mihi
1823 1523 1953 1566 non
1982 1506 2365 1586 competere,

341 1589 636 1674 [scilicet‚
681 1591 831 1672 quia
865 1611 999 1654 non
1038 1589 1267 1653 debeat
1307 1589 1503 1654 videri
1539 1589 1596 1652 is
1636 1589 1943 1654 damnum
1979 1589 2206 1674 facere,
2251 1592 2362 1674 qui

340 1699 416 1743 eo
464 1679 665 1743 veluti
704 1679 903 1762 lucro,
951 1700 1076 1763 quo
1116 1678 1325 1743 adhuc
1362 1678 1682 1760 utebatur,
1728 1679 2160 1765 prohibetur],
2204 1679 2364 1743 mul-

338 1770 604 1850 tumque
643 1766 974 1848 interesse,
1010 1774 1225 1831 utrum
1266 1768 1572 1831 damnum
1609 1768 1750 1850 quis
1789 1767 2006 1850 faciat,
2043 1790 2126 1832 an
2165 1768 2363 1853 lucre,

340 1857 509 1939 quod
558 1855 767 1920 adhuc
813 1856 1113 1936 faciebat,
1162 1857 1259 1920 uti
1304 1856 1738 1941 prohibeatur.

377 1962 383 1967 ·
512 1951 758 2011 Pernice
803 1943 892 2010 112
935 1972 991 2029 p.
1022 1954 1104 2012 49
1155 1970 1209 2009 n.
1244 1954 1303 2011 2.

518 2035 619 2101 79.
662 2035 741 2100 D.
768 2037 867 2117 10,
886 2036 945 2117 3,
966 2035 1027 2101 5.
1104 2034 1418 2117 Ulpianus
1445 2034 1614 2099 libro
1644 2034 1920 2099 secundo
1952 2034 2030 2099 ad
2060 2032 2363 2100 Urseium

335 2122 644 2188 Ferocem
691 2121 789 2209 (P.
821 2120 997 2210 897).
1048 2160 1122 2171 —
1175 2123 1244 2207 (‘.
1273 2171 1289 2189 .
1339 2123 1566 2188 scribit
1609 2122 1918 2207 IulianuS,
1965 2124 2022 2187 si
2068 2124 2249 2187 missi
2293 2124 2362 2187 in

335 2213 808 2294 possessionem
894 2213 1116 2278 damni
1198 2212 1419 2277 infecti
1501 2211 1700 2276 simus
1785 2216 1850 2275 et
1932 2217 2081 2277 ante
2165 2234 2360 2297 quam

334 2300 662 2382 possidere
723 2301 1115 2383 iuberemur,
1181 2321 1302 2385 ego
1363 2300 1642 2365 insulam
1696 2300 1966 2383 fulsere,
2030 2305 2359 2384 sumptum

333 2390 533 2453 istum
599 2391 919 2455 communi
983 2389 1331 2456 dividundo
1397 2388 1634 2455 iudicio
1701 2390 2008 2474 consequi
2073 2412 2173 2454 me
2228 2411 2360 2455 non

333 2476 563 2561 posse?
652 2478 731 2544 D.
773 2481 873 2559 10,
910 2481 972 2562 3,
1007 2481 1069 2563 4,
1106 2475 1197 2567 4).
1288 2479 1398 2543 sed
1455 2477 1511 2541 si
1574 2499 1676 2541 res
1729 2499 1861 2542 non
1917 2478 2363 2544 defenderetur

335 2571 400 2632 et
452 2568 595 2633 ideo
651 2567 811 2632 iussi
866 2591 1087 2633 sumus
1144 2591 1182 2632 a
1235 2573 1531 2651 praetore
1587 2588 1694 2631 eas
1752 2567 1938 2631 aedes
1993 2566 2359 2651 possidere¹

334 2659 399 2721 et
454 2680 530 2721 ex
586 2658 708 2722 hoc
759 2658 1108 2724 dominium
1158 2679 1378 2722 earum
1423 2656 1966 2738 nancisceremur,
2022 2657 2360 2739 respondit

332 2745 647 2812 Proculus
703 2747 1026 2813 communi
1083 2746 1428 2811 dividundo
1475 2744 1710 2809 iudicio
1756 2748 2009 2829 partem
2057 2745 2194 2809 eius
2241 2745 2356 2808 im·

332 2855 568 2917 pensae
616 2857 717 2900 me
767 2841 1176 2901 servaturum
1226 2857 1385 2900 esse.

512 2929 943 3006 Fragmentum
962 2930 1024 2987 in
1043 2930 1491 3003 Responsorum
1511 2927 1704 3003 capite
1726 2946 1922 2987 errore
1944 2928 2226 2987 omissum
2248 2931 2357 2987 est.

513 3012 615 3077 80.
660 3012 741 3076 D.
760 3011 863 3090 39,
883 3013 943 3091 2,
965 3013 1069 3077 32.
1152 3011 1354 3075 Gaius
1400 3012 1564 3075 libro
1611 3011 1960 3076 vicensimo
2009 3015 2236 3077 octavo
2277 3009 2357 3075 ad

333 3099 609 3165 edictum
655 3101 1045 3184 provinciale
1085 3097 1181 3185 (P.
1210 3098 1391 3186 371).
1431 3136 1514 3147 —
1553 3148 1602 3164 ..
1652 3102 1706 3165 si
1752 3122 1913 3165 unas
1959 3100 2146 3165 aedes
2185 3121 2358 3165 com-

333 3209 557 3252 munes
605 3193 813 3253 tecum
859 3189 1057 3254 habui
1105 3210 1344 3273 eaeque
1389 3190 1618 3254 vitium
1665 3189 1912 3253 faciant
1954 3194 2018 3253 et
2054 3190 2223 3254 circa
2259 3210 2356 3253 re-

331 3276 678 3343 fectionem
733 3299 951 3343 earum
999 3299 1249 3343 cessare
1298 3276 1603 3361 videariS,
1657 3279 1863 3341 nostri
1907 3280 2356 3363 praeceptores

332 3371 577 3451 negant
622 3389 845 3431 cavere
893 3372 956 3431 te
1004 3367 1248 3454 debere,
1297 3368 1447 3452 quia
1490 3367 1630 3450 ipse
1676 3366 1935 3431 reficere
1978 3365 2223 3451 possim
2259 3388 2358 3431 re-

477 3514 503 3560 1
562 3506 730 3563 Lenel
786 3508 847 3562 P.
886 3511 987 3563 897
1044 3508 1148 3563 ait:
1210 3504 1537 3563 ‘verisimile
1593 3507 1682 3559 est
1734 3504 2013 3560 Iulianum
2067 3504 2359 3561 interdicti

336 3579 510 3646 Quem
549 3578 780 3635 fundum
818 3579 1156 3635 mentionem
1194 3577 1434 3636 fecisse’.
