<?xml version="1.0" encoding="UTF-8"?>
<!DOCTYPE html PUBLIC "-//W3C//DTD XHTML 1.0 Transitional//EN"
    "http://www.w3.org/TR/xhtml1/DTD/xhtml1-transitional.dtd">
<html xmlns="http://www.w3.org/1999/xhtml" xml:lang="en" lang="en">
 <head>
  <title>
</title>
<meta http-equiv="Content-Type" content="text/html;charset=utf-8" />
  <meta name='ocr-system' content='tesseract 3.04.00' />
  <meta name='ocr-capabilities' content='ocr_page ocr_carea ocr_par ocr_line ocrx_word'/>
</head>
<body>
  <div class='ocr_page' id='page_1' title='image "./iurisprudentiae00unkngoog_0375.png"; bbox 0 0 2575 3900; ppageno 0'>
   <div class='ocr_carea' id='block_1_1' title="bbox 801 187 2350 254">
    <p class='ocr_par' dir='ltr' id='par_1_1' title="bbox 801 187 2350 254">
     <span class='ocr_line' id='line_1_1' title="bbox 801 187 2350 254; baseline 0.006 -10"><span class='ocrx_word' id='word_1_1' title='bbox 801 196 851 246; x_wconf 82' lang='lat'><strong>4.</strong></span> <span class='ocrx_word' id='word_1_2' title='bbox 903 191 967 247; x_wconf 88' lang='lat' dir='ltr'><strong>L.</strong></span> <span class='ocrx_word' id='word_1_3' title='bbox 1003 189 1368 246; x_wconf 84' lang='lat' dir='ltr'><strong>NERATIUS</strong></span> <span class='ocrx_word' id='word_1_4' title='bbox 1404 187 1699 246; x_wconf 83' lang='lat' dir='ltr'>PRISOUS</span> <span class='ocrx_word' id='word_1_5' title='bbox 2125 188 2257 254; x_wconf 84' lang='grc'><strong>329</strong></span> <span class='ocrx_word' id='word_1_6' title='bbox 2341 215 2350 225; x_wconf 85' lang='grc'><em>·</em></span> 
     </span>
    </p>
   </div>
   <div class='ocr_carea' id='block_1_2' title="bbox 238 352 2262 438">
    <p class='ocr_par' dir='ltr' id='par_1_2' title="bbox 238 352 2262 438">
     <span class='ocr_line' id='line_1_2' title="bbox 238 352 2262 438; baseline -0.001 -18"><span class='ocrx_word' id='word_1_7' title='bbox 238 355 390 421; x_wconf 90' lang='lat' dir='ltr'><strong>dere</strong></span> <span class='ocrx_word' id='word_1_8' title='bbox 448 352 744 433; x_wconf 83' lang='lat' dir='ltr'><strong>credidit,</strong></span> <span class='ocrx_word' id='word_1_9' title='bbox 797 353 973 421; x_wconf 89' lang='lat' dir='ltr'><strong>filius</strong></span> <span class='ocrx_word' id='word_1_10' title='bbox 1031 355 1167 420; x_wconf 89' lang='lat' dir='ltr'><strong>eius</strong></span> <span class='ocrx_word' id='word_1_11' title='bbox 1222 375 1364 420; x_wconf 89' lang='lat' dir='ltr'><strong>esse</strong></span> <span class='ocrx_word' id='word_1_12' title='bbox 1419 353 1544 420; x_wconf 91' lang='lat' dir='ltr'><strong>dici</strong></span> <span class='ocrx_word' id='word_1_13' title='bbox 1599 354 1836 438; x_wconf 80' lang='lat' dir='ltr'><strong>coepit3</strong></span> <span class='ocrx_word' id='word_1_14' title='bbox 1896 375 2049 418; x_wconf 88' lang='lat' dir='ltr'><strong>nam</strong></span> <span class='ocrx_word' id='word_1_15' title='bbox 2104 354 2262 438; x_wconf 91' lang='lat' dir='ltr'><strong>eius,</strong></span> 
     </span>
    </p>
   </div>
   <div class='ocr_carea' id='block_1_3' title="bbox 235 442 2262 617">
    <p class='ocr_par' dir='ltr' id='par_1_3' title="bbox 235 442 2262 617">
     <span class='ocr_line' id='line_1_3' title="bbox 238 442 2262 530; baseline -0.001 -22"><span class='ocrx_word' id='word_1_16' title='bbox 238 444 351 530; x_wconf 87' lang='lat' dir='ltr'><strong>qui</strong></span> <span class='ocrx_word' id='word_1_17' title='bbox 414 443 717 528; x_wconf 78' lang='lat' dir='ltr'><strong>adgnitus</strong></span> <span class='ocrx_word' id='word_1_18' title='bbox 783 447 885 507; x_wconf 90' lang='lat' dir='ltr'><strong>est</strong></span> <span class='ocrx_word' id='word_1_19' title='bbox 953 443 1035 508; x_wconf 90' lang='lat' dir='ltr'><strong>ab</strong></span> <span class='ocrx_word' id='word_1_20' title='bbox 1101 465 1209 526; x_wconf 86' lang='lat' dir='ltr'><strong>eo,</strong></span> <span class='ocrx_word' id='word_1_21' title='bbox 1270 443 1348 508; x_wconf 89' lang='lat' dir='ltr'><strong>de</strong></span> <span class='ocrx_word' id='word_1_22' title='bbox 1416 444 1597 509; x_wconf 89' lang='lat' dir='ltr'><strong>cuius</strong></span> <span class='ocrx_word' id='word_1_23' title='bbox 1663 443 1852 508; x_wconf 90' lang='lat' dir='ltr'><strong>bonis</strong></span> <span class='ocrx_word' id='word_1_24' title='bbox 1913 442 2262 527; x_wconf 85' lang='lat' dir='ltr'><strong>quaeritur,</strong></span> 
     </span>
     <span class='ocr_line' id='line_1_4' title="bbox 235 532 1799 617; baseline 0.001 -20"><span class='ocrx_word' id='word_1_25' title='bbox 235 532 468 599; x_wconf 88' lang='lat' dir='ltr'><strong>iustior</strong></span> <span class='ocrx_word' id='word_1_26' title='bbox 512 532 582 597; x_wconf 90' lang='lat' dir='ltr'><strong>in</strong></span> <span class='ocrx_word' id='word_1_27' title='bbox 627 553 705 596; x_wconf 93' lang='lat' dir='ltr'><strong>ea</strong></span> <span class='ocrx_word' id='word_1_28' title='bbox 750 554 821 596; x_wconf 93' lang='lat' dir='ltr'><strong>re</strong></span> <span class='ocrx_word' id='word_1_29' title='bbox 867 553 1062 598; x_wconf 84' lang='lat' dir='ltr'><strong>eausa</strong></span> <span class='ocrx_word' id='word_1_30' title='bbox 1106 537 1207 596; x_wconf 86' lang='lat' dir='ltr'><strong>est</strong></span> <span class='ocrx_word' id='word_1_31' title='bbox 1252 554 1447 617; x_wconf 86' lang='lat' dir='ltr'><strong>quam</strong></span> <span class='ocrx_word' id='word_1_32' title='bbox 1492 532 1799 616; x_wconf 88' lang='lat' dir='ltr'><strong>postumi.</strong></span> 
     </span>
    </p>
   </div>
   <div class='ocr_carea' id='block_1_4' title="bbox 238 636 2261 902">
    <p class='ocr_par' dir='ltr' id='par_1_4' title="bbox 238 636 2261 902">
     <span class='ocr_line' id='line_1_5' title="bbox 416 636 2260 726; baseline 0 -22"><span class='ocrx_word' id='word_1_33' title='bbox 416 639 521 705; x_wconf 87' lang='lat'><strong>52.</strong></span> <span class='ocrx_word' id='word_1_34' title='bbox 568 638 645 703; x_wconf 91' lang='lat' dir='ltr'><strong>D.</strong></span> <span class='ocrx_word' id='word_1_35' title='bbox 668 636 729 721; x_wconf 84' lang='lat'><strong>5,</strong></span> <span class='ocrx_word' id='word_1_36' title='bbox 747 639 810 722; x_wconf 88' lang='lat'><strong>3,</strong></span> <span class='ocrx_word' id='word_1_37' title='bbox 840 639 943 722; x_wconf 88' lang='lat'><strong>13,</strong></span> <span class='ocrx_word' id='word_1_38' title='bbox 970 638 1031 703; x_wconf 89' lang='lat'><strong>3.</strong></span> <span class='ocrx_word' id='word_1_39' title='bbox 1104 637 1284 703; x_wconf 85' lang='lat' dir='ltr'>Idem</span> <span class='ocrx_word' id='word_1_40' title='bbox 1315 639 1431 721; x_wconf 89' lang='lat' dir='ltr'><strong>(sc.</strong></span> <span class='ocrx_word' id='word_1_41' title='bbox 1453 637 1804 726; x_wconf 81' lang='lat' dir='ltr'><strong>Ulpianus)</strong></span> <span class='ocrx_word' id='word_1_42' title='bbox 1834 639 1999 704; x_wconf 90' lang='lat' dir='ltr'><strong>libro</strong></span> <span class='ocrx_word' id='word_1_43' title='bbox 2031 639 2260 724; x_wconf 87' lang='lat' dir='ltr'><strong>quinto</strong></span> 
     </span>
     <span class='ocr_line' id='line_1_6' title="bbox 238 723 2260 814; baseline 0 -23"><span class='ocrx_word' id='word_1_44' title='bbox 238 728 486 793; x_wconf 89' lang='lat' dir='ltr'><strong>decimo</strong></span> <span class='ocrx_word' id='word_1_45' title='bbox 543 727 625 791; x_wconf 89' lang='lat' dir='ltr'><strong>ad</strong></span> <span class='ocrx_word' id='word_1_46' title='bbox 678 728 962 793; x_wconf 88' lang='lat' dir='ltr'><strong>edictum</strong></span> <span class='ocrx_word' id='word_1_47' title='bbox 1006 723 1111 814; x_wconf 90' lang='lat' dir='ltr'><strong>(P.</strong></span> <span class='ocrx_word' id='word_1_48' title='bbox 1146 724 1328 814; x_wconf 82' lang='lat'><strong>512).</strong></span> <span class='ocrx_word' id='word_1_49' title='bbox 1381 763 1456 774; x_wconf 89' lang='lat'><strong>—</strong></span> <span class='ocrx_word' id='word_1_50' title='bbox 1507 726 1816 793; x_wconf 78' lang='lat' dir='ltr'><strong>Neratius</strong></span> <span class='ocrx_word' id='word_1_51' title='bbox 1862 728 2029 793; x_wconf 89' lang='lat' dir='ltr'><strong>libro</strong></span> <span class='ocrx_word' id='word_1_52' title='bbox 2079 732 2260 792; x_wconf 86' lang='lat' dir='ltr'><strong>sexto</strong></span> 
     </span>
     <span class='ocr_line' id='line_1_7' title="bbox 238 815 2261 902; baseline -0 -20"><span class='ocrx_word' id='word_1_53' title='bbox 238 815 766 882; x_wconf 83' lang='lat' dir='ltr'><strong>Membranarum</strong></span> <span class='ocrx_word' id='word_1_54' title='bbox 800 816 1029 883; x_wconf 76' lang='lat' dir='ltr'><strong>scribit</strong></span> <span class='ocrx_word' id='word_1_55' title='bbox 1056 817 1137 881; x_wconf 88' lang='lat' dir='ltr'><strong>ab</strong></span> <span class='ocrx_word' id='word_1_56' title='bbox 1165 815 1403 881; x_wconf 87' lang='lat' dir='ltr'><strong>herede</strong></span> <span class='ocrx_word' id='word_1_57' title='bbox 1432 818 1568 900; x_wconf 88' lang='lat' dir='ltr'><strong>peti</strong></span> <span class='ocrx_word' id='word_1_58' title='bbox 1597 817 2022 882; x_wconf 82' lang='lat' dir='ltr'><strong>hereditatem</strong></span> <span class='ocrx_word' id='word_1_59' title='bbox 2051 837 2261 902; x_wconf 87' lang='lat' dir='ltr'><strong>posse,</strong></span> 
     </span>
    </p>
   </div>
   <div class='ocr_carea' id='block_1_5' title="bbox 241 904 2261 1080">
    <p class='ocr_par' dir='ltr' id='par_1_5' title="bbox 241 904 2261 1080">
     <span class='ocr_line' id='line_1_8' title="bbox 241 904 2261 1058; baseline 0 -88"><span class='ocrx_word' id='word_1_60' title='bbox 241 904 500 1058; x_wconf 46' lang='lat' dir='ltr'><strong>etiamgi·</strong></span> <span class='ocrx_word' id='word_1_61' title='bbox 526 905 784 991; x_wconf 83' lang='lat' dir='ltr'><strong>ignoret</strong></span> <span class='ocrx_word' id='word_1_62' title='bbox 810 927 929 990; x_wconf 90' lang='lat' dir='ltr'><strong>pro</strong></span> <span class='ocrx_word' id='word_1_63' title='bbox 956 905 1189 970; x_wconf 87' lang='lat' dir='ltr'><strong>herede</strong></span> <span class='ocrx_word' id='word_1_64' title='bbox 1219 904 1322 970; x_wconf 81' lang='lat' dir='ltr'><strong>vel</strong></span> <span class='ocrx_word' id='word_1_65' title='bbox 1348 927 1470 989; x_wconf 88' lang='lat' dir='ltr'><strong>pro</strong></span> <span class='ocrx_word' id='word_1_66' title='bbox 1496 926 1868 990; x_wconf 87' lang='lat' dir='ltr'><strong>possessore</strong></span> <span class='ocrx_word' id='word_1_67' title='bbox 1889 904 2261 972; x_wconf 86' lang='lat' dir='ltr'><strong>defunctum</strong></span> 
     </span>
     <span class='ocr_line' id='line_1_9' title="bbox 242 1015 626 1080; baseline -0.005 -20"><span class='ocrx_word' id='word_1_68' title='bbox 242 1015 437 1080; x_wconf 88' lang='lat' dir='ltr'><strong>posse</strong></span> <span class='ocrx_word' id='word_1_69' title='bbox 480 1015 626 1059; x_wconf 74' lang='lat' dir='ltr'><strong>isse.</strong></span> 
     </span>
    </p>
   </div>
   <div class='ocr_carea' id='block_1_6' title="bbox 685 1153 1822 1236">
    <p class='ocr_par' dir='ltr' id='par_1_6' title="bbox 685 1153 1822 1236">
     <span class='ocr_line' id='line_1_10' title="bbox 685 1153 1822 1236; baseline 0.001 -18"><span class='ocrx_word' id='word_1_70' title='bbox 685 1153 787 1219; x_wconf 84' lang='lat' dir='ltr'><strong>De</strong></span> <span class='ocrx_word' id='word_1_71' title='bbox 828 1155 1206 1236; x_wconf 76' lang='lat' dir='ltr'><strong>adquirendo</strong></span> <span class='ocrx_word' id='word_1_72' title='bbox 1248 1175 1460 1219; x_wconf 79' lang='lat' dir='ltr'><strong>rerum</strong></span> <span class='ocrx_word' id='word_1_73' title='bbox 1503 1153 1822 1220; x_wconf 78' lang='lat' dir='ltr'><strong>dominio?</strong></span> 
     </span>
    </p>
   </div>
   <div class='ocr_carea' id='block_1_7' title="bbox 242 1267 2276 2863">
    <p class='ocr_par' dir='ltr' id='par_1_7' title="bbox 242 1267 2276 2863">
     <span class='ocr_line' id='line_1_11' title="bbox 420 1267 2266 1354; baseline -0.001 -18"><span class='ocrx_word' id='word_1_74' title='bbox 420 1269 525 1336; x_wconf 84' lang='lat'><strong>53.</strong></span> <span class='ocrx_word' id='word_1_75' title='bbox 582 1267 661 1336; x_wconf 91' lang='lat' dir='ltr'><strong>D.</strong></span> <span class='ocrx_word' id='word_1_76' title='bbox 699 1269 804 1349; x_wconf 86' lang='lat'><strong>39,</strong></span> <span class='ocrx_word' id='word_1_77' title='bbox 841 1270 901 1354; x_wconf 83' lang='lat'><strong>2,</strong></span> <span class='ocrx_word' id='word_1_78' title='bbox 936 1269 1043 1334; x_wconf 84' lang='lat'><strong>47.</strong></span> <span class='ocrx_word' id='word_1_79' title='bbox 1133 1267 1441 1337; x_wconf 84' lang='lat' dir='ltr'><strong>Neratius</strong></span> <span class='ocrx_word' id='word_1_80' title='bbox 1497 1269 1665 1335; x_wconf 90' lang='lat' dir='ltr'><strong>libro</strong></span> <span class='ocrx_word' id='word_1_81' title='bbox 1719 1273 1901 1335; x_wconf 85' lang='lat' dir='ltr'><strong>sexto</strong></span> <span class='ocrx_word' id='word_1_82' title='bbox 1947 1269 2266 1336; x_wconf 87' lang='lat' dir='ltr'><strong>Membra-</strong></span> 
     </span>
     <span class='ocr_line' id='line_1_12' title="bbox 242 1357 2266 1435; baseline 0 -11"><span class='ocrx_word' id='word_1_83' title='bbox 242 1381 491 1424; x_wconf 87' lang='lat' dir='ltr'><strong>narum.</strong></span> <span class='ocrx_word' id='word_1_84' title='bbox 555 1395 631 1405; x_wconf 89' lang='lat'><strong>—</strong></span> <span class='ocrx_word' id='word_1_85' title='bbox 690 1357 874 1435; x_wconf 85' lang='lat' dir='ltr'><strong>Quod</strong></span> <span class='ocrx_word' id='word_1_86' title='bbox 934 1360 1239 1424; x_wconf 83' lang='lat' dir='ltr'><strong>conclave</strong></span> <span class='ocrx_word' id='word_1_87' title='bbox 1296 1358 1597 1423; x_wconf 89' lang='lat' dir='ltr'><strong>binarum</strong></span> <span class='ocrx_word' id='word_1_88' title='bbox 1653 1358 1909 1424; x_wconf 89' lang='lat' dir='ltr'><strong>aedium</strong></span> <span class='ocrx_word' id='word_1_89' title='bbox 1965 1359 2266 1424; x_wconf 86' lang='lat' dir='ltr'><strong>dominus</strong></span> 
     </span>
     <span class='ocr_line' id='line_1_13' title="bbox 244 1447 2267 1532; baseline 0 -20"><span class='ocrx_word' id='word_1_90' title='bbox 244 1470 322 1512; x_wconf 84' lang='lat' dir='ltr'><strong>ex</strong></span> <span class='ocrx_word' id='word_1_91' title='bbox 362 1447 509 1512; x_wconf 88' lang='lat' dir='ltr'><strong>aliis</strong></span> <span class='ocrx_word' id='word_1_92' title='bbox 550 1447 873 1512; x_wconf 88' lang='lat' dir='ltr'><strong>aedibus</strong></span> <span class='ocrx_word' id='word_1_93' title='bbox 853 1470 924 1512; x_wconf 88' lang='lat' dir='ltr'><strong>m</strong></span> <span class='ocrx_word' id='word_1_94' title='bbox 962 1447 1237 1512; x_wconf 86' lang='lat' dir='ltr'><strong>aliarum</strong></span> <span class='ocrx_word' id='word_1_95' title='bbox 1272 1469 1466 1512; x_wconf 87' lang='lat' dir='ltr'><strong>usum</strong></span> <span class='ocrx_word' id='word_1_96' title='bbox 1503 1448 1841 1532; x_wconf 81' lang='lat' dir='ltr'><strong>convertit,</strong></span> <span class='ocrx_word' id='word_1_97' title='bbox 1884 1469 2018 1512; x_wconf 87' lang='lat' dir='ltr'><strong>non</strong></span> <span class='ocrx_word' id='word_1_98' title='bbox 2056 1448 2267 1513; x_wconf 88' lang='lat' dir='ltr'><strong>solum</strong></span> 
     </span>
     <span class='ocr_line' id='line_1_14' title="bbox 246 1535 2268 1622; baseline 0 -21"><span class='ocrx_word' id='word_1_99' title='bbox 246 1537 303 1601; x_wconf 87' lang='lat' dir='ltr'><strong>si</strong></span> <span class='ocrx_word' id='word_1_100' title='bbox 360 1536 790 1622; x_wconf 80' lang='lat' dir='ltr'><strong>contignatiO,</strong></span> <span class='ocrx_word' id='word_1_101' title='bbox 846 1558 974 1621; x_wconf 90' lang='lat' dir='ltr'><strong>qua</strong></span> <span class='ocrx_word' id='word_1_102' title='bbox 1028 1535 1093 1600; x_wconf 91' lang='lat' dir='ltr'><strong>id</strong></span> <span class='ocrx_word' id='word_1_103' title='bbox 1150 1536 1602 1620; x_wconf 86' lang='lat' dir='ltr'><strong>sustinebitur,</strong></span> <span class='ocrx_word' id='word_1_104' title='bbox 1659 1536 1899 1601; x_wconf 90' lang='lat' dir='ltr'><strong>orietur</strong></span> <span class='ocrx_word' id='word_1_105' title='bbox 1953 1556 2031 1601; x_wconf 88' lang='lat' dir='ltr'><strong>ex</strong></span> <span class='ocrx_word' id='word_1_106' title='bbox 2081 1541 2268 1621; x_wconf 88' lang='lat' dir='ltr'><strong>parte</strong></span> 
     </span>
     <span class='ocr_line' id='line_1_15' title="bbox 247 1625 2267 1711; baseline 0 -22"><span class='ocrx_word' id='word_1_107' title='bbox 247 1647 465 1689; x_wconf 88' lang='lat' dir='ltr'><strong>earum</strong></span> <span class='ocrx_word' id='word_1_108' title='bbox 506 1625 837 1710; x_wconf 88' lang='lat' dir='ltr'><strong>aedium,</strong></span> <span class='ocrx_word' id='word_1_109' title='bbox 816 1647 883 1690; x_wconf 86' lang='lat' dir='ltr'><strong>m</strong></span> <span class='ocrx_word' id='word_1_110' title='bbox 925 1646 1194 1709; x_wconf 90' lang='lat' dir='ltr'><strong>quarum</strong></span> <span class='ocrx_word' id='word_1_111' title='bbox 1232 1647 1419 1689; x_wconf 88' lang='lat' dir='ltr'><strong>usum</strong></span> <span class='ocrx_word' id='word_1_112' title='bbox 1458 1646 1836 1690; x_wconf 83' lang='lat' dir='ltr'><strong>conversum</strong></span> <span class='ocrx_word' id='word_1_113' title='bbox 1865 1626 2007 1711; x_wconf 86' lang='lat' dir='ltr'><strong>erit,</strong></span> <span class='ocrx_word' id='word_1_114' title='bbox 2046 1647 2267 1690; x_wconf 86' lang='lat' dir='ltr'><strong>earum</strong></span> 
     </span>
     <span class='ocr_line' id='line_1_16' title="bbox 244 1713 2268 1799; baseline 0 -21"><span class='ocrx_word' id='word_1_115' title='bbox 244 1713 388 1799; x_wconf 87' lang='lat' dir='ltr'><strong>fiet,</strong></span> <span class='ocrx_word' id='word_1_116' title='bbox 444 1713 555 1778; x_wconf 90' lang='lat' dir='ltr'><strong>sed</strong></span> <span class='ocrx_word' id='word_1_117' title='bbox 612 1714 812 1779; x_wconf 87' lang='lat' dir='ltr'><strong>etiam</strong></span> <span class='ocrx_word' id='word_1_118' title='bbox 867 1714 921 1779; x_wconf 89' lang='lat' dir='ltr'><strong>si</strong></span> <span class='ocrx_word' id='word_1_119' title='bbox 977 1717 1352 1778; x_wconf 81' lang='lat' dir='ltr'><strong>transversa</strong></span> <span class='ocrx_word' id='word_1_120' title='bbox 1398 1713 1801 1798; x_wconf 82' lang='lat' dir='ltr'><strong>contignatio</strong></span> <span class='ocrx_word' id='word_1_121' title='bbox 1845 1718 1992 1779; x_wconf 87' lang='lat' dir='ltr'><strong>tota</strong></span> <span class='ocrx_word' id='word_1_122' title='bbox 2036 1715 2105 1778; x_wconf 88' lang='lat' dir='ltr'><strong>in</strong></span> <span class='ocrx_word' id='word_1_123' title='bbox 2151 1715 2268 1779; x_wconf 87' lang='lat' dir='ltr'><strong>ali-</strong></span> 
     </span>
     <span class='ocr_line' id='line_1_17' title="bbox 247 1801 2271 1889; baseline 0 -21"><span class='ocrx_word' id='word_1_124' title='bbox 247 1824 432 1868; x_wconf 87' lang='lat' dir='ltr'><strong>arum</strong></span> <span class='ocrx_word' id='word_1_125' title='bbox 499 1802 749 1868; x_wconf 90' lang='lat' dir='ltr'><strong>aedium</strong></span> <span class='ocrx_word' id='word_1_126' title='bbox 816 1803 1175 1889; x_wconf 90' lang='lat' dir='ltr'><strong>parietibus</strong></span> <span class='ocrx_word' id='word_1_127' title='bbox 1242 1802 1508 1867; x_wconf 90' lang='lat' dir='ltr'><strong>sedebit.</strong></span> <span class='ocrx_word' id='word_1_128' title='bbox 1615 1802 1725 1866; x_wconf 90' lang='lat' dir='ltr'><strong>sed</strong></span> <span class='ocrx_word' id='word_1_129' title='bbox 1792 1807 1859 1868; x_wconf 87' lang='lat' dir='ltr'><strong>et</strong></span> <span class='ocrx_word' id='word_1_130' title='bbox 1920 1801 2137 1869; x_wconf 87' lang='lat' dir='ltr'><strong>Labeo</strong></span> <span class='ocrx_word' id='word_1_131' title='bbox 2201 1804 2271 1868; x_wconf 91' lang='lat' dir='ltr'><strong>in</strong></span> 
     </span>
     <span class='ocr_line' id='line_1_18' title="bbox 248 1890 2270 1979; baseline 0 -22"><span class='ocrx_word' id='word_1_132' title='bbox 248 1891 437 1957; x_wconf 81' lang='lat' dir='ltr'><strong>libris</strong></span> <span class='ocrx_word' id='word_1_133' title='bbox 492 1890 927 1979; x_wconf 86' lang='lat' dir='ltr'><strong>posteriorum</strong></span> <span class='ocrx_word' id='word_1_134' title='bbox 986 1890 1212 1957; x_wconf 82' lang='lat' dir='ltr'><strong>scribit</strong></span> <span class='ocrx_word' id='word_1_135' title='bbox 1268 1892 1569 1958; x_wconf 88' lang='lat' dir='ltr'><strong>binarum</strong></span> <span class='ocrx_word' id='word_1_136' title='bbox 1627 1891 1879 1958; x_wconf 88' lang='lat' dir='ltr'><strong>aedium</strong></span> <span class='ocrx_word' id='word_1_137' title='bbox 1936 1891 2270 1958; x_wconf 91' lang='lat' dir='ltr'><strong>dominum</strong></span> 
     </span>
     <span class='ocr_line' id='line_1_19' title="bbox 251 1982 2272 2067; baseline 0 -21"><span class='ocrx_word' id='word_1_138' title='bbox 251 1982 541 2067; x_wconf 86' lang='lat' dir='ltr'><strong>utrisque</strong></span> <span class='ocrx_word' id='word_1_139' title='bbox 597 1984 917 2065; x_wconf 88' lang='lat' dir='ltr'><strong>porticum</strong></span> <span class='ocrx_word' id='word_1_140' title='bbox 974 1983 1463 2066; x_wconf 86' lang='lat' dir='ltr'><strong>superposuisse</strong></span> <span class='ocrx_word' id='word_1_141' title='bbox 1518 1982 1711 2067; x_wconf 88' lang='lat' dir='ltr'><strong>inque</strong></span> <span class='ocrx_word' id='word_1_142' title='bbox 1768 2004 1910 2047; x_wconf 89' lang='lat' dir='ltr'><strong>eam</strong></span> <span class='ocrx_word' id='word_1_143' title='bbox 1968 1982 2145 2046; x_wconf 86' lang='lat' dir='ltr'><strong>aditu</strong></span> <span class='ocrx_word' id='word_1_144' title='bbox 2193 2003 2272 2046; x_wconf 87' lang='lat' dir='ltr'><strong>ex</strong></span> 
     </span>
     <span class='ocr_line' id='line_1_20' title="bbox 250 2070 2269 2153; baseline -0.001 -18"><span class='ocrx_word' id='word_1_145' title='bbox 250 2070 471 2135; x_wconf 89' lang='lat' dir='ltr'><strong>alteris</strong></span> <span class='ocrx_word' id='word_1_146' title='bbox 538 2070 804 2135; x_wconf 87' lang='lat' dir='ltr'><strong>aedibus</strong></span> <span class='ocrx_word' id='word_1_147' title='bbox 870 2070 1021 2135; x_wconf 88' lang='lat' dir='ltr'><strong>dato</strong></span> <span class='ocrx_word' id='word_1_148' title='bbox 1086 2071 1327 2136; x_wconf 88' lang='lat' dir='ltr'><strong>alteras</strong></span> <span class='ocrx_word' id='word_1_149' title='bbox 1389 2070 1576 2136; x_wconf 90' lang='lat' dir='ltr'><strong>aedes</strong></span> <span class='ocrx_word' id='word_1_150' title='bbox 1632 2071 1944 2139; x_wconf 81' lang='lat' dir='ltr'><strong>servitute</strong></span> <span class='ocrx_word' id='word_1_151' title='bbox 1999 2071 2269 2153; x_wconf 88' lang='lat' dir='ltr'><strong>[oneris]</strong></span> 
     </span>
     <span class='ocr_line' id='line_1_21' title="bbox 249 2159 2271 2246; baseline 0 -23"><span class='ocrx_word' id='word_1_152' title='bbox 249 2160 538 2243; x_wconf 89' lang='lat' dir='ltr'><strong>porticus</strong></span> <span class='ocrx_word' id='word_1_153' title='bbox 568 2159 919 2224; x_wconf 80' lang='lat' dir='ltr'><strong>servandae</strong></span> <span class='ocrx_word' id='word_1_154' title='bbox 946 2160 1255 2244; x_wconf 87' lang='lat' dir='ltr'><strong>imposita</strong></span> <span class='ocrx_word' id='word_1_155' title='bbox 1283 2159 1676 2225; x_wconf 82' lang='lat' dir='ltr'><strong>vendidisse:</strong></span> <span class='ocrx_word' id='word_1_156' title='bbox 1708 2163 1918 2225; x_wconf 89' lang='lat' dir='ltr'><strong>totam</strong></span> <span class='ocrx_word' id='word_1_157' title='bbox 1946 2160 2271 2246; x_wconf 88' lang='lat' dir='ltr'><strong>porticum</strong></span> 
     </span>
     <span class='ocr_line' id='line_1_22' title="bbox 254 2247 2272 2333; baseline 0 -21"><span class='ocrx_word' id='word_1_158' title='bbox 254 2269 475 2312; x_wconf 90' lang='lat' dir='ltr'><strong>earum</strong></span> <span class='ocrx_word' id='word_1_159' title='bbox 522 2248 777 2312; x_wconf 89' lang='lat' dir='ltr'><strong>aedium</strong></span> <span class='ocrx_word' id='word_1_160' title='bbox 823 2269 963 2313; x_wconf 91' lang='lat' dir='ltr'><strong>esse</strong></span> <span class='ocrx_word' id='word_1_161' title='bbox 1011 2270 1170 2333; x_wconf 86' lang='lat' dir='ltr'><strong>quas</strong></span> <span class='ocrx_word' id='word_1_162' title='bbox 1216 2247 1608 2331; x_wconf 88' lang='lat' dir='ltr'><strong>retinuisset,</strong></span> <span class='ocrx_word' id='word_1_163' title='bbox 1654 2270 1802 2314; x_wconf 91' lang='lat' dir='ltr'><strong>cum</strong></span> <span class='ocrx_word' id='word_1_164' title='bbox 1838 2270 1954 2333; x_wconf 89' lang='lat' dir='ltr'><strong>per</strong></span> <span class='ocrx_word' id='word_1_165' title='bbox 1991 2249 2272 2333; x_wconf 89' lang='lat' dir='ltr'><strong>longitu-</strong></span> 
     </span>
     <span class='ocr_line' id='line_1_23' title="bbox 255 2335 2273 2423; baseline 0 -23"><span class='ocrx_word' id='word_1_166' title='bbox 255 2337 473 2400; x_wconf 88' lang='lat' dir='ltr'><strong>dinem</strong></span> <span class='ocrx_word' id='word_1_167' title='bbox 510 2337 846 2421; x_wconf 88' lang='lat' dir='ltr'><strong>utriusque</strong></span> <span class='ocrx_word' id='word_1_168' title='bbox 884 2337 1111 2401; x_wconf 90' lang='lat' dir='ltr'><strong>domus</strong></span> <span class='ocrx_word' id='word_1_169' title='bbox 1151 2340 1417 2401; x_wconf 86' lang='lat' dir='ltr'><strong>extensa</strong></span> <span class='ocrx_word' id='word_1_170' title='bbox 1443 2335 1842 2423; x_wconf 77' lang='lat' dir='ltr'><strong>(suspensa)</strong></span> <span class='ocrx_word' id='word_1_171' title='bbox 1869 2341 2040 2403; x_wconf 89' lang='lat' dir='ltr'><strong>esset</strong></span> <span class='ocrx_word' id='word_1_172' title='bbox 2065 2342 2273 2402; x_wconf 82' lang='lat' dir='ltr'><strong>trans-</strong></span> 
     </span>
     <span class='ocr_line' id='line_1_24' title="bbox 254 2424 2273 2510; baseline 0.001 -22"><span class='ocrx_word' id='word_1_173' title='bbox 254 2445 478 2489; x_wconf 84' lang='lat' dir='ltr'><strong>versae</strong></span> <span class='ocrx_word' id='word_1_174' title='bbox 524 2424 1013 2510; x_wconf 88' lang='lat' dir='ltr'><strong>contignationi,</strong></span> <span class='ocrx_word' id='word_1_175' title='bbox 1060 2446 1223 2508; x_wconf 88' lang='lat' dir='ltr'><strong>quae</strong></span> <span class='ocrx_word' id='word_1_176' title='bbox 1261 2425 1343 2489; x_wconf 89' lang='lat' dir='ltr'><strong>ab</strong></span> <span class='ocrx_word' id='word_1_177' title='bbox 1383 2428 1656 2510; x_wconf 88' lang='lat' dir='ltr'><strong>utraque</strong></span> <span class='ocrx_word' id='word_1_178' title='bbox 1693 2430 1879 2509; x_wconf 87' lang='lat' dir='ltr'><strong>parte</strong></span> <span class='ocrx_word' id='word_1_179' title='bbox 1916 2426 2273 2508; x_wconf 86' lang='lat' dir='ltr'><strong>parietibus</strong></span> 
     </span>
     <span class='ocr_line' id='line_1_25' title="bbox 256 2512 2276 2597; baseline 0.001 -22"><span class='ocrx_word' id='word_1_180' title='bbox 256 2512 514 2595; x_wconf 88' lang='lat' dir='ltr'><strong>domus,</strong></span> <span class='ocrx_word' id='word_1_181' title='bbox 568 2534 731 2597; x_wconf 89' lang='lat' dir='ltr'><strong>quae</strong></span> <span class='ocrx_word' id='word_1_182' title='bbox 784 2514 1097 2594; x_wconf 81' lang='lat' dir='ltr'><strong>venisset,</strong></span> <span class='ocrx_word' id='word_1_183' title='bbox 1152 2514 1594 2578; x_wconf 86' lang='lat' dir='ltr'><strong>sustineretur.</strong></span> <span class='ocrx_word' id='word_1_184' title='bbox 1686 2535 1805 2579; x_wconf 88' lang='lat' dir='ltr'><strong>nec</strong></span> <span class='ocrx_word' id='word_1_185' title='bbox 1858 2517 2080 2578; x_wconf 88' lang='lat' dir='ltr'><strong>tamen</strong></span> <span class='ocrx_word' id='word_1_186' title='bbox 2129 2536 2276 2580; x_wconf 90' lang='lat' dir='ltr'><strong>con·</strong></span> 
     </span>
     <span class='ocr_line' id='line_1_26' title="bbox 259 2600 2274 2688; baseline 0.001 -24"><span class='ocrx_word' id='word_1_187' title='bbox 259 2620 532 2685; x_wconf 88' lang='lat' dir='ltr'><strong>sequens</strong></span> <span class='ocrx_word' id='word_1_188' title='bbox 580 2609 696 2683; x_wconf 86' lang='lat' dir='ltr'><strong>est,</strong></span> <span class='ocrx_word' id='word_1_189' title='bbox 740 2603 815 2665; x_wconf 91' lang='lat' dir='ltr'><strong>ut</strong></span> <span class='ocrx_word' id='word_1_190' title='bbox 860 2600 1153 2685; x_wconf 88' lang='lat' dir='ltr'><strong>superior</strong></span> <span class='ocrx_word' id='word_1_191' title='bbox 1197 2624 1352 2687; x_wconf 88' lang='lat' dir='ltr'><strong>pars</strong></span> <span class='ocrx_word' id='word_1_192' title='bbox 1391 2601 1685 2688; x_wconf 90' lang='lat' dir='ltr'><strong>aedificii,</strong></span> <span class='ocrx_word' id='word_1_193' title='bbox 1729 2623 1891 2685; x_wconf 86' lang='lat' dir='ltr'><strong>quae</strong></span> <span class='ocrx_word' id='word_1_194' title='bbox 1927 2601 2093 2666; x_wconf 90' lang='lat' dir='ltr'><strong>nulli</strong></span> <span class='ocrx_word' id='word_1_195' title='bbox 2130 2624 2274 2668; x_wconf 90' lang='lat' dir='ltr'><strong>con-</strong></span> 
     </span>
     <span class='ocr_line' id='line_1_27' title="bbox 256 2688 2276 2773; baseline 0.001 -20"><span class='ocrx_word' id='word_1_196' title='bbox 256 2690 479 2753; x_wconf 87' lang='lat' dir='ltr'><strong>iuncta</strong></span> <span class='ocrx_word' id='word_1_197' title='bbox 532 2689 621 2753; x_wconf 90' lang='lat' dir='ltr'><strong>sit</strong></span> <span class='ocrx_word' id='word_1_198' title='bbox 671 2710 879 2773; x_wconf 86' lang='lat' dir='ltr'><strong>neque</strong></span> <span class='ocrx_word' id='word_1_199' title='bbox 935 2688 1181 2753; x_wconf 88' lang='lat' dir='ltr'><strong>aditum</strong></span> <span class='ocrx_word' id='word_1_200' title='bbox 1238 2688 1495 2754; x_wconf 87' lang='lat' dir='ltr'><strong>aliunde</strong></span> <span class='ocrx_word' id='word_1_201' title='bbox 1541 2690 1799 2771; x_wconf 88' lang='lat' dir='ltr'><strong>habeat,</strong></span> <span class='ocrx_word' id='word_1_202' title='bbox 1863 2690 2125 2755; x_wconf 88' lang='lat' dir='ltr'><strong>alterius</strong></span> <span class='ocrx_word' id='word_1_203' title='bbox 2173 2690 2276 2773; x_wconf 84' lang='lat' dir='ltr'><strong>sit,</strong></span> 
     </span>
     <span class='ocr_line' id='line_1_28' title="bbox 259 2777 1702 2863; baseline 0.002 -21"><span class='ocrx_word' id='word_1_204' title='bbox 259 2800 453 2863; x_wconf 89' lang='lat' dir='ltr'><strong>quam</strong></span> <span class='ocrx_word' id='word_1_205' title='bbox 501 2777 681 2844; x_wconf 90' lang='lat' dir='ltr'><strong>cuius</strong></span> <span class='ocrx_word' id='word_1_206' title='bbox 729 2783 827 2843; x_wconf 90' lang='lat' dir='ltr'><strong>est</strong></span> <span class='ocrx_word' id='word_1_207' title='bbox 870 2779 936 2843; x_wconf 89' lang='lat' dir='ltr'><strong>id</strong></span> <span class='ocrx_word' id='word_1_208' title='bbox 984 2778 1086 2844; x_wconf 89' lang='lat' dir='ltr'><strong>cui</strong></span> <span class='ocrx_word' id='word_1_209' title='bbox 1133 2778 1540 2863; x_wconf 86' lang='lat' dir='ltr'><strong>superposita</strong></span> <span class='ocrx_word' id='word_1_210' title='bbox 1585 2785 1702 2845; x_wconf 88' lang='lat' dir='ltr'><strong>est.</strong></span> 
     </span>
    </p>
   </div>
   <div class='ocr_carea' id='block_1_8' title="bbox 1251 2972 1287 3039">
    <p class='ocr_par' dir='ltr' id='par_1_8' title="bbox 1251 2972 1287 3039">
     <span class='ocr_line' id='line_1_29' title="bbox 1251 2972 1287 3039; baseline 0 0"><span class='ocrx_word' id='word_1_211' title='bbox 1251 2972 1287 3039; x_wconf 78' lang='lat'><strong>⁶?</strong></span> 
     </span>
    </p>
   </div>
   <div class='ocr_carea' id='block_1_9' title="bbox 259 3087 2280 3265">
    <p class='ocr_par' dir='ltr' id='par_1_9' title="bbox 259 3087 2280 3265">
     <span class='ocr_line' id='line_1_30' title="bbox 438 3087 2279 3171; baseline 0.002 -17"><span class='ocrx_word' id='word_1_212' title='bbox 438 3090 543 3154; x_wconf 84' lang='lat'><strong>54.</strong></span> <span class='ocrx_word' id='word_1_213' title='bbox 606 3087 685 3153; x_wconf 92' lang='lat' dir='ltr'><strong>D.</strong></span> <span class='ocrx_word' id='word_1_214' title='bbox 727 3091 783 3171; x_wconf 90' lang='lat'><strong>1,</strong></span> <span class='ocrx_word' id='word_1_215' title='bbox 821 3090 881 3167; x_wconf 85' lang='lat'><strong>3,</strong></span> <span class='ocrx_word' id='word_1_216' title='bbox 919 3090 1022 3157; x_wconf 83' lang='lat'><strong>21.</strong></span> <span class='ocrx_word' id='word_1_217' title='bbox 1122 3088 1426 3155; x_wconf 87' lang='lat' dir='ltr'><strong>Neratius</strong></span> <span class='ocrx_word' id='word_1_218' title='bbox 1493 3090 1659 3156; x_wconf 89' lang='lat' dir='ltr'><strong>libro</strong></span> <span class='ocrx_word' id='word_1_219' title='bbox 1717 3094 1896 3159; x_wconf 80' lang='lat' dir='ltr'><strong>sexto</strong></span> <span class='ocrx_word' id='word_1_220' title='bbox 1954 3090 2279 3157; x_wconf 87' lang='lat' dir='ltr'><strong>Membra-</strong></span> 
     </span>
     <span class='ocr_line' id='line_1_31' title="bbox 259 3176 2280 3265; baseline 0.001 -22"><span class='ocrx_word' id='word_1_221' title='bbox 259 3201 511 3245; x_wconf 85' lang='lat' dir='ltr'><strong>narum.</strong></span> <span class='ocrx_word' id='word_1_222' title='bbox 549 3214 634 3225; x_wconf 92' lang='lat'><em>-</em></span> <span class='ocrx_word' id='word_1_223' title='bbox 673 3176 762 3243; x_wconf 84' lang='lat' dir='ltr'><strong>Et</strong></span> <span class='ocrx_word' id='word_1_224' title='bbox 796 3178 939 3245; x_wconf 90' lang='lat' dir='ltr'><strong>ideo</strong></span> <span class='ocrx_word' id='word_1_225' title='bbox 978 3179 1261 3245; x_wconf 87' lang='lat' dir='ltr'><strong>rationes</strong></span> <span class='ocrx_word' id='word_1_226' title='bbox 1299 3201 1542 3264; x_wconf 88' lang='lat' dir='ltr'><strong>eorum,</strong></span> <span class='ocrx_word' id='word_1_227' title='bbox 1579 3202 1742 3265; x_wconf 84' lang='lat' dir='ltr'><strong>quae</strong></span> <span class='ocrx_word' id='word_1_228' title='bbox 1779 3182 2280 3265; x_wconf 88' lang='lat' dir='ltr'><strong>constituuntur,</strong></span> 
     </span>
    </p>
   </div>
   <div class='ocr_carea' id='block_1_10' title="bbox 260 3268 2282 3421">
    <p class='ocr_par' dir='ltr' id='par_1_10' title="bbox 260 3268 2282 3421">
     <span class='ocr_line' id='line_1_32' title="bbox 260 3268 2282 3355; baseline 0.002 -24"><span class='ocrx_word' id='word_1_229' title='bbox 260 3268 501 3352; x_wconf 86' lang='lat' dir='ltr'><strong>inquiri</strong></span> <span class='ocrx_word' id='word_1_230' title='bbox 544 3289 674 3332; x_wconf 88' lang='lat' dir='ltr'><strong>non</strong></span> <span class='ocrx_word' id='word_1_231' title='bbox 721 3271 1005 3351; x_wconf 81' lang='lat' dir='ltr'><strong>oportet3</strong></span> <span class='ocrx_word' id='word_1_232' title='bbox 1055 3268 1344 3353; x_wconf 88' lang='lat' dir='ltr'><strong>alioquin</strong></span> <span class='ocrx_word' id='word_1_233' title='bbox 1391 3270 1598 3333; x_wconf 89' lang='lat' dir='ltr'><strong>multa</strong></span> <span class='ocrx_word' id='word_1_234' title='bbox 1645 3291 1723 3335; x_wconf 85' lang='lat' dir='ltr'><strong>ex</strong></span> <span class='ocrx_word' id='word_1_235' title='bbox 1759 3268 1860 3335; x_wconf 88' lang='lat' dir='ltr'><strong>his</strong></span> <span class='ocrx_word' id='word_1_236' title='bbox 1900 3292 2065 3355; x_wconf 83' lang='lat' dir='ltr'><strong>quae</strong></span> <span class='ocrx_word' id='word_1_237' title='bbox 2103 3275 2282 3335; x_wconf 86' lang='lat' dir='ltr'><strong>certa</strong></span> 
     </span>
     <span class='ocr_line' id='line_1_33' title="bbox 262 3356 937 3421; baseline -0.001 0"><span class='ocrx_word' id='word_1_238' title='bbox 262 3360 417 3421; x_wconf 87' lang='lat' dir='ltr'><strong>sunt</strong></span> <span class='ocrx_word' id='word_1_239' title='bbox 462 3356 937 3421; x_wconf 84' lang='lat' dir='ltr'><strong>subvertuntur.</strong></span> 
     </span>
    </p>
   </div>
   <div class='ocr_carea' id='block_1_11' title="bbox 264 3462 2280 3635">
    <p class='ocr_par' dir='ltr' id='par_1_11' title="bbox 264 3462 2280 3635">
     <span class='ocr_line' id='line_1_34' title="bbox 442 3462 2280 3548; baseline 0 -21"><span class='ocrx_word' id='word_1_240' title='bbox 442 3467 515 3528; x_wconf 88' lang='lat' dir='ltr'><strong>cf.</strong></span> <span class='ocrx_word' id='word_1_241' title='bbox 541 3467 844 3526; x_wconf 83' lang='lat' dir='ltr'><strong>Iulianum</strong></span> <span class='ocrx_word' id='word_1_242' title='bbox 873 3467 945 3527; x_wconf 90' lang='lat' dir='ltr'><strong>D.</strong></span> <span class='ocrx_word' id='word_1_243' title='bbox 981 3471 1035 3544; x_wconf 90' lang='lat'><strong>1,</strong></span> <span class='ocrx_word' id='word_1_244' title='bbox 1066 3469 1125 3540; x_wconf 89' lang='lat'><strong>3,</strong></span> <span class='ocrx_word' id='word_1_245' title='bbox 1157 3470 1258 3529; x_wconf 85' lang='lat'><strong>20.</strong></span> <span class='ocrx_word' id='word_1_246' title='bbox 1297 3462 1456 3528; x_wconf 75' lang='lat' dir='ltr'><strong>‘Non</strong></span> <span class='ocrx_word' id='word_1_247' title='bbox 1485 3469 1751 3529; x_wconf 87' lang='lat' dir='ltr'><strong>omnium</strong></span> <span class='ocrx_word' id='word_1_248' title='bbox 1781 3489 1932 3548; x_wconf 87' lang='lat' dir='ltr'><strong>quae</strong></span> <span class='ocrx_word' id='word_1_249' title='bbox 1969 3488 2006 3529; x_wconf 87' lang='lat' dir='ltr'><strong>a</strong></span> <span class='ocrx_word' id='word_1_250' title='bbox 2043 3468 2280 3529; x_wconf 87' lang='lat' dir='ltr'><strong>maiori·</strong></span> 
     </span>
     <span class='ocr_line' id='line_1_35' title="bbox 264 3552 1673 3635; baseline 0.002 -19"><span class='ocrx_word' id='word_1_251' title='bbox 264 3556 377 3616; x_wconf 89' lang='lat' dir='ltr'><strong>bus</strong></span> <span class='ocrx_word' id='word_1_252' title='bbox 424 3554 753 3616; x_wconf 87' lang='lat' dir='ltr'><strong>constituta</strong></span> <span class='ocrx_word' id='word_1_253' title='bbox 798 3559 965 3635; x_wconf 87' lang='lat' dir='ltr'><strong>sunt,</strong></span> <span class='ocrx_word' id='word_1_254' title='bbox 1011 3558 1169 3619; x_wconf 90' lang='lat' dir='ltr'><strong>ratio</strong></span> <span class='ocrx_word' id='word_1_255' title='bbox 1214 3557 1386 3617; x_wconf 90' lang='lat' dir='ltr'><strong>reddi</strong></span> <span class='ocrx_word' id='word_1_256' title='bbox 1431 3552 1673 3635; x_wconf 87' lang='lat' dir='ltr'><strong>potest&#39;.</strong></span> 
     </span>
    </p>
   </div>
  </div>
 </body>
</html>
