2575 3900
328 158 461 223 168
494 158 589 215 111.
610 157 762 212 GAII
781 156 1075 213 CLAUDII
1092 156 1365 214 NEBON.
1385 156 1674 213 GALBAE
1695 158 1911 215 TEMP.
1929 158 2123 214 IURIS
2144 159 2349 218 CONS.

328 320 635 403 adfuerit,
694 320 865 405 quod
919 319 1285 386 valetudine
1341 320 1446 385 vel
1500 321 1592 386 rei
1644 321 1938 405 publicae
1993 343 2187 388 causa
2239 322 2352 387 ab·

328 409 538 475 sentia
591 410 938 492 impeditus
995 408 1081 473 sit
1126 413 1240 475 aut
1284 410 1673 494 magistratu
1720 414 1834 475 aut
1878 410 2006 475 alia
2052 411 2225 475 iusta
2269 412 2352 476 de

327 520 543 581 causa,
590 519 868 581 poenam
915 498 1231 562 committi
1274 496 1589 564 Proculus
1638 503 1704 564 et
1747 498 2095 564 Atilicinus
2143 500 2350 584 aiunt;

329 587 440 651 sed
487 588 543 650 si
587 591 852 671 paratus
899 585 983 651 sit
1030 587 1096 650 in
1136 587 1406 651 eundem
1441 586 1982 671 compromittere,
2030 588 2352 653 actionem

326 675 631 760 denegari
678 680 791 739 aut
836 676 1209 758 exceptione
1253 679 1469 740 tutum
1514 675 1670 741 fore.

504 766 562 829 6.
610 763 688 828 D.
714 764 777 847 4,
802 764 859 846 8,
880 765 985 847 23,
1010 766 1063 829 1.
1155 763 1471 848 Ulpianus
1517 764 1685 828 libro
1731 764 1925 828 tertio
1974 765 2220 830 decimo
2269 764 2351 829 ad

328 853 605 919 edictum
642 852 739 937 (P.
766 849 977 939 461b).
1029 890 1106 900 —
1156 850 1417 938 (Celsus
1463 853 1586 934 ait,
1634 854 1690 917 si
1735 853 1977 918 arbiter
2021 853 2198 917 intra
2241 853 2351 917 ka-

328 941 552 1006 lendas
602 940 1012 1025 Septembres
1069 940 1209 1005 dari
1252 940 1514 1005 iusserit
1558 962 1677 1005 nec
1722 941 1947 1008 datum
1995 943 2143 1023 erit,
2196 941 2350 1006 licet

324 1034 556 1115 postea
610 1030 945 1114 offeratur,
1002 1032 1292 1093 attamen
1346 1030 1544 1093 semel
1603 1031 2014 1095 commissam
2070 1050 2349 1114 poenam

326 1118 779 1203 compromissi
831 1140 963 1184 non
1010 1139 1418 1201 evanescere,
1476 1118 1784 1203 'quoniam
1831 1140 2083 1202 semper
2126 1134 2350 1184 verum

327 1212 428 1273 est
465 1207 640 1273 intra
674 1208 979 1272 kalendas
1019 1207 1243 1271 datum
1278 1227 1411 1271 non
1451 1228 1618 1291 esse3
1665 1208 1766 1271 sin
1804 1210 2021 1271 autem
2058 1208 2352 1272 oblatum

328 1297 608 1381 accepit,
677 1318 954 1379 poenam
1017 1300 1238 1379 petere
1302 1318 1432 1360 non
1493 1298 1713 1379 potest
1776 1295 1910 1361 doli
1973 1297 2350 1380 exceptione

324 1385 767 1451 removendus.
822 1388 1049 1450 contra
1110 1384 1222 1450 ubi
1297 1383 1636 1448 dumtaxat
1708 1384 1861 1448 dare
1923 1384 2137 1449 iussus
2203 1381 2350 1470 est.)

324 1473 504 1538 Idem
562 1474 679 1558 ait,
743 1474 800 1538 si
854 1472 1115 1537 iusserit
1170 1493 1272 1536 me
1326 1472 1450 1537 tibi
1504 1472 1657 1537 dare
1713 1476 1780 1537 et
1830 1471 2198 1537 valetudine
2257 1473 2348 1537 sis

322 1563 691 1647 impeditae,
738 1583 865 1647 quo
903 1561 1116 1624 minus
1156 1560 1456 1644 accipias,
1495 1566 1609 1625 aut
1644 1560 1772 1626 alia
1807 1561 1981 1625 iusta
2016 1582 2095 1625 ex
2131 1582 2345 1645 causa,

324 1650 672 1717 Proculum
736 1649 1105 1714 existimare
1162 1671 1438 1732 poenam
1499 1671 1634 1714 non
1698 1649 2042 1733 committi,
2104 1670 2222 1714 nec
2288 1651 2345 1713 si

325 1744 479 1823 post
520 1739 830 1803 kalendas
875 1741 941 1801 te
987 1743 1214 1821 parato
1265 1738 1552 1822 accipere
1599 1759 1729 1802 non
1777 1740 1937 1803 dem.

920 1896 1022 1962 De
1062 1897 1406 1981 sumptibus
1445 1897 1754 1980 funerum.

504 2015 563 2078 7.
634 2012 712 2077 D.
762 2014 865 2098 11,
913 2013 969 2094 7,
1020 2014 1118 2096 14,
1168 2014 1269 2080 11.
1378 2013 1699 2098 Ulpianus
1765 2013 1935 2078 libro
1999 2003 2350 2081 vicensimo

327 2102 555 2186 quinto
604 2102 686 2165 ad
731 2102 1005 2166 edictum
1057 2101 1156 2186 (P.
1188 2100 1364 2189 752).
1409 2139 1484 2148 —
1527 2099 1598 2166 Si
1643 2102 1808 2185 quis,
1853 2101 2005 2165 dum
2053 2123 2120 2166 se
2168 2103 2351 2166 here-

325 2194 471 2255 dem
542 2194 760 2276 putat,
839 2193 1092 2274 patrem
1164 2191 1448 2255 familias
1521 2190 1941 2275 funeraverit,
2023 2190 2350 2256 funeraria

326 2279 580 2346 actione
643 2279 744 2343 uti
806 2301 938 2344 non
1001 2280 1270 2363 poterit,
1335 2278 1488 2364 quia
1549 2301 1677 2344 non
1740 2278 1864 2343 hoc
1925 2279 2140 2344 animo
2197 2279 2351 2344 fecit

325 2369 515 2453 quasi
569 2367 850 2433 alienum
908 2368 1241 2453 negotium
1299 2388 1547 2453 gerens.
1642 2369 1706 2431 et
1754 2367 1848 2431 ita
1894 2367 2236 2432 Trebatius
2285 2371 2354 2432 et

322 2456 635 2522 Proculus
680 2459 929 2541 putant.

1141 2543 1241 2608 De
1270 2544 1531 2628 peculia

502 2664 560 2728 8.
605 2661 685 2726 D.
711 2661 811 2744 15,
833 2661 890 2744 1,
909 2661 995 2726 30
1012 2683 1104 2742 pr.
1198 2656 1516 2742 Ulpianus
1564 2657 1731 2723 libro
1777 2657 2126 2724 vicensimo
2174 2681 2346 2725 nono

325 2751 406 2815 ad
448 2750 725 2815 edictum
767 2748 865 2837 (P.
886 2747 1065 2834 861).
1108 2785 1185 2795 -
1227 2747 1604 2822 Quaesitum
1643 2750 1759 2830 est,
1805 2769 1888 2811 an
1923 2751 2141 2812 teneat
2177 2749 2345 2813 actio

324 2838 404 2902 de
449 2838 727 2921 peculio,
783 2838 1035 2902 etiamsi
1082 2835 1245 2900 nihil
1292 2836 1380 2899 sit
1424 2837 1493 2899 in
1537 2837 1791 2918 peculio
1839 2857 1985 2900 oum
2029 2846 2349 2921 ageretur,

326 2926 383 2991 si
420 2927 610 2991 modo
650 2926 737 2989 sit
771 2926 863 2989 rei
901 2925 1217 2989 iudicatae
1244 2927 1558 3008 tempore.
1627 2923 1938 2988 Proculus
1969 2928 2033 2988 et
2057 2923 2347 3011 Pegasus

322 3013 531 3079 nihilo
606 3014 817 3077 minus
890 3010 1140 3076 tenerel
1212 3013 1421 3095 aiunt3
1493 3012 1848 3077 intenditur
1921 3013 2093 3076 enim
2156 3017 2349 3098 recte,

326 3102 583 3168 etiamsi
646 3100 812 3164 nihil
877 3101 963 3165 sit
1026 3103 1094 3165 in
1156 3102 1430 3186 peculio,
1529 3101 1701 3165 idem
1759 3105 1825 3165 et
1881 3101 2051 3166 circa
2105 3102 2187 3166 ad
2243 3124 2347 3166 ex-

323 3191 677 3256 hibendum
724 3193 788 3254 et
834 3189 903 3253 in
948 3211 1084 3254 rem
1131 3190 1451 3254 actionem
1498 3190 1761 3274 placuit.

504 3278 563 3344 9.
610 3277 689 3343 D.
724 3279 823 3363 14,
842 3279 901 3363 5,
920 3280 981 3363 4,
1002 3279 1061 3344 5.
1150 3278 1331 3342 Idem
1377 3276 1492 3361 (sc.
1523 3274 1873 3365 Ulpianus)
1921 3277 2089 3344 libro
2137 3278 2346 3343 vicen-

326 3369 491 3433 simo
542 3389 715 3434 nono
764 3369 842 3432 ad
890 3369 1167 3433 edietum
1217 3364 1317 3452 (P.
1347 3362 1524 3452 871).
1570 3405 1659 3414 -
1701 3365 1768 3432 Is
1815 3368 1922 3451 qui
1970 3366 2047 3431 de
2092 3367 2343 3451 peculio

469 3532 497 3579 1
541 3526 635 3581 Fl.
670 3526 862 3581 teneri.
