2575 3900
806 229 858 281 4.
903 224 967 279 L.
1005 223 1371 280 NERATIUS
1407 223 1704 281 PRISCUS
2130 226 2257 291 307

793 427 899 491 VI.
964 428 1469 504 Epistularum
1514 428 1706 488 libri.

413 553 496 612 Hi
531 547 693 630 libri,
730 571 985 628 quorum
1034 553 1098 612 in
1144 553 1336 612 indice
1373 553 1719 613 Florentino
1756 552 1980 612 mentio
2016 571 2136 612 non
2171 554 2260 634 fit,

235 643 313 702 ab
349 660 469 701 uno
497 641 756 718 Ulpiano
793 641 1134 702 laudantur.
1207 643 1366 719 quod
1403 643 1466 702 in
1500 643 1856 720 fragmentis
1894 641 1970 700 ab
1998 640 2259 718 Ulpiano

234 731 440 791 allatis
476 730 714 791 Neratii
760 748 1114 806 responsum
1151 731 1472 807 profertur,
1514 730 1654 790 libri
1690 730 2104 806 Epistularum
2139 750 2259 792 non

234 819 340 878 alii
392 819 739 880 viderentur
794 837 923 878 esse
977 821 1158 895 atque
1212 819 1680 896 Responsorum,
1745 818 1865 878 nisi
1916 818 2258 880 traderetur

232 909 678 985 Responsorum
732 907 919 967 libros
972 911 1098 967 tres
1162 908 1498 985 scripsisse,
1542 907 1953 985 Epistolarum
2008 912 2257 986 quartus

231 998 601 1057 laudaretur
694 999 832 1056 ante
877 996 1194 1055 Neratium
1238 996 1653 1072 Epistularum
1707 996 1895 1056 libros
1942 995 2258 1057 ediderunt

230 1086 432 1146 Labeo
471 1078 581 1166 (ΙΙ,
612 1088 644 1144 1
677 1105 736 1162 p.
766 1080 920 1159 147)
962 1087 1022 1144 et
1052 1085 1344 1146 Proculus
1384 1080 1595 1164 (supra
1622 1106 1680 1162 p.
1712 1076 1897 1167 111);
1942 1089 2081 1161 post
2118 1104 2255 1144 eum

234 1173 451 1234 Celsus
480 1167 575 1255 (P.
598 1165 729 1256 13),
758 1173 1079 1233 Africanus
1108 1168 1197 1252 (P.
1223 1167 1311 1254 1),
1339 1173 1705 1251 Pomponius
1735 1166 1832 1254 (P.
1860 1175 2070 1234 187—
1992 1166 2256 1256 -210).

1062 1385 1276 1445 Liber
1321 1385 1426 1446 IV.

1058 1504 1158 1569 De
1202 1505 1428 1587 leyatis.

800 1617 893 1676 De
935 1619 1214 1676 instructo
1258 1617 1442 1688 fwndo
1487 1617 1685 1691 leyaw.

138 1755 151 1762 -
412 1719 467 1784 1.
523 1716 599 1784 D.
629 1718 734 1802 33,
765 1719 821 1796 7,
854 1719 955 1802 12,
984 1717 1090 1784 35.
1178 1715 1499 1800 Ulpianus
1557 1717 1726 1782 libro
1774 1716 2121 1782 vicensimo
2171 1719 2252 1784 ad

230 1804 544 1873 Sabinum
582 1803 681 1892 (P.
701 1803 925 1894 2611).
968 1843 1042 1852 -
1084 1804 1392 1870 Neratius
1432 1855 1481 1870 ..
1520 1805 1687 1871 libro
1728 1811 1957 1891 quarto
1986 1806 2250 1891 Epistu-

227 1898 438 1961 larum
461 1895 697 1961 Rufino
726 1895 1063 1979 respondit
1088 1895 1408 1961 instructo
1435 1893 1635 1960 fundo
1656 1899 1722 1961 et
1741 1896 2250 1980 suppellectilem

228 1991 294 2051 et
338 1986 491 2050 vina
528 1986 953 2070 et·mancipia
989 2007 1118 2051 non
1158 1984 1370 2050 solum
1408 1984 1488 2048 ad
1527 1985 1772 2050 cultum
1807 1984 2248 2051 custodiamve

225 2074 447 2156 villae,
492 2074 607 2139 sed
644 2075 840 2138 etiam
888 2095 1069 2159 quae,
1113 2077 1188 2137 ut
1231 2073 1360 2157 ipsi
1405 2074 1578 2156 patri
1624 2073 1900 2139 familias
1948 2074 2015 2137 in
2063 2074 2248 2139 mini-

226 2163 424 2228 sterio
472 2162 789 2248 <essent>‚
836 2163 930 2227 ibi
977 2166 1216 2245 essent,
1264 2164 1483 2246 legato
1533 2162 1773 2227 cedere.

791 2344 885 2404 De
928 2346 1102 2405 domu
1144 2348 1430 2404 instructa
1474 2346 1678 2419 leyata.

404 2446 461 2512 2.
500 2446 577 2512 D.
597 2445 754 2511 ibid.
772 2446 935 2527 543.
970 2481 1043 2492 —
1116 2442 1472 2510 ,Neratius
1509 2444 1676 2509 libro
1715 2450 1944 2529 quarto
1982 2445 2245 2530 Epistu-

225 2536 438 2599 larum
478 2534 784 2600 Marcello
831 2534 1021 2600 fratri
1069 2555 1184 2598 suo
1231 2533 1570 2635 respondit
1613 2537 1678 2597 et
1724 2536 1964 2597 vestem
2016 2535 2242 2600 domus

224 2624 578 2689 instructae
637 2624 854 2708 legato
911 2622 1253 2705 contineri,
1315 2622 1613 2701 maxime,
1677 2620 1914 2706 inquit,
1975 2623 2046 2687 in
2092 2643 2240 2704 pro-

210 2714 425 2797 posita
467 2712 699 2800 specie.
741 2710 1228 2795 proponebatur
1260 2709 1449 2793 enim,
1487 2709 1598 2794 qui
1634 2710 1979 2793 legaverat,
2016 2730 2242 2795 argen-

218 2810 361 2866 tum
418 2800 484 2865 et
536 2790 821 2865 rationes
870 2800 1222 2884 excepisse.
1274 2819 1426 2863 nam
1480 2800 1589 2881 qui
1631 2798 1802 2884 haec,
1856 2798 2091 2902 inquit,
2136 2819 2240 2864 ex-

217 2891 391 2975 cepit,
435 2910 561 2954 non
594 2894 795 2972 potest
836 2910 962 2955 non
1004 2889 1199 2953 videri
1241 2889 1315 2953 de
1358 2890 1567 2953 ceteris
1610 2888 1812 2967 rebus,
1855 2909 2011 2971 quae
2053 2890 2125 2953 in
2168 2910 2241 2955 ea

218 2984 440 3061 essent,
484 2979 757 3043 sensisse.

927 3089 1021 3148 Ex
1064 3089 1305 3149 incertis
1349 3087 1537 3149 libris.

982 3213 1076 3273 De
1118 3214 1468 3274 stamibero.

399 3314 486 3381 3?
539 3314 619 3380 D.
648 3316 751 3400 35,
787 3320 839 3393 1,
870 3316 1017 3398 112,
1050 3315 1109 3380 3.
1196 3314 1371 3379 Idem
1429 3310 1544 3401 (sc
1590 3310 2010 3399 Pomponius)
2066 3312 2234 3378 libro

219 3403 598 3470 duodecimo
643 3402 1096 3488 Epistularum
1132 3399 1231 3490 (P.
1260 3400 1439 3505 203).
1474 3438 1564 3450 —
1601 3402 1860 3467 Priscus
1905 3401 2238 3485 respondit

220 3492 678 3559 statuliberum
724 3514 852 3558 non
887 3493 1108 3577 utique
1144 3490 1234 3556 ibi
1274 3491 1385 3555 ubi
1421 3497 1607 3576 pater
1641 3490 1924 3556 familias
1963 3490 2238 3555 decessit

218 3581 365 3668 [aut
401 3582 513 3647 ubi
552 3582 690 3665 ipse
728 3581 991 3646 relictus
1030 3581 1115 3645 sit
1141 3583 1255 3644 aut
1281 3580 1393 3644 ubi
1420 3578 1626 3664 velit],
1654 3580 1940 3644 rationes
1968 3579 2231 3644 reddere

1701 3681 1810 3736 20*
