<?xml version="1.0" encoding="UTF-8"?>
<!DOCTYPE html PUBLIC "-//W3C//DTD XHTML 1.0 Transitional//EN"
    "http://www.w3.org/TR/xhtml1/DTD/xhtml1-transitional.dtd">
<html xmlns="http://www.w3.org/1999/xhtml" xml:lang="en" lang="en">
 <head>
  <title>
</title>
<meta http-equiv="Content-Type" content="text/html;charset=utf-8" />
  <meta name='ocr-system' content='tesseract 3.04.00' />
  <meta name='ocr-capabilities' content='ocr_page ocr_carea ocr_par ocr_line ocrx_word'/>
</head>
<body>
  <div class='ocr_page' id='page_1' title='image "./iurisprudentiae00unkngoog_0158.png"; bbox 0 0 2575 3900; ppageno 0'>
   <div class='ocr_carea' id='block_1_1' title="bbox 353 176 2365 241">
    <p class='ocr_par' dir='ltr' id='par_1_1' title="bbox 353 176 2365 241">
     <span class='ocr_line' id='line_1_1' title="bbox 353 176 2365 241; baseline 0.002 -11"><span class='ocrx_word' id='word_1_1' title='bbox 353 177 480 241; x_wconf 82' lang='grc'>122</span> <span class='ocrx_word' id='word_1_2' title='bbox 516 176 607 232; x_wconf 90' lang='grc' dir='ltr'><strong>ΙΙΙ.</strong></span> <span class='ocrx_word' id='word_1_3' title='bbox 629 176 782 233; x_wconf 84' lang='lat' dir='ltr'>GAII</span> <span class='ocrx_word' id='word_1_4' title='bbox 802 177 1099 233; x_wconf 78' lang='lat' dir='ltr'>CLAUDII</span> <span class='ocrx_word' id='word_1_5' title='bbox 1117 176 1387 233; x_wconf 73' lang='lat' dir='ltr'><strong>NERON.</strong></span> <span class='ocrx_word' id='word_1_6' title='bbox 1408 176 1696 233; x_wconf 84' lang='lat' dir='ltr'>GALBAE</span> <span class='ocrx_word' id='word_1_7' title='bbox 1717 177 1930 234; x_wconf 81' lang='lat' dir='ltr'><strong>TEMP.</strong></span> <span class='ocrx_word' id='word_1_8' title='bbox 1951 179 2142 234; x_wconf 81' lang='lat' dir='ltr'>IURIS</span> <span class='ocrx_word' id='word_1_9' title='bbox 2162 179 2365 236; x_wconf 81' lang='lat' dir='ltr'><strong>CONS.</strong></span> 
     </span>
    </p>
   </div>
   <div class='ocr_carea' id='block_1_2' title="bbox 346 338 2366 777">
    <p class='ocr_par' dir='ltr' id='par_1_2' title="bbox 346 338 2366 777">
     <span class='ocr_line' id='line_1_2' title="bbox 347 338 2366 425; baseline 0.001 -20"><span class='ocrx_word' id='word_1_10' title='bbox 347 375 431 388; x_wconf 85' lang='lat'>-</span> <span class='ocrx_word' id='word_1_11' title='bbox 470 339 537 405; x_wconf 88' lang='lat' dir='ltr'>Si</span> <span class='ocrx_word' id='word_1_12' title='bbox 584 339 721 404; x_wconf 86' lang='lat' dir='ltr'>filia</span> <span class='ocrx_word' id='word_1_13' title='bbox 766 339 1049 404; x_wconf 81' lang='lat' dir='ltr'><strong>familias</strong></span> <span class='ocrx_word' id='word_1_14' title='bbox 1094 343 1301 425; x_wconf 88' lang='lat' dir='ltr'>nupta</span> <span class='ocrx_word' id='word_1_15' title='bbox 1347 338 1691 405; x_wconf 73' lang='lat' dir='ltr'>decesserit</span> <span class='ocrx_word' id='word_1_16' title='bbox 1735 343 1803 405; x_wconf 88' lang='lat' dir='ltr'>et</span> <span class='ocrx_word' id='word_1_17' title='bbox 1845 344 2031 424; x_wconf 87' lang='lat' dir='ltr'>pater</span> <span class='ocrx_word' id='word_1_18' title='bbox 2073 341 2266 406; x_wconf 87' lang='lat' dir='ltr'>funus</span> <span class='ocrx_word' id='word_1_19' title='bbox 2303 343 2366 407; x_wconf 89' lang='lat' dir='ltr'>ei</span> 
     </span>
     <span class='ocr_line' id='line_1_3' title="bbox 346 427 2366 514; baseline 0 -21"><span class='ocrx_word' id='word_1_20' title='bbox 346 429 586 512; x_wconf 88' lang='lat' dir='ltr'>fecerit,</span> <span class='ocrx_word' id='word_1_21' title='bbox 628 428 890 492; x_wconf 89' lang='lat' dir='ltr'>tametsi</span> <span class='ocrx_word' id='word_1_22' title='bbox 936 429 997 493; x_wconf 91' lang='lat' dir='ltr'>ei</span> <span class='ocrx_word' id='word_1_23' title='bbox 1043 427 1258 493; x_wconf 91' lang='lat' dir='ltr'>dotem</span> <span class='ocrx_word' id='word_1_24' title='bbox 1305 449 1522 493; x_wconf 77' lang='lat' dir='ltr'>annua</span> <span class='ocrx_word' id='word_1_25' title='bbox 1566 429 1733 494; x_wconf 81' lang='lat' dir='ltr'>bima</span> <span class='ocrx_word' id='word_1_26' title='bbox 1769 431 1961 495; x_wconf 71' lang='lat' dir='ltr'>trima</span> <span class='ocrx_word' id='word_1_27' title='bbox 2000 429 2132 495; x_wconf 78' lang='lat' dir='ltr'>die¹</span> <span class='ocrx_word' id='word_1_28' title='bbox 2171 450 2366 514; x_wconf 86' lang='lat' dir='ltr'>gener</span> 
     </span>
     <span class='ocr_line' id='line_1_4' title="bbox 348 515 2358 604; baseline 0 -22"><span class='ocrx_word' id='word_1_29' title='bbox 348 517 612 582; x_wconf 84' lang='lat' dir='ltr'>reddere</span> <span class='ocrx_word' id='word_1_30' title='bbox 660 515 947 600; x_wconf 89' lang='lat' dir='ltr'>deberet,</span> <span class='ocrx_word' id='word_1_31' title='bbox 1000 520 1217 581; x_wconf 87' lang='lat' dir='ltr'>tamen</span> <span class='ocrx_word' id='word_1_32' title='bbox 1263 517 1568 581; x_wconf 86' lang='lat' dir='ltr'>continuo</span> <span class='ocrx_word' id='word_1_33' title='bbox 1615 538 1796 582; x_wconf 87' lang='lat' dir='ltr'>socer</span> <span class='ocrx_word' id='word_1_34' title='bbox 1841 519 2091 604; x_wconf 86' lang='lat' dir='ltr'>agendo</span> <span class='ocrx_word' id='word_1_35' title='bbox 2139 539 2358 585; x_wconf 89' lang='lat' dir='ltr'>conse-</span> 
     </span>
     <span class='ocr_line' id='line_1_5' title="bbox 346 605 2361 692; baseline 0.001 -23"><span class='ocrx_word' id='word_1_36' title='bbox 346 609 594 692; x_wconf 88' lang='lat' dir='ltr'>quetur,</span> <span class='ocrx_word' id='word_1_37' title='bbox 630 609 704 670; x_wconf 91' lang='lat' dir='ltr'>ut</span> <span class='ocrx_word' id='word_1_38' title='bbox 728 605 1086 690; x_wconf 85' lang='lat' dir='ltr'>impensam</span> <span class='ocrx_word' id='word_1_39' title='bbox 1116 605 1360 670; x_wconf 87' lang='lat' dir='ltr'>funeris</span> <span class='ocrx_word' id='word_1_40' title='bbox 1387 609 1792 688; x_wconf 79' lang='lat' dir='ltr'>praesentem</span> <span class='ocrx_word' id='word_1_41' title='bbox 1820 607 2111 692; x_wconf 86' lang='lat' dir='ltr'>recipiat,</span> <span class='ocrx_word' id='word_1_42' title='bbox 2148 610 2361 672; x_wconf 85' lang='lat' dir='ltr'>cetera</span> 
     </span>
     <span class='ocr_line' id='line_1_6' title="bbox 354 693 1560 777; baseline 0 -19"><span class='ocrx_word' id='word_1_43' title='bbox 354 694 524 759; x_wconf 88' lang='lat' dir='ltr'>dotis</span> <span class='ocrx_word' id='word_1_44' title='bbox 574 697 820 759; x_wconf 86' lang='lat' dir='ltr'>statuto</span> <span class='ocrx_word' id='word_1_45' title='bbox 866 697 1157 777; x_wconf 88' lang='lat' dir='ltr'>tempore</span> <span class='ocrx_word' id='word_1_46' title='bbox 1204 693 1560 759; x_wconf 86' lang='lat' dir='ltr'>solvantur.</span> 
     </span>
    </p>
   </div>
   <div class='ocr_carea' id='block_1_3' title="bbox 1002 852 1620 936">
    <p class='ocr_par' dir='ltr' id='par_1_3' title="bbox 1002 852 1620 936">
     <span class='ocr_line' id='line_1_7' title="bbox 1002 852 1620 936; baseline 0 -18"><span class='ocrx_word' id='word_1_47' title='bbox 1002 905 1007 910; x_wconf 85' lang='grc'><strong>.</strong></span> <span class='ocrx_word' id='word_1_48' title='bbox 1084 852 1183 918; x_wconf 88' lang='lat' dir='ltr'>De</span> <span class='ocrx_word' id='word_1_49' title='bbox 1228 854 1620 936; x_wconf 76' lang='lat' dir='ltr'>possessione.</span> 
     </span>
    </p>
   </div>
   <div class='ocr_carea' id='block_1_4' title="bbox 336 967 2363 2112">
    <p class='ocr_par' dir='ltr' id='par_1_4' title="bbox 342 967 2363 1407">
     <span class='ocr_line' id='line_1_8' title="bbox 522 967 2362 1053; baseline 0.001 -21"><span class='ocrx_word' id='word_1_50' title='bbox 522 969 625 1034; x_wconf 86' lang='lat'><strong>20.</strong></span> <span class='ocrx_word' id='word_1_51' title='bbox 657 967 1037 1052; x_wconf 83' lang='lat' dir='ltr'><strong>D.41,2,27.</strong></span> <span class='ocrx_word' id='word_1_52' title='bbox 1099 969 1409 1034; x_wconf 90' lang='lat' dir='ltr'>Proculus</span> <span class='ocrx_word' id='word_1_53' title='bbox 1436 968 1607 1034; x_wconf 90' lang='lat' dir='ltr'>libro</span> <span class='ocrx_word' id='word_1_54' title='bbox 1637 969 1863 1053; x_wconf 88' lang='lat' dir='ltr'>quinto</span> <span class='ocrx_word' id='word_1_55' title='bbox 1892 967 2362 1052; x_wconf 75' lang='lat' dir='ltr'>Epistularum.</span> 
     </span>
     <span class='ocr_line' id='line_1_9' title="bbox 343 1056 2363 1142; baseline 0 -20"><span class='ocrx_word' id='word_1_56' title='bbox 343 1095 429 1106; x_wconf 92' lang='lat'><em>-</em></span> <span class='ocrx_word' id='word_1_57' title='bbox 460 1056 527 1122; x_wconf 89' lang='lat' dir='ltr'>Si</span> <span class='ocrx_word' id='word_1_58' title='bbox 553 1057 630 1141; x_wconf 92' lang='lat' dir='ltr'>is,</span> <span class='ocrx_word' id='word_1_59' title='bbox 668 1057 778 1141; x_wconf 91' lang='lat' dir='ltr'>qui</span> <span class='ocrx_word' id='word_1_60' title='bbox 805 1057 1025 1121; x_wconf 86' lang='lat' dir='ltr'>animo</span> <span class='ocrx_word' id='word_1_61' title='bbox 1055 1057 1532 1140; x_wconf 88' lang='lat' dir='ltr'>possessionem</span> <span class='ocrx_word' id='word_1_62' title='bbox 1559 1058 1764 1122; x_wconf 84' lang='lat' dir='ltr'>saltus</span> <span class='ocrx_word' id='word_1_63' title='bbox 1791 1057 2114 1142; x_wconf 88' lang='lat' dir='ltr'>retineret,</span> <span class='ocrx_word' id='word_1_64' title='bbox 2149 1057 2363 1122; x_wconf 87' lang='lat' dir='ltr'>furere</span> 
     </span>
     <span class='ocr_line' id='line_1_10' title="bbox 342 1145 2363 1230; baseline -0.001 -18"><span class='ocrx_word' id='word_1_65' title='bbox 342 1146 687 1230; x_wconf 85' lang='lat' dir='ltr'>coepisset,</span> <span class='ocrx_word' id='word_1_66' title='bbox 742 1167 875 1210; x_wconf 88' lang='lat' dir='ltr'>non</span> <span class='ocrx_word' id='word_1_67' title='bbox 927 1149 1168 1229; x_wconf 91' lang='lat' dir='ltr'>potest,</span> <span class='ocrx_word' id='word_1_68' title='bbox 1228 1145 1382 1212; x_wconf 90' lang='lat' dir='ltr'>dum</span> <span class='ocrx_word' id='word_1_69' title='bbox 1437 1145 1706 1230; x_wconf 87' lang='lat' dir='ltr'>fureret,</span> <span class='ocrx_word' id='word_1_70' title='bbox 1762 1145 1900 1210; x_wconf 90' lang='lat' dir='ltr'>eius</span> <span class='ocrx_word' id='word_1_71' title='bbox 1955 1145 2156 1211; x_wconf 70' lang='lat' dir='ltr'>..altu</span> <span class='ocrx_word' id='word_1_72' title='bbox 2212 1167 2363 1229; x_wconf 86' lang='lat' dir='ltr'>pos-</span> 
     </span>
     <span class='ocr_line' id='line_1_11' title="bbox 342 1233 2358 1319; baseline -0 -19"><span class='ocrx_word' id='word_1_73' title='bbox 342 1235 698 1300; x_wconf 82' lang='lat' dir='ltr'>sessionem</span> <span class='ocrx_word' id='word_1_74' title='bbox 746 1233 1056 1313; x_wconf 86' lang='lat' dir='ltr'>amittere,</span> <span class='ocrx_word' id='word_1_75' title='bbox 1101 1234 1252 1319; x_wconf 88' lang='lat' dir='ltr'>quia</span> <span class='ocrx_word' id='word_1_76' title='bbox 1297 1234 1581 1300; x_wconf 89' lang='lat' dir='ltr'>furiosus</span> <span class='ocrx_word' id='word_1_77' title='bbox 1628 1254 1758 1300; x_wconf 88' lang='lat' dir='ltr'>non</span> <span class='ocrx_word' id='word_1_78' title='bbox 1802 1237 2023 1318; x_wconf 92' lang='lat' dir='ltr'>potest</span> <span class='ocrx_word' id='word_1_79' title='bbox 2067 1233 2358 1299; x_wconf 88' lang='lat' dir='ltr'>desinere</span> 
     </span>
     <span class='ocr_line' id='line_1_12' title="bbox 342 1323 953 1407; baseline -0.003 -19"><span class='ocrx_word' id='word_1_80' title='bbox 342 1323 561 1388; x_wconf 87' lang='lat' dir='ltr'>animo</span> <span class='ocrx_word' id='word_1_81' title='bbox 606 1323 953 1407; x_wconf 88' lang='lat' dir='ltr'>possidere.</span> 
     </span>
    </p>

    <p class='ocr_par' dir='ltr' id='par_1_5' title="bbox 336 1409 2361 2027">
     <span class='ocr_line' id='line_1_13' title="bbox 518 1409 2360 1495; baseline -0.001 -18"><span class='ocrx_word' id='word_1_82' title='bbox 518 1413 622 1477; x_wconf 92' lang='grc'>21.</span> <span class='ocrx_word' id='word_1_83' title='bbox 658 1410 1037 1495; x_wconf 83' lang='grc' dir='ltr'><strong>Ι).2,14,36.</strong></span> <span class='ocrx_word' id='word_1_84' title='bbox 1099 1410 1413 1476; x_wconf 86' lang='lat' dir='ltr'>Proculus</span> <span class='ocrx_word' id='word_1_85' title='bbox 1443 1410 1610 1474; x_wconf 90' lang='lat' dir='ltr'>libro</span> <span class='ocrx_word' id='word_1_86' title='bbox 1641 1409 1868 1494; x_wconf 85' lang='lat' dir='ltr'>quinto</span> <span class='ocrx_word' id='word_1_87' title='bbox 1896 1409 2360 1495; x_wconf 78' lang='lat' dir='ltr'>Epistularum.</span> 
     </span>
     <span class='ocr_line' id='line_1_14' title="bbox 339 1498 2360 1584; baseline -0.001 -18"><span class='ocrx_word' id='word_1_88' title='bbox 339 1537 426 1546; x_wconf 92' lang='lat'>——</span> <span class='ocrx_word' id='word_1_89' title='bbox 475 1499 544 1566; x_wconf 83' lang='lat' dir='ltr'>Si</span> <span class='ocrx_word' id='word_1_90' title='bbox 599 1521 743 1565; x_wconf 89' lang='lat' dir='ltr'>cum</span> <span class='ocrx_word' id='word_1_91' title='bbox 800 1499 1071 1564; x_wconf 88' lang='lat' dir='ltr'>fundum</span> <span class='ocrx_word' id='word_1_92' title='bbox 1116 1521 1329 1564; x_wconf 90' lang='lat' dir='ltr'>meum</span> <span class='ocrx_word' id='word_1_93' title='bbox 1376 1499 1697 1584; x_wconf 89' lang='lat' dir='ltr'>possides,</span> <span class='ocrx_word' id='word_1_94' title='bbox 1752 1498 2154 1564; x_wconf 85' lang='lat' dir='ltr'>convenisset</span> <span class='ocrx_word' id='word_1_95' title='bbox 2198 1499 2360 1564; x_wconf 88' lang='lat' dir='ltr'>mihi</span> 
     </span>
     <span class='ocr_line' id='line_1_15' title="bbox 339 1587 2360 1671; baseline 0 -19"><span class='ocrx_word' id='word_1_96' title='bbox 339 1592 571 1668; x_wconf 90' lang='lat' dir='ltr'>tecum,</span> <span class='ocrx_word' id='word_1_97' title='bbox 598 1590 673 1653; x_wconf 88' lang='lat' dir='ltr'>ut</span> <span class='ocrx_word' id='word_1_98' title='bbox 700 1589 835 1653; x_wconf 90' lang='lat' dir='ltr'>eius</span> <span class='ocrx_word' id='word_1_99' title='bbox 863 1588 1343 1671; x_wconf 88' lang='lat' dir='ltr'>possessionem</span> <span class='ocrx_word' id='word_1_100' title='bbox 1367 1587 1553 1652; x_wconf 88' lang='lat' dir='ltr'>Attio</span> <span class='ocrx_word' id='word_1_101' title='bbox 1582 1587 1888 1667; x_wconf 84' lang='lat' dir='ltr'>traderes,</span> <span class='ocrx_word' id='word_1_102' title='bbox 1925 1587 2360 1652; x_wconf 82' lang='lat' dir='ltr'>vindicantem</span> 
     </span>
     <span class='ocr_line' id='line_1_16' title="bbox 338 1674 2360 1760; baseline 0 -19"><span class='ocrx_word' id='word_1_103' title='bbox 338 1699 487 1742; x_wconf 88' lang='lat' dir='ltr'>eum</span> <span class='ocrx_word' id='word_1_104' title='bbox 524 1676 789 1741; x_wconf 89' lang='lat' dir='ltr'>fundum</span> <span class='ocrx_word' id='word_1_105' title='bbox 829 1698 869 1740; x_wconf 86' lang='lat' dir='ltr'>a</span> <span class='ocrx_word' id='word_1_106' title='bbox 903 1680 968 1740; x_wconf 90' lang='lat' dir='ltr'>te</span> <span class='ocrx_word' id='word_1_107' title='bbox 1000 1697 1133 1740; x_wconf 91' lang='lat' dir='ltr'>non</span> <span class='ocrx_word' id='word_1_108' title='bbox 1163 1677 1353 1741; x_wconf 88' lang='lat' dir='ltr'>aliter</span> <span class='ocrx_word' id='word_1_109' title='bbox 1382 1697 1484 1740; x_wconf 92' lang='lat' dir='ltr'>me</span> <span class='ocrx_word' id='word_1_110' title='bbox 1514 1674 1956 1741; x_wconf 85' lang='lat' dir='ltr'>conventionis</span> <span class='ocrx_word' id='word_1_111' title='bbox 1988 1676 2360 1760; x_wconf 76' lang='lat' dir='ltr'>exceptione</span> 
     </span>
     <span class='ocr_line' id='line_1_17' title="bbox 340 1763 2361 1849; baseline -0 -20"><span class='ocrx_word' id='word_1_112' title='bbox 340 1765 592 1831; x_wconf 85' lang='lat' dir='ltr'>excludi</span> <span class='ocrx_word' id='word_1_113' title='bbox 646 1765 901 1847; x_wconf 87' lang='lat' dir='ltr'>debere,</span> <span class='ocrx_word' id='word_1_114' title='bbox 967 1766 1271 1849; x_wconf 73' lang='lat' dir='ltr'>quamsi</span> <span class='ocrx_word' id='word_1_115' title='bbox 1328 1768 1442 1830; x_wconf 88' lang='lat' dir='ltr'>aut</span> <span class='ocrx_word' id='word_1_116' title='bbox 1495 1764 1626 1829; x_wconf 91' lang='lat' dir='ltr'>iam</span> <span class='ocrx_word' id='word_1_117' title='bbox 1681 1763 2082 1849; x_wconf 85' lang='lat' dir='ltr'>tradidisses,</span> <span class='ocrx_word' id='word_1_118' title='bbox 2139 1767 2252 1829; x_wconf 88' lang='lat' dir='ltr'>aut</span> <span class='ocrx_word' id='word_1_119' title='bbox 2305 1763 2361 1830; x_wconf 85' lang='lat' dir='ltr'>si</span> 
     </span>
     <span class='ocr_line' id='line_1_18' title="bbox 336 1853 2359 1938; baseline 0 -20"><span class='ocrx_word' id='word_1_120' title='bbox 336 1857 453 1918; x_wconf 90' lang='lat' dir='ltr'>tua</span> <span class='ocrx_word' id='word_1_121' title='bbox 491 1873 685 1919; x_wconf 87' lang='lat' dir='ltr'>causa</span> <span class='ocrx_word' id='word_1_122' title='bbox 720 1853 787 1918; x_wconf 93' lang='lat' dir='ltr'>id</span> <span class='ocrx_word' id='word_1_123' title='bbox 824 1854 993 1917; x_wconf 87' lang='lat' dir='ltr'>inter</span> <span class='ocrx_word' id='word_1_124' title='bbox 1028 1875 1146 1918; x_wconf 88' lang='lat' dir='ltr'>nos</span> <span class='ocrx_word' id='word_1_125' title='bbox 1185 1853 1593 1918; x_wconf 83' lang='lat' dir='ltr'>convenisset</span> <span class='ocrx_word' id='word_1_126' title='bbox 1629 1857 1696 1918; x_wconf 93' lang='lat' dir='ltr'>et</span> <span class='ocrx_word' id='word_1_127' title='bbox 1731 1874 1845 1937; x_wconf 91' lang='lat' dir='ltr'>per</span> <span class='ocrx_word' id='word_1_128' title='bbox 1881 1857 1944 1918; x_wconf 89' lang='lat' dir='ltr'>te</span> <span class='ocrx_word' id='word_1_129' title='bbox 1975 1875 2106 1918; x_wconf 89' lang='lat' dir='ltr'>non</span> <span class='ocrx_word' id='word_1_130' title='bbox 2136 1856 2359 1938; x_wconf 90' lang='lat' dir='ltr'>staret,</span> 
     </span>
     <span class='ocr_line' id='line_1_19' title="bbox 339 1941 1073 2027; baseline 0.001 -21"><span class='ocrx_word' id='word_1_131' title='bbox 339 1964 467 2027; x_wconf 88' lang='lat' dir='ltr'>quo</span> <span class='ocrx_word' id='word_1_132' title='bbox 512 1942 725 2008; x_wconf 89' lang='lat' dir='ltr'>minus</span> <span class='ocrx_word' id='word_1_133' title='bbox 771 1941 1073 2008; x_wconf 86' lang='lat' dir='ltr'>traderes.</span> 
     </span>
    </p>

    <p class='ocr_par' dir='ltr' id='par_1_6' title="bbox 1183 2029 1512 2112">
     <span class='ocr_line' id='line_1_20' title="bbox 1183 2029 1512 2112; baseline 0 -18"><span class='ocrx_word' id='word_1_134' title='bbox 1183 2029 1285 2095; x_wconf 87' lang='lat' dir='ltr'>De</span> <span class='ocrx_word' id='word_1_135' title='bbox 1329 2050 1512 2112; x_wconf 79' lang='lat' dir='ltr'>aqua.</span> 
     </span>
    </p>
   </div>
   <div class='ocr_carea' id='block_1_5' title="bbox 336 2144 2361 2585">
    <p class='ocr_par' dir='ltr' id='par_1_7' title="bbox 336 2144 2361 2585">
     <span class='ocr_line' id='line_1_21' title="bbox 515 2144 2358 2230; baseline 0.001 -21"><span class='ocrx_word' id='word_1_136' title='bbox 515 2146 621 2210; x_wconf 83' lang='lat'><strong>22.</strong></span> <span class='ocrx_word' id='word_1_137' title='bbox 661 2144 741 2211; x_wconf 92' lang='lat' dir='ltr'>D.</span> <span class='ocrx_word' id='word_1_138' title='bbox 763 2145 900 2229; x_wconf 87' lang='lat'><strong>8,5,</strong></span> <span class='ocrx_word' id='word_1_139' title='bbox 923 2144 1024 2210; x_wconf 92' lang='lat'><strong>13.</strong></span> <span class='ocrx_word' id='word_1_140' title='bbox 1096 2145 1407 2211; x_wconf 90' lang='lat' dir='ltr'>Proculus</span> <span class='ocrx_word' id='word_1_141' title='bbox 1435 2144 1600 2210; x_wconf 90' lang='lat' dir='ltr'>libro</span> <span class='ocrx_word' id='word_1_142' title='bbox 1631 2145 1859 2230; x_wconf 91' lang='lat' dir='ltr'>quinto</span> <span class='ocrx_word' id='word_1_143' title='bbox 1889 2144 2358 2230; x_wconf 84' lang='lat' dir='ltr'>Epistularum.</span> 
     </span>
     <span class='ocr_line' id='line_1_22' title="bbox 338 2232 2355 2319; baseline 0.001 -21"><span class='ocrx_word' id='word_1_144' title='bbox 338 2271 423 2281; x_wconf 91' lang='lat'><strong>—</strong></span> <span class='ocrx_word' id='word_1_145' title='bbox 460 2232 763 2317; x_wconf 86' lang='lat' dir='ltr'>Fistulas,</span> <span class='ocrx_word' id='word_1_146' title='bbox 809 2232 1039 2318; x_wconf 89' lang='lat' dir='ltr'>quibus</span> <span class='ocrx_word' id='word_1_147' title='bbox 1088 2256 1321 2319; x_wconf 87' lang='lat' dir='ltr'>aquam</span> <span class='ocrx_word' id='word_1_148' title='bbox 1368 2234 1546 2319; x_wconf 85' lang='lat' dir='ltr'>ducO,</span> <span class='ocrx_word' id='word_1_149' title='bbox 1591 2234 1660 2298; x_wconf 90' lang='lat' dir='ltr'>in</span> <span class='ocrx_word' id='word_1_150' title='bbox 1706 2235 1815 2299; x_wconf 84' lang='lat' dir='ltr'>via</span> <span class='ocrx_word' id='word_1_151' title='bbox 1850 2235 2110 2319; x_wconf 87' lang='lat' dir='ltr'>publica</span> <span class='ocrx_word' id='word_1_152' title='bbox 2145 2234 2355 2301; x_wconf 89' lang='lat' dir='ltr'>habeo</span> 
     </span>
     <span class='ocr_line' id='line_1_23' title="bbox 337 2284 2361 2407; baseline 0.001 -20"><span class='ocrx_word' id='word_1_153' title='bbox 337 2327 404 2387; x_wconf 92' lang='lat' dir='ltr'>et</span> <span class='ocrx_word' id='word_1_154' title='bbox 457 2322 578 2386; x_wconf 86' lang='lat' dir='ltr'>hae</span> <span class='ocrx_word' id='word_1_155' title='bbox 632 2284 859 2407; x_wconf 60' lang='lat' dir='ltr'>rup’tae</span> <span class='ocrx_word' id='word_1_156' title='bbox 912 2322 1229 2387; x_wconf 88' lang='lat' dir='ltr'>inundant</span> <span class='ocrx_word' id='word_1_157' title='bbox 1272 2322 1589 2407; x_wconf 90' lang='lat' dir='ltr'>parietem</span> <span class='ocrx_word' id='word_1_158' title='bbox 1634 2327 1844 2387; x_wconf 86' lang='lat' dir='ltr'>tuum.</span> <span class='ocrx_word' id='word_1_159' title='bbox 1889 2328 2044 2406; x_wconf 75' lang='lat' dir='ltr'>puto</span> <span class='ocrx_word' id='word_1_160' title='bbox 2076 2343 2258 2405; x_wconf 77' lang='lat' dir='ltr'>posse</span> <span class='ocrx_word' id='word_1_161' title='bbox 2304 2329 2361 2389; x_wconf 80' lang='lat' dir='ltr'>te</span> 
     </span>
     <span class='ocr_line' id='line_1_24' title="bbox 336 2410 2361 2495; baseline 0.001 -20"><span class='ocrx_word' id='word_1_162' title='bbox 336 2431 569 2476; x_wconf 83' lang='lat' dir='ltr'>mecum</span> <span class='ocrx_word' id='word_1_163' title='bbox 611 2417 763 2477; x_wconf 80' lang='lat' dir='ltr'>recte</span> <span class='ocrx_word' id='word_1_164' title='bbox 808 2432 981 2495; x_wconf 72' lang='lat' dir='ltr'>ayere</span> <span class='ocrx_word' id='word_1_165' title='bbox 1024 2412 1123 2478; x_wconf 81' lang='lat' dir='ltr'>ius</span> <span class='ocrx_word' id='word_1_166' title='bbox 1167 2410 1326 2475; x_wconf 77' lang='lat' dir='ltr'>mihi</span> <span class='ocrx_word' id='word_1_167' title='bbox 1367 2431 1492 2475; x_wconf 78' lang='lat' dir='ltr'>non</span> <span class='ocrx_word' id='word_1_168' title='bbox 1536 2430 1660 2476; x_wconf 85' lang='lat' dir='ltr'>esse</span> <span class='ocrx_word' id='word_1_169' title='bbox 1701 2412 1974 2493; x_wconf 77' lang='lat' dir='ltr'>flumina</span> <span class='ocrx_word' id='word_1_170' title='bbox 2013 2432 2087 2477; x_wconf 76' lang='lat' dir='ltr'>ex</span> <span class='ocrx_word' id='word_1_171' title='bbox 2123 2432 2252 2477; x_wconf 87' lang='lat' dir='ltr'>meo</span> <span class='ocrx_word' id='word_1_172' title='bbox 2290 2414 2361 2478; x_wconf 80' lang='lat' dir='ltr'>in</span> 
     </span>
     <span class='ocr_line' id='line_1_25' title="bbox 336 2500 1097 2585; baseline 0.003 -22"><span class='ocrx_word' id='word_1_173' title='bbox 336 2504 513 2564; x_wconf 72' lang='lat' dir='ltr'>tuum</span> <span class='ocrx_word' id='word_1_174' title='bbox 547 2500 849 2585; x_wconf 77' lang='lat' dir='ltr'>parietem</span> <span class='ocrx_word' id='word_1_175' title='bbox 892 2501 1097 2582; x_wconf 81' lang='lat' dir='ltr'>fluere.</span> 
     </span>
    </p>
   </div>
   <div class='ocr_carea' id='block_1_6' title="bbox 334 2664 2358 3079">
    <p class='ocr_par' dir='ltr' id='par_1_8' title="bbox 1164 2664 1529 2724">
     <span class='ocr_line' id='line_1_26' title="bbox 1164 2664 1529 2724; baseline -0.003 -1"><span class='ocrx_word' id='word_1_176' title='bbox 1164 2664 1382 2723; x_wconf 90' lang='lat' dir='ltr'>Liber</span> <span class='ocrx_word' id='word_1_177' title='bbox 1426 2664 1529 2724; x_wconf 88' lang='lat' dir='ltr'><strong>VI.</strong></span> 
     </span>
    </p>

    <p class='ocr_par' dir='ltr' id='par_1_9' title="bbox 334 2782 2358 3079">
     <span class='ocr_line' id='line_1_27' title="bbox 1162 2782 1536 2866; baseline 0 -18"><span class='ocrx_word' id='word_1_178' title='bbox 1162 2782 1262 2848; x_wconf 88' lang='lat' dir='ltr'>De</span> <span class='ocrx_word' id='word_1_179' title='bbox 1308 2783 1536 2866; x_wconf 74' lang='lat' dir='ltr'>Zeyatis.</span> 
     </span>
     <span class='ocr_line' id='line_1_28' title="bbox 512 2903 2358 2992; baseline 0.002 -22"><span class='ocrx_word' id='word_1_180' title='bbox 512 2907 615 2971; x_wconf 83' lang='lat'><strong>23.</strong></span> <span class='ocrx_word' id='word_1_181' title='bbox 679 2906 756 2971; x_wconf 92' lang='lat' dir='ltr'>D.</span> <span class='ocrx_word' id='word_1_182' title='bbox 795 2908 898 2989; x_wconf 89' lang='lat'>31,</span> <span class='ocrx_word' id='word_1_183' title='bbox 935 2907 1043 2971; x_wconf 82' lang='lat'><strong>47.</strong></span> <span class='ocrx_word' id='word_1_184' title='bbox 1142 2906 1320 2971; x_wconf 93' lang='lat' dir='ltr'>Idem</span> <span class='ocrx_word' id='word_1_185' title='bbox 1388 2903 1502 2992; x_wconf 87' lang='lat' dir='ltr'>(sc.</span> <span class='ocrx_word' id='word_1_186' title='bbox 1549 2904 1886 2991; x_wconf 87' lang='lat' dir='ltr'>Proculus)</span> <span class='ocrx_word' id='word_1_187' title='bbox 1947 2907 2115 2972; x_wconf 90' lang='lat' dir='ltr'>libro</span> <span class='ocrx_word' id='word_1_188' title='bbox 2173 2910 2358 2975; x_wconf 86' lang='lat' dir='ltr'>sexto</span> 
     </span>
     <span class='ocr_line' id='line_1_29' title="bbox 334 2992 2356 3079; baseline 0.001 -20"><span class='ocrx_word' id='word_1_189' title='bbox 334 2993 797 3077; x_wconf 86' lang='lat' dir='ltr'>Epistularum.</span> <span class='ocrx_word' id='word_1_190' title='bbox 877 3030 954 3041; x_wconf 93' lang='lat'>—</span> <span class='ocrx_word' id='word_1_191' title='bbox 1045 2993 1467 3078; x_wconf 83' lang='lat' dir='ltr'>Sempronius</span> <span class='ocrx_word' id='word_1_192' title='bbox 1549 2992 1770 3079; x_wconf 89' lang='lat' dir='ltr'>Nepos</span> <span class='ocrx_word' id='word_1_193' title='bbox 1849 2993 2158 3061; x_wconf 78' lang='lat' dir='ltr'>Proculo²</span> <span class='ocrx_word' id='word_1_194' title='bbox 2239 3018 2356 3063; x_wconf 90' lang='lat' dir='ltr'>suo</span> 
     </span>
    </p>
   </div>
   <div class='ocr_carea' id='block_1_7' title="bbox 334 3081 2358 3347">
    <p class='ocr_par' dir='ltr' id='par_1_10' title="bbox 334 3081 2358 3347">
     <span class='ocr_line' id='line_1_30' title="bbox 337 3081 2358 3169; baseline 0.001 -22"><span class='ocrx_word' id='word_1_195' title='bbox 337 3084 631 3147; x_wconf 89' lang='lat' dir='ltr'>salutem.</span> <span class='ocrx_word' id='word_1_196' title='bbox 739 3081 942 3148; x_wconf 87' lang='lat' dir='ltr'>Binae</span> <span class='ocrx_word' id='word_1_197' title='bbox 1014 3083 1275 3148; x_wconf 90' lang='lat' dir='ltr'>tabulae</span> <span class='ocrx_word' id='word_1_198' title='bbox 1343 3084 1716 3147; x_wconf 87' lang='lat' dir='ltr'>testamenti</span> <span class='ocrx_word' id='word_1_199' title='bbox 1780 3083 2002 3149; x_wconf 89' lang='lat' dir='ltr'>eodem</span> <span class='ocrx_word' id='word_1_200' title='bbox 2064 3085 2358 3169; x_wconf 86' lang='lat' dir='ltr'>tempore</span> 
     </span>
     <span class='ocr_line' id='line_1_31' title="bbox 337 3170 2357 3257; baseline 0.001 -23"><span class='ocrx_word' id='word_1_201' title='bbox 337 3170 711 3254; x_wconf 84' lang='lat' dir='ltr'>exemplarii</span> <span class='ocrx_word' id='word_1_202' title='bbox 748 3193 940 3236; x_wconf 90' lang='lat' dir='ltr'>causa</span> <span class='ocrx_word' id='word_1_203' title='bbox 985 3172 1281 3256; x_wconf 82' lang='lat' dir='ltr'>scriptae,</span> <span class='ocrx_word' id='word_1_204' title='bbox 1327 3174 1403 3235; x_wconf 91' lang='lat' dir='ltr'>ut</span> <span class='ocrx_word' id='word_1_205' title='bbox 1439 3171 1632 3254; x_wconf 83' lang='lat' dir='ltr'>volgo</span> <span class='ocrx_word' id='word_1_206' title='bbox 1672 3172 1809 3237; x_wconf 89' lang='lat' dir='ltr'>fieri</span> <span class='ocrx_word' id='word_1_207' title='bbox 1847 3174 2030 3257; x_wconf 86' lang='lat' dir='ltr'>solet,</span> <span class='ocrx_word' id='word_1_208' title='bbox 2072 3174 2357 3239; x_wconf 89' lang='lat' dir='ltr'>eiusdem</span> 
     </span>
     <span class='ocr_line' id='line_1_32' title="bbox 334 3258 2358 3347; baseline 0.001 -25"><span class='ocrx_word' id='word_1_209' title='bbox 334 3259 539 3344; x_wconf 90' lang='lat' dir='ltr'>patris</span> <span class='ocrx_word' id='word_1_210' title='bbox 575 3259 859 3324; x_wconf 89' lang='lat' dir='ltr'>familias</span> <span class='ocrx_word' id='word_1_211' title='bbox 887 3258 1328 3343; x_wconf 80' lang='lat' dir='ltr'>proferuntur3</span> <span class='ocrx_word' id='word_1_212' title='bbox 1366 3260 1436 3324; x_wconf 91' lang='lat' dir='ltr'>in</span> <span class='ocrx_word' id='word_1_213' title='bbox 1470 3259 1689 3325; x_wconf 87' lang='lat' dir='ltr'>alteris</span> <span class='ocrx_word' id='word_1_214' title='bbox 1719 3265 1997 3347; x_wconf 88' lang='lat' dir='ltr'>centum,</span> <span class='ocrx_word' id='word_1_215' title='bbox 2034 3262 2102 3325; x_wconf 88' lang='lat' dir='ltr'>in</span> <span class='ocrx_word' id='word_1_216' title='bbox 2131 3261 2358 3327; x_wconf 86' lang='lat' dir='ltr'>alteris</span> 
     </span>
    </p>
   </div>
   <div class='ocr_carea' id='block_1_8' title="bbox 478 3397 2358 3541">
    <p class='ocr_par' dir='ltr' id='par_1_11' title="bbox 478 3397 2358 3541">
     <span class='ocr_line' id='line_1_33' title="bbox 479 3397 1411 3480; baseline 0.003 -30"><span class='ocrx_word' id='word_1_217' title='bbox 479 3401 509 3450; x_wconf 91' lang='lat'>1</span> <span class='ocrx_word' id='word_1_218' title='bbox 554 3398 701 3454; x_wconf 78' lang='lat' dir='ltr'><strong>Trib.</strong></span> <span class='ocrx_word' id='word_1_219' title='bbox 739 3400 871 3467; x_wconf 88' lang='lat' dir='ltr'>post</span> <span class='ocrx_word' id='word_1_220' title='bbox 905 3397 1134 3480; x_wconf 88' lang='lat' dir='ltr'>aliquod</span> <span class='ocrx_word' id='word_1_221' title='bbox 1170 3400 1411 3469; x_wconf 86' lang='lat' dir='ltr'>tempus.</span> 
     </span>
     <span class='ocr_line' id='line_1_34' title="bbox 478 3467 2358 3541; baseline 0.003 -19"><span class='ocrx_word' id='word_1_222' title='bbox 478 3474 509 3522; x_wconf 83' lang='lat'><strong>2</strong></span> <span class='ocrx_word' id='word_1_223' title='bbox 548 3468 646 3523; x_wconf 86' lang='lat' dir='ltr'>Fl.</span> <span class='ocrx_word' id='word_1_224' title='bbox 676 3467 1033 3539; x_wconf 85' lang='lat' dir='ltr'>Sempronius</span> <span class='ocrx_word' id='word_1_225' title='bbox 1062 3470 1329 3524; x_wconf 87' lang='lat' dir='ltr'>Proculus</span> <span class='ocrx_word' id='word_1_226' title='bbox 1349 3469 1575 3541; x_wconf 83' lang='lat' dir='ltr'>Nepoti,</span> <span class='ocrx_word' id='word_1_227' title='bbox 1604 3487 1767 3541; x_wconf 76' lang='lat' dir='ltr'>quam</span> <span class='ocrx_word' id='word_1_228' title='bbox 1795 3472 2066 3527; x_wconf 74' lang='lat' dir='ltr'>lectionem</span> <span class='ocrx_word' id='word_1_229' title='bbox 2089 3471 2358 3527; x_wconf 82' lang='lat' dir='ltr'>Karlowa</span> 
     </span>
    </p>
   </div>
   <div class='ocr_carea' id='block_1_9' title="bbox 338 3540 1087 3608">
    <p class='ocr_par' dir='ltr' id='par_1_12' title="bbox 338 3540 1087 3608">
     <span class='ocr_line' id='line_1_35' title="bbox 338 3540 1087 3608; baseline 0.001 -14"><span class='ocrx_word' id='word_1_230' title='bbox 338 3540 393 3608; x_wconf 90' lang='lat' dir='ltr'>I,</span> <span class='ocrx_word' id='word_1_231' title='bbox 426 3543 535 3595; x_wconf 87' lang='grc'>690</span> <span class='ocrx_word' id='word_1_232' title='bbox 570 3556 681 3595; x_wconf 75' lang='lat' dir='ltr'>non</span> <span class='ocrx_word' id='word_1_233' title='bbox 716 3546 855 3597; x_wconf 83' lang='lat' dir='ltr'>recte</span> <span class='ocrx_word' id='word_1_234' title='bbox 890 3546 1087 3595; x_wconf 80' lang='lat' dir='ltr'>tuetur.</span> 
     </span>
    </p>
   </div>
  </div>
 </body>
</html>
