2575 3900
349 214 482 279 230
535 214 628 270 IV.
658 214 1093 271 VESPASIANI
1118 212 1262 268 ΤΙΤῙ
1289 214 1680 271 DOMITIANI
1705 213 1919 271 ΤΕΜΡ.
1945 213 2138 270 IURIS
2167 213 2378 271 CONS.

348 400 542 465 quem
590 378 751 444 emit
795 379 1028 444 mulier
1074 378 1233 444 satis
1280 379 1635 463 accepisset
1681 384 1747 443 et
1792 379 2064 444 eundem
2096 377 2372 443 fundum

346 468 416 532 in
471 468 689 532 dotem
742 468 1047 551 dedisset,
1104 467 1332 531 deinde
1389 466 1623 551 aliquis
1679 489 1826 533 eum
1879 489 1919 532 a
1973 467 2210 532 marito
2254 488 2376 551 per

349 556 660 622 iudicium
707 557 1106 640 abstulisset,
1158 576 1339 641 posse
1383 556 1708 621 mulierem
1754 555 1977 620 statim
2025 576 2218 641 agere
2264 556 2375 621 ad-

348 666 574 710 versus
657 646 1065 712 fideiussores
1148 644 1496 730 emptionis
1569 642 1942 733 (evictionis
1953 641 2016 730 ?)
2088 644 2374 729 nomine,

348 734 535 818 quasi
616 735 931 799 minorem
1005 733 1225 799 dotem
1296 734 1535 799 habere
1609 733 1928 818 coepisset
1998 732 2100 798 vel
2173 734 2373 799 etiam

346 822 623 906 nullam,
679 823 735 887 si
788 826 1044 888 tantum
1101 821 1377 888 maritus
1433 823 1803 908 optulisset,
1858 822 2087 906 quanti
2131 821 2370 887 fundus

345 916 535 976 esset.

523 1018 628 1084 25.
677 1017 752 1083 D.
785 1018 888 1103 18,
917 1019 974 1100 1,
1002 1017 1086 1083 57
1103 1040 1200 1102 pr.
1271 1018 1514 1085 Paulus
1560 1019 1728 1083 libro
1777 1017 2005 1103 quinto
2053 1017 2135 1082 ad
2178 1016 2369 1083 Plau-

342 1107 512 1173 tium
560 1106 659 1196 (P.
702 1103 922 1194 1116).
967 1143 1053 1154 —
1100 1106 1385 1172 Domum
1436 1107 1590 1191 emi,
1645 1128 1790 1171 cum
1835 1128 1978 1171 eam
2025 1110 2092 1172 et
2135 1126 2258 1190 ego
2305 1114 2374 1171 et

345 1197 646 1263 venditor
727 1198 1132 1262 combustam
1213 1197 1682 1280 ignoraremus.
1800 1193 2022 1260 Nerva
2092 1192 2372 1261 Sabinus

346 1283 610 1351 Cassius
649 1284 814 1349 nihil
855 1285 1125 1364 venisse,
1163 1286 1458 1369 quamvis
1495 1307 1648 1350 area
1682 1287 1964 1367 maneat,
2000 1284 2374 1367 pecuniam-

345 1396 469 1459 que
516 1375 799 1438 solutam
847 1373 1095 1438 condici
1141 1395 1334 1456 posse
1381 1374 1582 1439 aiunt.

523 1480 627 1545 26.
685 1479 763 1545 D.
801 1478 954 1545 ibid.
991 1482 1031 1561 ξ
1066 1481 1119 1545 1.
1173 1516 1261 1529 -
1320 1479 1434 1546 Sin
1491 1484 1703 1546 autem
1759 1481 2057 1546 venditor
2110 1479 2370 1564 quidem

344 1569 593 1634 sciebat
629 1569 893 1633 domum
930 1590 1071 1633 esse
1110 1571 1421 1652 exustam,
1458 1573 1710 1654 emptor
1748 1573 1968 1635 autem
1999 1568 2373 1654 ignorabat,

343 1657 539 1722 nullo⁴
590 1659 767 1723 modo
830 1656 1267 1721 venditionem
1334 1661 1532 1742 stare,
1601 1659 1657 1722 si
1718 1662 1861 1723 tota
1923 1660 2150 1723 domus
2217 1660 2371 1722 ante

342 1746 775 1811 venditionem
822 1751 1050 1811 exusta
1096 1745 1199 1809 sit.

522 1856 685 1927 Quae
740 1859 1097 1934 sequuntur,
1152 1876 1271 1916 non
1328 1840 1580 1932 Plautii,
1637 1857 1742 1918 sed
1793 1857 2030 1917 Neratii
2083 1857 2374 1918 videntur

344 1965 492 2007 esse.
582 1948 657 2008 cf.
701 1946 772 2007 D.
816 1948 916 2022 18,
957 1951 1014 2024 1,
1053 1948 1271 2024 57pr.:
1330 1939 1458 2006 ‘sed
1514 1948 1564 2006 si
1617 1966 1757 2024 pars
1812 1948 2024 2009 domus
2080 1948 2370 2020 maneret,

343 2036 629 2098 Neratius
677 2029 807 2096 ait'.

522 2139 627 2203 27.
676 2136 754 2201 D.
784 2138 891 2214 20,
915 2137 979 2219 4,
1010 2138 1113 2202 13.
1185 2137 1422 2202 Paulus
1458 2137 1624 2202 libro
1664 2137 1891 2221 quinto
1927 2136 2009 2202 ad
2037 2136 2372 2203 Plautium

342 2226 442 2313 (P.
477 2225 694 2311 1118).
738 2263 812 2273 -
856 2225 1145 2291 Insulam
1192 2225 1318 2290 tibi
1363 2225 1620 2290 vendidi
1665 2230 1731 2290 et
1768 2225 1902 2290 dixi
1937 2227 2175 2311 prioris
2213 2227 2372 2292 anni

341 2316 717 2401 pensionem
754 2314 933 2397 mihi,
972 2315 1377 2397 sequentium
1405 2313 1528 2378 tibi
1559 2335 1961 2379 accessuram
1989 2316 2372 2401 pignorum-

344 2426 467 2488 que
533 2406 615 2468 ab
681 2403 995 2489 inquilino
1062 2403 1362 2467 datorum
1423 2403 1523 2467 ius
1578 2407 1919 2487 utrumque
1976 2409 2369 2469 secuturum.

343 2491 561 2558 Nerva
601 2492 933 2575 Proculus,
978 2491 1109 2556 nisi
1155 2491 1235 2555 ad
1281 2494 1626 2574 utramque
1672 2493 2049 2575 pensionem
2093 2494 2375 2578 pignora

345 2581 745 2667 sufficerent,
814 2581 915 2646 ius
990 2579 1277 2645 omnium
1350 2579 1697 2665 pignorum
1768 2581 2052 2666 primum
2115 2582 2199 2648 ad
2265 2605 2372 2647 me

341 2671 662 2754 pertinere
676 2673 720 2750 [,
785 2670 935 2755 quia
990 2666 1157 2733 nihil
1223 2673 1442 2752 aperte
1498 2669 1739 2733 dictum
1798 2673 1995 2749 esset,
2058 2692 2140 2734 an
2199 2693 2373 2737 com-

344 2760 627 2823 muniter
678 2780 755 2822 ex
802 2757 1103 2823 omnibus
1147 2757 1534 2842 pignoribus
1583 2780 1834 2822 summa
1878 2781 1998 2843 pro
2045 2763 2191 2825 rata
2237 2782 2373 2826 ser-

344 2848 587 2927 veturJ,
635 2847 692 2909 si
738 2846 888 2930 quid
938 2848 1332 2930 superesset,
1379 2847 1458 2910 ad
1506 2851 1592 2913 te.

523 2939 868 3016 Sequuntur
912 2941 1083 2999 haec:
1132 2934 1400 2999 ‘Paulus
1473 2939 1618 3000 facti
1655 2940 1930 3016 quaestio
1968 2935 2084 3001 est’
2127 2945 2189 3002 et
2227 2962 2284 3020 q.
2325 2961 2372 3003 S.

522 3040 628 3104 28.
684 3038 760 3104 D.
792 3041 894 3118 12,
931 3043 983 3121 1,
1011 3041 1116 3122 31,
1147 3042 1203 3105 1.
1295 3040 1472 3105 Idem
1531 3039 1644 3124 (sc.
1690 3039 1962 3128 Paulus)
2011 3042 2180 3107 libro
2230 3063 2375 3129 sep-

346 3128 507 3192 timo
556 3127 801 3193 decimo
852 3129 932 3193 ad
969 3130 1295 3194 Plautium
1336 3128 1432 3216 (P.
1465 3126 1685 3216 1235).
1739 3166 1814 3176 -—
1866 3128 2136 3195 Servum
2180 3134 2374 3196 tuum

346 3217 720 3300 imprudens
769 3239 807 3282 a
850 3219 991 3282 fure
1037 3217 1210 3282 bona
1256 3218 1380 3282 fide
1428 3219 1583 3301 emi3
1639 3221 1695 3282 is
1742 3240 1819 3283 ex
1865 3220 2144 3304 peculi0,
2195 3221 2373 3304 quod

349 3304 430 3368 ad
476 3310 541 3367 te
587 3305 976 3387 pertinebat,
1032 3306 1362 3370 hominem
1407 3308 1679 3390 paravit,
1725 3309 1834 3392 qui
1881 3308 2043 3373 mihi
2085 3309 2372 3375 traditus

348 3396 465 3458 est.
566 3391 841 3458 Sabinus
898 3392 1159 3460 Cassius
1224 3416 1415 3478 posse
1478 3399 1542 3459 te
1608 3395 1766 3460 mihi
1830 3396 2162 3462 hominem
2216 3419 2373 3463 con-

347 3480 578 3564 dicere3
636 3482 747 3548 sed
804 3484 857 3546 si
918 3482 1069 3568 quid
1126 3483 1288 3547 mihi
1345 3483 1599 3548 abesset
1654 3506 1731 3548 ex
1776 3486 2041 3571 negotio
2091 3485 2264 3570 quod
2310 3487 2374 3552 is

346 3570 679 3655 gessisset,
724 3571 996 3636 invicem
1043 3592 1146 3635 me
1193 3576 1405 3637 tecum
1452 3576 1760 3639 acturum.
