2575 3900
1022 198 1073 250 7.
1106 191 1487 250 PROGULUS
2141 196 2268 261 143

242 355 507 440 proinde
554 377 697 422 esse
743 360 938 441 atque
986 356 1044 421 si
1086 358 1380 441 legatum
1424 379 1558 424 non
1595 362 1783 424 esset.
1857 356 2079 424 Nerva
2114 381 2267 424 vero

242 448 305 510 et
347 445 663 512 Proculus
720 494 735 510 .
766 497 781 510 .
811 496 826 510 .
882 467 1017 512 non
1062 446 1256 511 aliter
1301 451 1538 532 putant
1582 469 1719 512 rem
1762 448 2064 534 legatarii
2107 447 2268 531 fieri,

243 555 432 618 quam
482 535 540 599 si
586 535 869 600 voluerit
917 557 1057 600 eam
1107 535 1187 600 ad
1234 557 1303 600 se
1349 538 1691 620 pertinere.

417 645 550 706 Grai.
606 645 799 707 addit:
862 641 995 706 ‘sed
1055 647 1232 707 hodie
1297 667 1370 708 ex
1433 647 1558 710 divi
1618 648 1714 707 Pii
1775 648 2068 708 Antonini
2128 667 2266 708 con-

234 735 703 901 {ffifigffqhgo
734 735 931 813 magis
956 736 1088 795 iure
1114 735 1211 796 uti
1236 735 1512 798 videmur
1540 737 1702 815 quod
1726 737 1983 798 Proculo
2011 737 2266 814 placuit3

807 941 897 997 De
931 942 1107 1014 legato
1132 958 1238 1014 per
1271 943 1692 999 damnationem.

424 1050 525 1116 15.
579 1049 659 1116 D.
688 1051 794 1133 30,
825 1053 926 1133 12,
958 1052 1015 1116 l.
1105 1050 1506 1136 Pomponius
1560 1051 1730 1118 libro
1779 1053 1974 1118 tertio
2021 1053 2102 1117 ad
2150 1049 2266 1117 Sa-

237 1139 462 1205 binum
512 1135 609 1227 (P.
635 1137 818 1228 420).
870 1177 946 1188 -
996 1139 1314 1206 Proculus
1367 1141 1486 1224 ait,
1541 1141 1599 1205 si
1645 1141 1789 1226 quis
1835 1163 2056 1207 servos
2103 1163 2266 1226 quos

240 1225 533 1294 Gadibus
580 1229 852 1295 haberet
896 1251 972 1294 eo
1018 1233 1431 1313 testamento,
1476 1229 1650 1316 quod
1689 1229 1937 1296 Romae
1983 1230 2264 1297 moriens

236 1316 492 1402 fecerit,
538 1317 753 1384 triduo
801 1340 929 1403 quo
976 1323 1272 1384 mortuus
1319 1318 1518 1383 fuerit
1558 1318 1863 1386 heredem
1909 1318 2060 1385 dare
2104 1318 2268 1385 mihi.

238 1405 665 1490 damnaverit,
708 1412 926 1472 ratum
965 1429 1105 1472 esse
1140 1409 1436 1494 legatum
1475 1412 1541 1474 et
1578 1408 1913 1494 angustias
1951 1408 2264 1492 temporis

232 1493 396 1559 nihil
442 1494 659 1580 legato
705 1517 952 1562 nocere.

410 1606 485 1666 cf.
513 1607 587 1672 D.
616 1609 721 1686 28,
750 1610 809 1687 7,
840 1611 877 1668 6
926 1607 1065 1684 Ulp.
1109 1608 1187 1668 ad
1236 1607 1374 1670 Sab.

794 1775 883 1832 De
918 1778 1093 1848 leyato
1121 1794 1226 1848 per
1251 1778 1702 1848 praeceptionem.

416 1888 518 1953 16.
588 1886 729 1953 Gai.
756 1887 819 1972 2,
845 1887 996 1953 221.
1056 1925 1133 1934 -
1194 1937 1209 1953 .
1238 1936 1255 1954 .
1311 1887 1602 1955 diversae
1655 1887 1915 1955 scholae
1973 1891 2264 1957 auctores

235 1981 472 2062 putant
518 1977 718 2043 etiam
768 1982 1074 2043 extraneo
1118 2000 1237 2062 per
1275 1979 1798 2065 praeceptionem
1832 1979 2036 2064 legari
2069 2000 2264 2066 posse

234 2064 507 2151 proinde
556 2088 631 2131 ac
679 2064 737 2131 si
779 2067 875 2131 ita
922 2066 1269 2132 scribatur:
1316 2065 1550 2132 ‘Titius
1594 2068 1922 2134 hominem
1971 2065 2263 2135 Stichum

234 2153 495 2239 capito',
545 2177 947 2241 supervacua
984 2154 1237 2221 adiecta
1272 2154 1474 2239 ‘prae’
1515 2157 1793 2241 syllaba3
1839 2157 2109 2241 ideoque
2145 2178 2263 2242 per

235 2243 738 2310 vindicationem
787 2266 930 2309 eam
973 2266 1111 2311 rem
1157 2246 1446 2329 legatam
1493 2246 1712 2313 videri.

806 2462 903 2523 De
946 2420 1235 2523 bonorum‘
1257 2419 1437 2537 parte
1481 2464 1688 2537 leyata.

412 2582 541 2647 17⁸.
616 2580 695 2648 D.
732 2582 841 2667 28,
876 2579 937 2666 5,
976 2580 1036 2667 9,
1073 2582 1136 2648 3.
1242 2580 1564 2666 Ulpianus
1635 2582 1805 2647 libro
1880 2582 2108 2666 quinto
2181 2583 2262 2648 ad

230 2668 542 2736 Sabinum
602 2668 697 2755 (P.
745 2669 999 2757 24600).
1059 2707 1149 2717 -
1204 2720 1219 2736 .
1255 2717 1271 2734 .
1331 2670 1386 2735 si
1441 2670 1757 2735 maiorem
1812 2665 1928 2755 (sc.
1977 2668 2260 2757 partem)

227 2760 650 2843 adscripserit
686 2759 1209 2825 testamentarius
1237 2758 1362 2841 vel,
1398 2758 1569 2842 quod
1607 2758 1934 2824 difficilius
1975 2763 2075 2825 est
2109 2781 2263 2844 pro-

226 2849 526 2933 batione,
584 2849 749 2932 ipse-
789 2851 1093 2933 testator,
1162 2850 1237 2912 ut
1300 2869 1420 2933 pro
1487 2848 1842 2935 quadrante
1906 2848 2262 2929 semissem,

219 2936 538 3004 Proculus
583 2940 775 3022 putat
828 2959 907 3003 ex
962 2937 1318 3022 quadrante
1374 2936 1513 3002 fore
1569 2937 1896 3021 heredem,
1954 2939 2260 3024 quoniam

220 3027 399 3091 inest
447 3027 768 3112 quadrans
815 3028 885 3091 in
932 3028 1215 3092 semisse.

410 3113 543 3180 17¹³.
592 3114 671 3182 D.
692 3116 795 3198 30,
820 3114 905 3181 15
915 3138 1012 3200 pr.
1091 3114 1334 3181 Paulus
1379 3115 1549 3181 libro
1587 3115 1784 3181 tertio
1824 3116 1905 3181 ad
1945 3114 2259 3181 Sabinum

222 3200 327 3291 (P.
369 3202 590 3291 1638).
650 3240 724 3251 -
787 3202 912 3281 Qui
978 3208 1276 3289 quartam
1341 3207 1592 3287 partem
1656 3206 1976 3270 bonorum
2037 3207 2260 3291 legare

219 3294 465 3378 voluit,
522 3293 855 3359 dimidiam
912 3294 1191 3378 scripsit.
1282 3292 1592 3359 Proculus
1648 3343 1663 3359 .
1693 3342 1710 3359 .
1767 3294 1860 3358 ait
1909 3316 2104 3379 posse
2150 3295 2258 3359 de-

218 3381 401 3447 fendi
451 3386 749 3467 quartam
796 3384 1109 3468 legatam,
1155 3382 1310 3467 quia
1353 3383 1596 3447 inesset
1641 3382 1964 3447 dimidiae.

410 3470 512 3537 18.
557 3470 635 3535 D.
666 3472 771 3553 30,
799 3472 905 3554 26,
932 3472 992 3536 2.
1082 3470 1479 3554 Pomponius
1525 3471 1693 3536 libro
1743 3472 1968 3555 quinto
2016 3472 2096 3536 ad
2145 3471 2254 3536 Sa-

219 3560 451 3626 binum
489 3557 588 3643 (P.
609 3558 791 3647 448).
824 3596 912 3607 --
950 3558 1112 3625 Cum
1149 3560 1470 3625 bonorum
1509 3563 1693 3643 parte
1730 3560 1948 3644 legata
1986 3560 2255 3625 dubium
