2575 3900
805 212 852 262 6.
899 203 1315 260 IAVOLENUS
1351 203 1649 297 muscus
2104 206 2235 271 419

214 367 504 435 Servium
566 370 941 452 respondisse
1001 368 1235 453 scribit,
1298 369 1448 450 quia
1510 369 1795 434 dominus
1848 390 2013 435 servo
2076 370 2237 436 nihil

212 458 421 523 debere
474 460 784 540 potuisset.
873 478 975 541 eqo
1029 462 1182 539 puto
1245 458 1575 522 secundum
1620 462 1877 523 mentem
1933 460 2237 525 testatoris

215 548 762 701 Zioataezleurtrgaeae
790 567 978 629 quam
1023 546 1197 611 civile
1240 546 1509 612 debitum
1552 549 1944 628 spectandum
1988 568 2135 632 esse,
2180 552 2240 613 et

336 798 433 885 De
478 818 539 860 eo
580 802 679 861 >cui
722 802 973 875 fundum
1017 802 1256 860 vendere
1302 804 1450 861 certo
1483 802 1674 874 pretio
1720 802 1969 861 damnas
2014 805 2109 861 est.

393 910 497 975 66.
540 909 618 976 D.
648 912 752 994 32,
781 911 885 996 30,
913 911 973 976 3.
1046 910 1264 976 Labeo
1294 911 1461 976 libro
1491 910 1769 975 seeundo
1799 910 2233 993 posteriorum

213 1021 256 1064 a
300 997 608 1064 Iavoleno
661 1000 1183 1083 epitomatorum.
1225 1036 1311 1047 —-
1357 999 1433 1065 Si
1470 998 1741 1081 fundum
1785 1000 1943 1064 mihi
1985 1002 2235 1066 vendere

211 1092 369 1153 certo
417 1089 614 1170 pretio
673 1088 1078 1173 damna[tu]s
1122 1109 1202 1172 es,
1245 1089 1490 1154 nullum
1529 1088 1806 1169 fructum
1850 1090 1982 1153 eius
2024 1090 2117 1154 rei
2160 1110 2233 1155 ea

211 1178 550 1242 venditione
594 1178 861 1260 excipere
905 1178 1016 1244 tibi
1059 1178 1316 1242 liberum
1362 1178 1493 1260 erit,
1537 1178 1688 1260 quia
1732 1178 1803 1241 id
1831 1179 2105 1260 pretium
2149 1180 2236 1243 ad

211 1270 404 1331 totam
447 1286 702 1331 causam
740 1267 931 1350 fundi
961 1268 1249 1349 pertinet.

477 1450 832 1524 Leyatorum
874 1450 1294 1510 servandorum
1338 1466 1521 1509 causa
1563 1453 1630 1507 ut
1675 1453 1964 1508 caveatur.

390 1559 493 1625 67.
548 1557 628 1623 D.
656 1557 761 1640 36,
787 1562 848 1643 4,
880 1560 977 1624 14.
1050 1558 1265 1623 Labeo
1296 1558 1463 1623 libro
1493 1557 1771 1624 seeundo
1800 1560 2226 1643 posteriorum

214 1669 253 1711 a
307 1646 610 1713 Iavoleno
678 1648 1194 1731 epitomatorum.
1247 1683 1323 1694 —
1377 1647 1546 1728 Quae
1601 1648 1933 1730 leyatorum
1984 1668 2231 1715 servan-

210 1738 433 1801 dorum
485 1756 677 1801 causa
729 1738 801 1800 in
855 1737 1028 1801 bonis
1080 1741 1192 1817 est,
1251 1738 1320 1801 in
1363 1756 1552 1801 causa
1596 1738 1865 1802 vescendi
1908 1738 2230 1817 deminuet,

209 1826 270 1889 si
318 1826 459 1908 filia
509 1826 708 1907 neptis
747 1827 1067 1909 proneptis
1117 1846 1347 1891 itxorve
1393 1830 1541 1891 esset
1592 1846 1700 1891 nec
1752 1830 1948 1908 nupta
2000 1827 2084 1892 sit
2125 1848 2232 1893 nec

209 1932 394 1980 suum
435 1916 760 1998 quicquam
803 1914 1033 1981 habeat.

722 2099 818 2158 De
860 2099 1043 2172 leyato
1088 2100 1468 2159 condicionali
1510 2101 1722 2159 relicto.

385 2207 488 2274 68.
533 2206 614 2272 D.
643 2207 748 2292 35,
790 2216 844 2294 1,
873 2210 1065 2293 40pr.
1147 2209 1325 2273 Idem
1364 2204 1480 2295 (so.
1515 2205 1886 2296 Iavolenus)
1925 2209 2089 2273 libro
2132 2232 2224 2274 se-

210 2296 415 2362 eundo
491 2319 566 2360 ex
636 2298 1103 2400 posterioribus
1168 2295 1505 2362 Labeonis.
1573 2333 1657 2344 —-
1727 2297 1959 2378 Quibus
2018 2298 2226 2364 diebus

207 2385 448 2450 vicinus
493 2391 635 2450 tuus
681 2391 735 2450 te
767 2387 873 2450 via
896 2386 1164 2468 publiea,
1210 2406 1351 2452 cum
1386 2387 1473 2452 ad
1498 2387 1848 2468 parendum
1884 2389 2226 2452 condicioni

208 2475 300 2537 ire
351 2474 550 2554 velles,
603 2476 696 2539 ire
728 2474 1113 2557 prohibuerit
1153 2478 1295 2555 [nec
1327 2497 1445 2558 per
1491 2481 1545 2539 te
1588 2479 1799 2553 staret,
1851 2496 1970 2557 quo
2016 2478 2225 2542 minus

209 2563 438 2644 agendo
483 2562 554 2627 ob
595 2563 942 2628 calumnias
975 2585 1112 2629 enm
1146 2567 1573 2647 summoveas]‚
1617 2563 1685 2628 hi
1720 2565 1848 2629 dies
1883 2565 2226 2630 condicioni

208 2670 334 2715 non
377 2651 860 2732 imputabuntur.

384 2744 623 2804 Inclusa
666 2744 850 2805 verba
887 2765 924 2805 a
961 2745 1321 2806 Triboniano
1360 2746 1565 2806 addita
1601 2765 1732 2806 esse
1769 2745 2013 2806 Pernice
2050 2747 2222 2807 vidit.

1194 2918 1229 2983 ⁴?

383 3033 486 3099 69.
544 3033 622 3099 D.
652 3033 757 3117 50,
789 3034 889 3117 16,
916 3035 1065 3117 242,
1096 3035 1153 3100 3.
1239 3031 1583 3100 Iavolenus
1620 3035 1786 3099 libro
1828 3035 2104 3100 seeundo
2144 3057 2220 3099 ex

204 3123 675 3206 posterioribus
730 3123 1067 3188 Labeonis.
1129 3159 1204 3170 —
1267 3123 1595 3190 ‘Viduam'
1648 3145 1775 3188 non
1823 3124 2020 3189 solum
2066 3145 2219 3208 eam,

204 3232 360 3293 quae
401 3212 738 3294 aliquando
782 3217 979 3295 nupta
1020 3213 1254 3293 fuisset,
1300 3214 1406 3278 sed
1447 3233 1582 3277 eam
1619 3233 1849 3294 quoque
1883 3213 2218 3291 mulierem,

202 3321 357 3383 quae
418 3303 620 3366 virum
682 3321 810 3366 non
871 3302 1198 3386 habuisset,
1260 3301 1566 3384 appellari
1628 3303 1723 3367 ait
1772 3301 1999 3387 Labeo,
2070 3303 2221 3384 quia

202 3390 388 3455 viana
432 3392 522 3455 sic
565 3391 729 3456 dicta
773 3396 860 3456 est
902 3391 1084 3473 quasi
1127 3409 1352 3469 vecors,
1396 3410 1672 3474 vesanus,
1718 3391 1827 3474 qui
1868 3392 2001 3456 sine
2044 3391 2221 3456 corde

203 3483 314 3542 aut
371 3481 638 3544 sanitate
699 3485 878 3556 esset,·
951 3479 1238 3544 similiter
1301 3439 1553 3543 viduam
1614 3480 1841 3544 dictam
1903 3500 2025 3545 esse
2084 3480 2219 3544 sine

199 3568 446 3633 duitate.

1683 3675 1750 3724 27
1762 3668 1791 3702 *
