2575 3900
919 208 967 258 5.
1014 200 1253 257 TITIUS
1291 200 1556 257 ARISTO
2115 198 2242 263 361

221 371 481 431 alteram
508 370 665 430 infra
692 370 757 429 in
775 370 1077 448 responsis
1096 371 1371 430 referam.
1415 368 1760 427 Aristonem
1778 367 2019 427 Afranii
2036 368 2250 428 Dextri

218 460 601 521 consulatum
664 460 886 521 vidisse
953 478 1293 536 annumque
1357 460 1482 518 105
1543 450 1724 539 (Plin.
1763 476 1852 533 ep.
1893 460 1950 530 8,
1993 458 2093 534 14,
2135 448 2247 539 12)

218 550 352 610 vita
396 566 709 627 superasse
756 552 1193 625 comprobatur.

394 654 721 715 Auditor-es
793 654 1036 715 videtur
1106 654 1390 714 habuisse
1463 653 1736 729 inprimis
1808 656 1872 713 et
1931 654 2250 713 Neratium

216 745 495 805 Priscum
534 738 634 825 (D.
665 744 766 821 18,
796 746 855 823 3,
887 746 987 819 17,
1018 745 1055 804 5
1096 737 1328 803 ‘Aristo
1365 736 1790 807 existimabat’.
1843 742 1916 803 D.
1948 745 2007 821 2,
2039 744 2139 817 14,
2165 744 2248 803 58

218 829 517 893 ‘Aristoni
572 878 587 893 .
624 878 639 894 .
677 876 694 893 .
748 826 1106 893 videbatur'.
1186 832 1257 891 D.
1303 834 1404 911 13,
1445 835 1502 911 1,
1545 834 1645 908 12,
1685 834 1722 891 2
1773 825 2079 892 ‘Neratius
2128 878 2141 892 .
2181 878 2194 891 .
2236 878 2249 889 .

218 922 567 983 Aristonem
648 921 1019 982 existimasse
1090 912 1332 1003 refert')
1405 923 1467 980 et
1538 919 1786 979 Sextum
1855 919 2253 997 Pomponium

220 1005 326 1093 (D.
348 1013 452 1086 46,
474 1012 532 1087 3,
555 1012 635 1071 16
686 1004 917 1071 ‘Aristo
964 1004 1242 1069 dicebat'.
1316 1010 1388 1069 D.
1411 1012 1514 1088 36,
1540 1013 1594 1088 1,
1617 1012 1702 1069 74
1742 1004 1971 1070 ‘Aristo
2010 1002 2250 1070 aiebat'.

216 1100 293 1160 D.
327 1102 428 1176 17,
459 1101 517 1175 2,
550 1100 631 1160 62
682 1093 973 1159 ‘Aristoni
1019 1090 1371 1180 placebat').

401 1205 747 1265 Aristonem
792 1208 1068 1266 veterum
1105 1205 1429 1283 diligenter
1463 1205 1760 1265 rationem
1796 1206 2078 1265 habuisse
2116 1224 2252 1265 con-

220 1298 367 1373 stat,
416 1296 479 1353 in
523 1294 619 1355 his
666 1292 912 1355 Catonis
958 1287 1058 1373 (D.
1091 1290 1195 1372 24,
1225 1296 1281 1367 3,
1314 1295 1399 1353 44
1417 1288 1558 1375 pr.),
1605 1293 1672 1365 Q.
1718 1294 1902 1354 Mucii
1948 1290 2048 1372 (D.
2071 1295 2173 1367 40,
2196 1297 2256 1371 7,

225 1388 329 1463 29,
354 1376 439 1464 1),
477 1382 671 1445 Servii
710 1376 810 1464 (D.
832 1386 892 1459 4,
914 1385 972 1458 s,
994 1376 1125 1463 40).
1200 1381 1491 1442 accedunt
1528 1380 1740 1442 ofilius
1778 1375 1878 1463 (D.
1899 1385 2002 1461 30,
2024 1384 2106 1443 45
2117 1376 2256 1464 pr.),

224 1474 428 1533 Labeo
496 1464 596 1554 (D.
639 1474 742 1549 33,
782 1473 839 1549 9,
879 1474 939 1546 3,
980 1475 1035 1532 2.
1085 1473 1189 1547 43,
1228 1474 1332 1550 24,
1370 1472 1407 1531 5
1437 1463 1583 1551 pr.),
1642 1471 1763 1531 alii.
1855 1474 1922 1532 at
1981 1472 2256 1549 vestigiis

224 1582 434 1623 eorum
476 1580 596 1621 non
626 1561 774 1621 adeo
802 1561 1169 1635 inhaerebat,
1206 1563 1280 1620 ut
1307 1559 1547 1619 eosdem
1572 1578 1695 1620 non
1720 1577 1859 1620 raro
1886 1561 2258 1637 relinqueret

224 1644 327 1731 (D.
367 1652 473 1728 35,
515 1653 573 1729 2,
615 1653 671 1726 1,
712 1641 801 1731 9).
892 1649 1128 1710 notavit
1172 1652 1488 1725 praeterea
1534 1654 1595 1708 et
1638 1649 1977 1709 Labeonem
2015 1640 2117 1728 (D.
2155 1652 2258 1725 28,

227 1742 287 1813 5,
328 1742 431 1816 17,
468 1731 559 1821 5),
604 1740 667 1799 et
726 1737 1015 1799 Sabinum
1062 1730 1163 1818 (D.
1205 1741 1262 1815 7,
1303 1739 1360 1813 8,
1402 1738 1458 1797 6.
1507 1738 1579 1799 cf.
1615 1737 1691 1798 D.
1731 1739 1836 1814 33,
1875 1740 1934 1816 9,
1973 1739 2033 1816 3,
2071 1730 2141 1820 1)
2196 1743 2260 1797 et

225 1828 499 1889 Cassium
545 1820 649 1908 (D.
691 1831 748 1905 7,
791 1831 846 1906 1,
887 1830 987 1903 17,
1030 1829 1085 1886 1.
1132 1826 1207 1886 cf.
1244 1826 1318 1886 D.
1359 1828 1462 1903 39,
1503 1830 1560 1903 2,
1601 1820 1730 1908 28).
1823 1827 1978 1886 dixit
2021 1845 2258 1904 quoque

229 1920 441 1979 contra
476 1916 779 1997 Pegasum
826 1910 926 1998 (D.
969 1918 1073 1996 28,
1113 1917 1171 1995 5,
1211 1908 1342 1997 19).

403 2024 749 2084 Nonnullae
795 2023 1127 2084 sententiae
1174 2023 1420 2083 Traiani
1457 2025 1720 2084 aetatem
1754 2043 1898 2100 prae
1937 2042 2000 2082 se
2037 2024 2258 2084 ferunt.

229 2115 356 2174 eius
394 2114 630 2192 generis
669 2118 811 2174 sunt
846 2113 1139 2191 inprimis,
1176 2131 1331 2189 quae
1363 2112 1436 2172 de
1463 2116 1656 2190 patre,
1695 2113 1801 2192 qui
1828 2113 2020 2172 filium
2051 2117 2260 2172 contra

228 2203 517 2280 pietatem
559 2204 717 2262 male
772 2202 1089 2263 adficiebat
1126 2195 1227 2281 (D.
1258 2203 1362 2273 37,
1388 2203 1491 2280 12,
1521 2196 1589 2282 5)
1637 2205 1698 2260 et
1735 2203 1809 2262 de
1845 2203 1996 2275 loco,
2040 2201 2106 2259 in
2142 2219 2259 2278 quo

232 2310 439 2352 servus
486 2292 761 2368 sepultus
800 2296 893 2352 est
938 2285 1041 2370 (D.
1090 2293 1191 2364 11,
1243 2293 1300 2369 7,
1349 2292 1386 2349 2
1425 2281 1562 2371 pr.),
1605 2292 1842 2351 statuit.

410 2414 755 2474 Aristonem
798 2413 1083 2474 Neratius
1145 2431 1574 2489 nonnunquam
1629 2415 1931 2474 consuluit
1993 2407 2086 2495 (in
2141 2414 2263 2491 epi-

233 2503 397 2564 stula
432 2501 669 2561 Neratii
714 2502 790 2562 ad
831 2501 1196 2579 Aristonem,
1241 2521 1423 2579 quam
1466 2501 1762 2579 Ulpianus
1797 2503 1871 2562 D.
1896 2507 1996 2581 19,
2019 2507 2076 2582 2,
2100 2508 2200 2576 19,
2222 2506 2259 2563 2

235 2593 679 2666 commemorat,
725 2590 999 2667 quamvis
1044 2590 1330 2650 Neratius
1373 2591 1502 2666 ipse
1551 2607 1786 2668 quoque
1825 2609 1996 2650 suam
2031 2595 2264 2651 senten-

235 2681 387 2740 tiam
412 2679 815 2757 proposuerit,
854 2698 891 2738 a
920 2679 1167 2739 Neratio
1198 2678 1545 2739 Aristonem
1581 2679 2023 2758 interrogatum
2059 2681 2264 2756 fuisse,

232 2788 356 2829 non
409 2767 586 2826 illum
637 2767 779 2827 huic
828 2767 1170 2828 consulenti
1214 2767 1596 2844 respondisse
1644 2768 1792 2828 satis
1839 2759 2148 2849 apparet),
2204 2771 2267 2828 et

236 2876 417 2933 saepe
454 2859 698 2917 secutus
734 2859 846 2917 est.
918 2858 1064 2917 haec
1102 2855 1259 2916 enim
1297 2856 1606 2934 leguntur:
1652 2851 1855 2935 ‘idque
1895 2859 1957 2917 et
1993 2857 2266 2918 Aristoni

236 2950 299 3007 et
350 2946 598 3007 Neratio
648 2987 664 3006 .
704 2992 717 3005 .
758 2993 770 3006 .
817 2939 1041 3022 placet’
1096 2945 1165 3005 D.
1210 2948 1312 3021 23,
1351 2948 1410 3023 3,
1449 2948 1559 3023 20,
1615 2938 1702 3005 ‘et
1745 2947 1836 3006 ita
1879 2946 2151 3008 Aristoni
2206 2950 2270 3006 et

234 3035 486 3096 Neratio
648 3034 844 3096 visum
883 3028 997 3095 est'
1035 3035 1103 3094 D.
1137 3037 1240 3108 35,
1273 3038 1328 3108 1,
1361 3038 1395 3094 7
1417 3053 1506 3112 pr.
1547 3035 1804 3112 saepius,
1843 3037 2001 3114 quod
2028 3037 2091 3095 in
2120 3056 2264 3096 enu-

234 3123 667 3185 merationibus
704 3125 1049 3201 frequenter
1082 3123 1171 3201 fit,
1206 3124 1403 3183 minor
1428 3126 1576 3183 natu
1604 3124 1818 3184 maiori
1844 3126 2264 3203 praeponiturt

240 3207 547 3273 ‘Neratius
594 3215 656 3272 et
700 3213 904 3273 Aristo
952 3214 1015 3272 et
1061 3211 1271 3273 Ofilius
1315 3207 1597 3290 probant'
1645 3213 1716 3274 D.
1749 3217 1851 3291 30,
1871 3217 2075 3291 45pr.,
2123 3208 2265 3273 ‘Ne-

238 3302 394 3362 ratio
433 3306 497 3361 et
533 3301 803 3362 Aristoni
838 3295 1137 3379 placebat'
1176 3303 1245 3360 D.
1272 3304 1351 3361 17
1359 3349 1374 3380 ,
1397 3305 1453 3376 2,
1476 3304 1578 3380 62,
1615 3297 1923 3364 ‘Neratius
1961 3307 2024 3363 et
2061 3304 2266 3362 Aristo

242 3439 255 3452 .
302 3438 315 3450 .
361 3385 605 3467 putant'
662 3391 732 3451 D.
779 3393 883 3469 40,
931 3394 990 3466 7,
1038 3393 1075 3451 5
1105 3411 1215 3470 pr.,
1288 3385 1560 3452 ‘consilio
1632 3391 1870 3452 Neratii
1941 3392 2133 3452 Prisci
2207 3393 2270 3451 et

239 3474 564 3539 Aristonis'
627 3479 701 3538 D.
748 3482 859 3558 37,
919 3482 1029 3557 12,
1079 3482 1144 3557 5,
1212 3480 1372 3556 apud
1433 3479 1762 3557 Ulpianum
1827 3475 2088 3554 ‘Labeo,
2149 3480 2265 3538 Ne-

240 3568 433 3628 ratius
488 3571 550 3629 et
606 3561 842 3628 Aristo'
896 3568 971 3628 D.
1018 3571 1129 3648 28,
1178 3572 1244 3646 5,
1295 3573 1359 3645 9,
1410 3570 1518 3648 14,
1589 3569 1845 3648 denique
1908 3571 1972 3628 in
2035 3567 2270 3628 Neratii
