2575 3900
371 171 510 236 490
581 172 649 227 V.
687 170 986 227 NERVAE
1022 171 1118 226 ΕΤ
1153 170 1463 225 ΤΒΔΙΑΝΙ
1494 169 1708 224 ΤΕΜΡ.
1745 169 1937 226 IU‘RIS
1976 168 2373 226 CONSULTI

367 340 794 416 consumptum
857 337 914 398 ei
961 335 1134 417 perit
1191 335 1299 415 qui
1359 334 1662 412 donavit[,
1723 334 1783 398 si
1838 335 2012 398 modo
2066 335 2135 397 in
2189 355 2437 401 rerum

371 429 606 488 natura
667 443 791 488 esse
851 425 1058 494 desiit,-
1125 444 1234 488 nec
1284 423 1523 487 videtur
1575 423 1799 486 mulier
1852 422 2204 504 locupletior
2258 444 2431 502 esse,

367 533 532 594 quae
573 532 763 594 neque
805 533 848 576 a
889 514 1182 577 creditore
1222 532 1333 576 suo
1380 512 1632 576 liberata
1676 516 1765 576 est
1804 531 1993 592 neque
2026 513 2097 576 id
2123 515 2435 594 possidet

369 602 540 684 quod
581 621 654 664 ωε
689 602 956 683 pecunia
999 603 1122 665 viri
1164 603 1441 680 emerat]

555 711 798 772 Pernice
846 713 941 770 ΙΠ
984 733 1045 790 p.
1076 715 1220 772 199.

945 884 1046 950 De
1087 885 1406 950 verborum
1450 885 1829 968 obli9atione.

557 999 657 1064 73.
723 998 800 1063 D.
837 1000 944 1076 46,
984 1002 1040 1082 1,
1079 1001 1181 1065 20.
1278 998 1616 1064 Iavolenus
1680 1000 1847 1065 libro
1901 997 2413 1066 tertio'decimo

375 1087 838 1172 Epistularum.
891 1125 965 1135 —-
1019 1087 1144 1154 Sed
1193 1090 1306 1154 etsi
1358 1090 1518 1153 servi
1570 1091 1855 1154 dominus
1898 1091 2229 1171 pecuniam
2278 1090 2411 1154 sol-

370 1179 557 1254 verit,
619 1183 878 1259 repetere
938 1199 1076 1242 eam
1137 1199 1266 1242 non
1318 1177 1397 1242 ab
1450 1198 1516 1243 eo
1556 1198 1678 1261 pro
1732 1199 1850 1260 quo
1904 1179 2230 1258 fideiussit,
2294 1180 2413 1244 sed

369 1266 454 1331 ab
496 1286 562 1330 eo
605 1268 708 1331 cui
751 1269 1099 1331 numeravit
1131 1269 1374 1349 poterit,
1418 1287 1555 1331 cum
1598 1287 1809 1332 servus
1839 1268 2257 1348 fideiussionis
2290 1288 2407 1332 no-

373 1356 540 1419 mine
593 1356 854 1438 obliqari
901 1377 1028 1420 non
1061 1358 1274 1436 possit.
1364 1357 1639 1436 sequitur
1682 1377 1843 1437 erqo,
1898 1360 1971 1419 ut
2011 1356 2089 1420 ab
2132 1377 2226 1432 eo,
2274 1376 2403 1437 pro

367 1465 489 1526 quo
531 1445 932 1526 fideiusserat,
976 1447 1164 1527 repeti
1207 1465 1334 1509 uon
1368 1446 1584 1525 possit,
1630 1465 1769 1510 cum
1816 1446 1944 1526 ipse
1957 1441 1983 1480 ¹
2016 1465 2157 1510 aere
2190 1445 2403 1508 alimo

370 1533 673 1614 obliyatus
723 1535 808 1598 sit
854 1554 960 1598 nec
1001 1534 1299 1598 solutione
1344 1533 1596 1596 liberari
1638 1535 1771 1598 eius
1804 1535 2104 1615 pecuniae
2146 1534 2406 1598 nomine

363 1624 656 1704 potuerit,
702 1623 879 1687 cuius
924 1623 1210 1706 obliyatio
1256 1623 1343 1686 ad
1383 1642 1623 1686 servum
1666 1643 1792 1687 non
1826 1623 2143 1704 pertinuit.

1370 1799 1403 1862 ἱ)

561 1913 660 1978 74.
710 1912 787 1981 D.
821 1916 876 1995 1,
901 1914 962 1996 4,
993 1917 1050 1981 3.
1133 1913 1475 1980 Iavolenus
1511 1914 1954 2001 Epistularum
1990 1913 2159 1980 libro
2198 1915 2395 1981 tertio

371 2003 641 2068 decimo.
695 2040 768 2049 —
821 2003 1203 2085 Beneficeum
1255 2006 1671 2086 imperatoris,
1725 2006 1887 2085 quod
1933 2026 1976 2069 a
2018 2005 2235 2069 divina
2276 2006 2399 2069 sci-

371 2093 513 2158 licet
549 2093 682 2157 eius
725 2092 1107 2174 indulqentia
1137 2094 1565 2177 proficiscitur,
1606 2114 1795 2175 quam
1820 2093 2178 2175 plenissime
2211 2094 2399 2157 inter-

359 2182 608 2265 pretari
652 2181 941 2245 debemus.

552 2291 714 2351 Fieri
776 2295 999 2368 potest,
1064 2296 1133 2353 ut
1183 2293 1504 2354 Iavolenus
1567 2293 1641 2352 de
1704 2293 1911 2353 eodem
1970 2292 2095 2353 divi
2148 2292 2391 2351 Traiani

373 2380 659 2440 beneficio
704 2382 1010 2441 consultus
1057 2383 1152 2459 sit,
1199 2382 1368 2440 cuius
1414 2382 1720 2441 Aburm'us
1758 2380 1979 2441 Valens
2026 2381 2386 2441 mentionem

369 2470 522 2529 facit
568 2470 638 2529 D.
667 2472 771 2547 49,
804 2473 902 2544 14,
932 2473 1033 2530 42.

1177 2631 1397 2690 Liber
1440 2630 1599 2689 XIV.

1199 2740 1300 2805 De
1345 2741 1571 2823 leyatis.

556 2855 655 2920 75.
702 2854 780 2920 D.
809 2856 912 2937 35,
949 2858 1001 2936 1,
1030 2855 1133 2919 56.
1204 2854 1383 2919 Idem
1414 2852 1528 2939 (sc.
1559 2852 1932 2943 Iavolenus)
1961 2856 2127 2921 libro
2157 2860 2379 2942 quarto

372 2942 623 3007 decimo
653 2943 1115 3027 Epistularum.
1152 2979 1241 2989 --
1277 2944 1398 3009 Oui
1428 2945 1664 3024 fundus
1700 2946 1931 3026 leyatus
1964 2949 2066 3027 est,
2101 2946 2159 3010 si
2194 2946 2382 3010 decem

369 3032 625 3114 dederit,
675 3036 922 3113 partem
979 3032 1167 3111 fundi
1227 3034 1507 3114 consequi
1562 3054 1687 3098 non
1730 3038 1950 3115 potest,
2012 3035 2140 3098 nisi
2192 3038 2371 3099 totam

356 3121 692 3203 pec-uniam
736 3124 1124 3185 numerasset.
1216 3122 1541 3186 dissimilis
1584 3128 1673 3186 est
1714 3142 1927 3204 causa,
1972 3143 2111 3187 cum
2154 3123 2374 3187 duobus

371 3209 581 3272 eadem
625 3228 722 3273 res
765 3209 874 3273 sub
919 3210 1264 3274 condicione
1310 3211 1509 3292 leyata
1553 3216 1669 3285 est,·
1728 3212 1796 3274 in
1840 3210 1955 3275 hac
1997 3212 2163 3275 enim
2208 3232 2375 3294 quae·

369 3297 564 3360 stione
599 3298 809 3361 statim
844 3318 886 3360 a
924 3302 1289 3381 testamento,
1330 3319 1447 3380 quo
1471 3299 1765 3380 pluribus
1798 3300 2069 3365 condicio
2104 3300 2375 3383 adposita

519 3474 546 3522 1
584 3468 834 3538 Krueyer
863 3486 971 3550 pro
1006 3472 1070 3523 ut
1105 3471 1178 3525 ab
1215 3486 1379 3525 eo-
1408 3487 1534 3526 cum
1560 3471 1681 3542 ipse
1708 3473 1896 3541 potius
1922 3474 2204 3543 leyendum
2222 3478 2376 3543 putat

373 3540 439 3591 ut
475 3540 524 3593 ie
559 3556 659 3609 pro
698 3555 809 3608 quo
843 3539 1204 3595 fideiusserat.
