2575 3900
280 151 410 214 582
465 211 478 222 ,
1015 144 1569 204 ADDITAMENTA„

282 315 442 397 sint,
505 317 579 379 ut
627 314 680 378 si
727 313 892 378 vivis
938 313 1126 380 nobis
1173 317 1541 398 nascantur,
1584 313 1653 376 in
1700 315 2027 396 potestate
2073 317 2309 378 nostra

221 415 234 430 ⁹
278 402 459 467 fiant.

1110 488 1210 555 De
1249 490 1457 571 furtis,

456 587 560 653 40.
625 585 767 653 Gai.
804 589 863 670 2,
901 587 1004 652 51.
1045 624 1128 634 —
1158 636 1174 653 .
1202 635 1218 652 .
1249 639 1261 652 .
1302 586 1531 670 <cum>
1568 588 1916 671 inprobata
1955 589 2041 653 sit
2077 608 2303 652 eorum

283 678 623 760 sententia,
669 677 778 760 qui
826 676 1197 758 putaverint
1231 673 1542 740 furtivum
1589 676 1857 742 fundum
1902 677 2045 741 fieri
2089 689 2313 760 posse:

458 766 564 831 41.
631 764 774 830 Gai.
821 765 881 844 3,
932 765 1104 830 184?
1154 801 1239 812 —
1285 763 1699 829 Manifestum
1748 765 1991 829 furtum
2038 763 2299 848 quidam

282 855 347 919 id
405 876 543 920 esse
602 815 917 936 dixerun’t,
991 853 1158 938 quod
1215 853 1366 918 dum
1429 853 1505 918 fit
1571 853 2078 936 deprehenditur.
2186 854 2299 917 alii

280 962 433 1008 vero
481 943 770 1024 ulterius,
827 904 998 1027 qu'od
1043 964 1118 1007 eo
1178 942 1322 1008 loco
1370 941 1871 1026 deprehenditur
1915 943 2028 1006 ubi
2073 943 2211 1008 fit.

280 1033 543 1098 illorum
600 1032 919 1096 sententia
973 1030 1083 1114 qui
1127 1032 1684 1113 existimaverunt,
1738 1032 1940 1095 donec
1986 991 2301 1115 perferret

281 1142 357 1186 eo
425 1143 550 1205 quo
614 1120 718 1184 fur
781 1119 1193 1203 destinasset,
1267 1119 1733 1203 deprehensum
1795 1120 2041 1185 furtum
2096 1121 2300 1183 mani·

279 1209 519 1273 festum
568 1229 727 1292 esse,
784 1207 927 1272 ideo
975 1229 1107 1272 non
1156 1207 1406 1272 videtur
1450 1209 1730 1292 probari,
1784 1208 1937 1292 quia
1992 1229 2297 1292 magnam

280 1296 508 1381 recipit
600 1295 1101 1382 dubitationem,
1180 1300 1399 1369 utrum
1482 1296 1670 1361 unius
1746 1296 1870 1360 diei
1946 1319 2027 1362 an
2100 1298 2294 1361 etiam

279 1386 561 1471 plurium
635 1386 879 1450 dierum
953 1385 1165 1469 spatio
1231 1385 1299 1449 id
1358 1384 1835 1450 terminandum
1911 1387 1999 1450 sit
2061 1438 2074 1451 .
2103 1436 2115 1449 .
2147 1435 2160 1449 .
2218 1407 2297 1450 ex

281 1474 530 1540 duabus
584 1475 804 1558 itaque
861 1473 1299 1557 superioribus
1358 1474 1769 1557 opinionibus
1826 1475 2140 1539 alterutra
2190 1475 2297 1538 ad-

280 1565 609 1648 probatur,
657 1563 863 1648 magis
918 1567 1140 1627 tamen
1194 1563 1487 1647 plerique
1541 1563 1960 1647 posteriorem
1979 1563 2295 1664 ‘probant

548 1650 768 1717 ‚Gai.
818 1653 878 1732 3,
923 1652 1072 1716 200.
1125 1687 1216 1700 -—
1324 1650 1632 1735 p.lacuit
1686 1672 1830 1716 eum
1887 1651 1997 1736 qui
2044 1673 2297 1716 servum

281 1764 466 1806 suum
523 1763 747 1826 quem
743 1741 922 1805 alius
980 1740 1153 1805 bona
1198 1701 1338 1804 fide
1370 1740 1760 1824 possidebat,
1824 1741 1907 1804 ad
1971 1761 2039 1804 se
2084 1761 2296 1805 rever-

281 1852 422 1895 sum
468 1829 795 1913 celaverit,
840 1827 1088 1893 furtum
1135 1829 1558 1893 committere.

457 1919 564 1986 43.
623 1917 762 1984 Gai.
793 1918 852 2001 3,
895 1917 1035 1983 197.
1074 1954 1160 1965 —
1198 1917 1455 1983 Placuit
1491 1969 1504 1982 .
1535 1968 1548 1981 .
1596 1938 1707 1983 eos
1746 1918 1855 2002 qui
1897 1916 2087 1982 rebus
2126 1939 2295 1983 com-

283 2007 561 2075 modatis
606 2007 794 2072 aliter
832 2010 1165 2073 uterentur
1203 2030 1397 2092 quam
1435 2006 1702 2072 utendas
1742 2006 2159 2090 accepissent,
2205 2008 2299 2071 ita

281 2097 525 2162 furtum
571 2096 990 2178 committere,
1037 2096 1092 2159 si
1130 2096 1513 2180 intellegant
1558 2094 1625 2159 id
1672 2115 1739 2159 se
1785 2096 1987 2159 invito
2036 2094 2296 2160 domino

280 2184 516 2268 faeere,
564 2206 861 2268 eumque,
917 2185 972 2249 si
1018 2184 1461 2266 intellexisset,
1507 2206 1638 2249 non
1692 2184 2183 2270 permissurum3
2226 2190 2299 2248 at

282 2274 338 2337 si
382 2274 844 2357 permissurum
871 2272 1172 2356 credant,
1220 2281 1401 2338 extra
1445 2272 1603 2337 furti
1650 2274 1893 2336 crimen
1945 2272 2163 2338 videri.

458 2363 563 2427 44.
656 2359 798 2427 Gai.
849 2363 917 2446 3,
981 2362 1131 2428 204.
1197 2398 1281 2407 -
1351 2411 1415 2425 ..
1468 2365 1745 2431 constat,
1780 2362 2161 2426 creditorem
2218 2361 2294 2425 de

282 2453 554 2537 pignore
611 2451 916 2535 subrepto
971 2449 1132 2515 furti
1187 2470 1380 2533 agere
1436 2472 1644 2534 posse,
1700 2448 1858 2515 adeo
1902 2449 2178 2533 quidem,
2225 2454 2299 2515 ut

281 2540 576 2625 quamvis
624 2541 762 2623 ipse
809 2540 1132 2616 dominus,
1192 2538 1257 2602 id
1308 2543 1406 2603 est
1451 2540 1589 2621 ipse
1637 2538 1916 2623 debitor,
1974 2560 2116 2603 eam
2160 2560 2298 2603 rem

283 2630 692 2713 subripuerit,
728 2629 930 2693 nihilo
968 2629 1182 2691 minus
1219 2627 1524 2691 creditori
1560 2630 1889 2711 competat
1925 2627 2093 2693 actio
2122 2626 2297 2694 furti.
2350 2662 2357 2667 ·

990 2787 1091 2853 De
1135 2788 1256 2871 leqe
1300 2788 1579 2869 Aquilia.

457 2886 561 2951 45.
638 2885 776 2951 Gai.
840 2887 898 2971 3,
944 2885 1092 2950 219.
1171 2922 1247 2931 -
1320 2936 1385 2950 ..
1450 2884 1697 2967 placuit
1759 2884 1853 2949 ita
1908 2884 2163 2985 demum
2218 2906 2296 2948 ex

281 2976 412 3040 ista
466 2976 611 3060 lege
659 2975 772 3059 (sc.
820 2936 1113 3060 Aquilia)
1163 2974 1483 3038 actionem
1531 2995 1687 3058 esse,
1736 2973 1789 3037 si
1837 2972 1981 3057 quis
2029 2994 2295 3058 corpore

281 3086 397 3129 suo
446 3065 752 3130 damnum
801 3063 1066 3127 dederit.

856 3223 956 3289 De
998 3223 1313 3288 verborum
1358 3222 1733 3305 obliyatione.

459 3332 562 3397 46.
621 3330 696 3395 D.
747 3329 852 3412 45,
898 3330 958 3411 3,
1004 3329 1108 3413 28,
1157 3330 1215 3395 2.
1281 3327 1483 3393 Gaius
1546 3328 1716 3393 libro
1780 3328 1972 3393 tertio
2037 3328 2113 3391 de
2164 3348 2299 3392 ver-

282 3421 514 3486 borum
570 3419 1094 3503 obligationibus,
1153 3455 1234 3463 —
1294 3468 1308 3483 .
1340 3465 1357 3483 .
1386 3468 1401 3483 .
1458 3439 1601 3482 cum
1657 3418 1912 3502 placeat
1966 3416 2297 3482 dominum

285 3530 468 3573 servo
517 3508 656 3571 dari
704 3507 996 3590 stipulari
1041 3528 1249 3589 posse.

2532 0 2555 266 i

2418 275 2559 1082 l
