2575 3900
302 146 436 212 254
488 145 581 202 IV.
612 143 1047 200 VESPASIANI
1072 144 1224 200 ΤΙΤΙ
1252 145 1644 202 DOMITIANI
1670 145 1888 202 ΤΕΜΡ.
1913 146 2109 203 rmus
2136 147 2344 206 CONS.

302 315 369 375 et
422 310 567 393 capi
620 330 755 374 non
808 312 1106 394 possent,
1160 330 1368 394 neque
1423 310 1530 374 lex
1572 310 1896 375 vendundi
1943 312 2344 396 opperienda

301 403 493 481 esset,
520 398 633 462 sed
670 399 875 464 oculis
910 398 1043 463 iam
1081 400 1548 483 praeciperent,
1585 399 1908 484 quodnam
1947 405 2120 466 esset
2154 423 2342 466 man-

299 487 2344 659 {232⁰mmm.&wamiffifflfflffi

296 667 412 732 sub
464 685 687 731 corona
736 667 960 730 venire.
1056 685 1326 747 namque
1375 671 1450 731 ut
1497 686 1570 731 ea
1623 687 1856 732 corona
1907 669 2157 750 siquam
2203 674 2346 733 erat

298 755 1852 927 msswfflffaefflffffiwffi.
1859 757 2340 928 dmm

297 935 461 1000 ditor
504 933 667 998 nihil
700 937 1062 1016 praestaret.

475 1041 580 1105 20.
640 1038 722 1103 D.
748 1040 855 1122 21,
886 1041 946 1124 1,
971 1039 1078 1104 20.
1170 1037 1371 1104 Gaius
1427 1039 1597 1106 libro
1651 1040 1864 1125 primo
1920 1040 2002 1106 ad
2048 1041 2339 1107 edictum

299 1129 605 1195 aedilium
663 1090 981 1194 curulium
1030 1124 1126 1211 (P.
1157 1126 1337 1212 381).
1387 1163 1466 1174 —
1517 1127 1587 1194 Si
1632 1179 1647 1194 .
1677 1180 1692 1195 .
1739 1134 1889 1195 ante
1936 1131 2336 1196 venditionis

295 1221 555 1303 tempus
608 1217 853 1282 dictum
897 1217 1371 1300 intercesserit,
1425 1217 1654 1282 deinde
1699 1223 1852 1302 post
1897 1220 2150 1304 aliquot
2196 1219 2337 1285 dies

297 1307 689 1410 interposita
750 1305 951 1370 fuerit
1014 1305 1383 1389 stipulatio,
1448 1303 1706 1372 Caelius
1765 1304 2045 1373 Sabinus
2106 1308 2340 1374 scribit

298 1419 376 1461 ex
413 1397 628 1480 priore
676 1417 888 1478 causa,
935 1415 1098 1478 quae
1138 1395 1381 1472 statim,
1429 1394 1658 1479 inquit,
1691 1399 1769 1460 ut
1804 1397 2010 1461 veniit
2045 1395 2112 1460 id
2149 1419 2336 1463 man-

298 1486 539 1570 cipium
584 1505 661 1550 eo
707 1485 972 1549 nomine
1015 1503 1208 1568 posse
1254 1505 1448 1569 agere
1495 1485 1729 1568 coepit.

477 1596 787 1670 Quomodo
825 1595 994 1655 locus
1030 1594 1195 1654 varie
1227 1597 1501 1656 tentatus
1535 1596 1845 1657 emendari
1873 1596 2091 1657 debeat
2116 1599 2333 1659 nescio.

890 1767 991 1833 De
1034 1769 1327 1833 iumentis
1369 1769 1730 1835 vendundis.

474 1896 578 1962 21.
620 1892 694 1958 D.
712 1895 816 1974 21,
839 1896 891 1977 l,
908 1894 1013 1977 38,
1032 1893 1088 1960 7.
1134 1891 1315 1959 Idem
1336 1890 1453 1981 (sc.
1469 1890 1823 1979 Ulpianus)
1850 1894 2021 1961 libro
2049 1896 2334 1962 secundo

297 1984 375 2049 ad
434 1985 719 2050 edictum
776 1983 1080 2047 aedilium
1137 1983 1455 2047 curulium
1511 1980 1610 2069 (P.
1652 1980 1873 2071 1792).
1934 2021 2008 2031 -
2072 1983 2333 2051 Caelius

296 2123 311 2138 .
343 2122 359 2138 .
416 2073 648 2138 scribit
701 2093 830 2137 non
890 2073 1107 2137 omnia
1162 2072 1471 2137 animalia
1525 2076 1811 2137 castrata
1865 2072 1946 2137 ob
1999 2071 2066 2137 id
2111 2074 2334 2160 ipsum

297 2163 533 2226 vitiosa
598 2182 764 2241 esse,
835 2161 961 2224 nisi
1024 2164 1292 2245 propter
1356 2161 1566 2246 ipsam
1631 2162 2089 2227 castrationem
2153 2163 2335 2228 facta

296 2255 450 2316 sunt
504 2249 956 2333 imbecilliora,
1003 2254 1069 2313 et
1122 2250 1267 2314 ideo
1325 2250 1574 2315 mulum
1627 2271 1759 2315 non
1817 2272 1957 2316 esse
2002 2251 2333 2320 vitiosum.

293 2339 465 2405 idem
493 2337 693 2403 refert
713 2336 979 2403 Ofilium
1008 2338 1434 2421 existimasse,
1454 2360 1689 2423 equum
1720 2344 2076 2404 castratum
2098 2362 2331 2407 sanum

296 2450 464 2511 esse,
528 2428 720 2493 sicuti
781 2428 979 2514 spado
1039 2448 1293 2512 quoque
1350 2449 1545 2493 sanus
1602 2432 1727 2512 est3
1793 2428 1905 2493 sed
1965 2430 2020 2493 si
2075 2435 2334 2514 emptor

294 2518 649 2603 ignoravit,
693 2518 992 2583 venditor
1038 2516 1188 2599 scit,
1235 2537 1313 2579 ex
1359 2524 1577 2600 empto
1626 2539 1766 2581 esse
1813 2516 2152 2585 actionem.

471 2630 673 2691 Eisele
722 2630 782 2689 Z.
813 2629 865 2688 d.
897 2627 1169 2688 Sav.-St.
1198 2627 1269 2700 X,
1303 2629 1428 2686 314
1451 2646 1536 2705 sq.

470 2734 575 2799 22.
623 2732 702 2797 D.
732 2730 885 2796 ibid.
915 2732 956 2811 ξ
992 2730 1068 2795 11
1102 2727 1202 2814 (P.
1238 2729 1457 2813 1793).
1503 2764 1590 2775 —-
1639 2727 1977 2795 Vendendi
2023 2779 2039 2796 .
2065 2780 2082 2797 .
2131 2752 2331 2797 causa

294 2827 594 2888 ornatum
622 2822 980 2885 iumentum
1009 2818 1211 2884 videri
1239 2817 1497 2882 Caelius
1529 2820 1622 2882 ait
1644 2840 1796 2901 non,
1834 2819 1890 2883 si
1919 2819 2039 2885 sub
2067 2824 2328 2905 tempus

294 2909 691 2977 venditionis
740 2910 889 2991 [hoc
937 2912 1037 2973 est
1082 2907 1278 2971 biduo
1329 2913 1480 2971 ante
1515 2907 1980 2993 venditionem]
2020 2913 2327 2974 ornatum

294 3002 407 3084 sit,
464 2998 575 3063 sed
633 2999 686 3062 si
742 3002 811 3062 in
865 3000 1008 3082 ipsa
1063 2995 1434 3061 venditione
1492 3000 1792 3061 ornatum
1840 2998 1951 3081 sit,
2006 2998 2150 3062 ideo
2196 2996 2330 3083 ut¹,

290 3087 533 3173 inquit,
579 3087 805 3152 venale
852 3110 997 3152 cum
1047 3089 1218 3149 esset
1264 3085 1357 3149 sic
1403 3088 1702 3150 ornatum
1747 3087 2230 3170 inspiceretur.

472 3194 602 3259 23?
639 3192 801 3259 Gell.
821 3194 880 3273 4,
903 3196 959 3275 2,
983 3196 1040 3259 8.
1086 3228 1160 3240 -
1208 3190 1368 3257 Sues
1407 3193 1602 3256 etiam
1638 3192 1919 3258 feminae
1966 3192 2022 3257 si
2062 3192 2324 3259 sterilae

293 3288 511 3350 essent
568 3287 633 3347 et
682 3305 909 3347 venum
956 3284 1185 3365 issent,
1243 3303 1321 3346 ex
1368 3280 1577 3346 edicto
1626 3281 1930 3347 aedilium
1974 3304 2166 3367 posse
2213 3282 2326 3367 agi

291 3374 661 3440 Labeonem
711 3372 1065 3456 scripsisse.

439 3539 465 3586 1
508 3531 602 3586 ΡΖ.
641 3531 740 3584 aut
775 3529 919 3585 ideo.
