2575 3900
841 205 891 254 4.
938 199 999 253 L.
1036 197 1404 254 NERATIUS
1444 195 1740 253 PRISCUS
2166 197 2296 261 325

276 371 586 444 acceptum
631 367 917 428 iudicium
964 368 1099 427 dolo
1139 367 1284 445 quid
1321 367 1551 442 feeerit,
1597 385 1725 427 esse
1764 365 2198 444 excipiendum3
2246 365 2298 425 si

278 473 424 516 vero
469 475 589 516 non
632 456 697 515 in
741 475 867 516 rem
912 475 1098 534 suam,
1144 456 1348 516 dolum
1383 463 1761 533 praesentem
1793 455 1858 515 in
1893 455 2300 534 exeeptionem

277 545 720 606 eonferendum.
821 547 873 605 si
936 549 1140 605 autem
1194 545 1247 606 is
1301 549 1656 621 procurator
1709 545 1815 624 sit,
1880 545 1974 603 oui
2033 543 2301 604 omnium

276 651 481 693 rerum
526 633 967 694 administratio
1015 651 1294 694 concessa
1337 638 1446 710 est,
1489 637 1634 693 tuno
1680 634 1752 693 de
1799 632 1959 693 omni
1995 633 2132 692 dolo
2171 633 2299 692 eius

276 722 469 798 excipi
513 740 687 799 posse
732 723 1018 783 Neratius
1064 722 1289 782 scribit.

454 824 559 889 38.
611 823 690 888 D.
720 824 871 889 ibid.
898 827 940 905 ξ
971 825 1027 889 1.
1072 859 1157 870 --
1205 823 1282 886 In
1338 825 1710 889 universum
1765 827 1980 888 autem
2024 823 2185 888 haee
2232 823 2301 886 in

278 933 355 978 ea
393 934 462 977 re
497 913 723 998 regula
760 913 1082 997 sequenda
1111 916 1226 993 est,
1263 915 1337 978 ut
1364 913 1548 978 dolus
1579 912 1946 977 omnimodo
1976 911 2303 996 puniatur,

276 1006 344 1066 et
376 1003 463 1066 sit
486 1023 619 1066 non
646 1002 757 1066 alii
788 1002 907 1084 cui,
945 1001 1056 1067 sed
1083 1001 1227 1085 ipsi,
1266 1003 1378 1087 qui
1407 1023 1552 1067 eum
1582 1001 1863 1084 admisit,
1900 997 2303 1066 damnosus.l

1124 1220 1342 1281 Liber
1386 1220 1459 1282 V.

1103 1321 1203 1390 De
1247 1322 1480 1405 leyatis.

460 1429 561 1494 39.
620 1427 697 1493 D.
735 1429 840 1511 30,
883 1430 1026 1495 124.
1117 1427 1424 1493 Neratius
1482 1428 1652 1510 libro
1709 1427 1933 1514 quinto
1977 1426 2300 1492 Membra-

278 1541 527 1584 narum.
572 1552 660 1565 -
708 1515 777 1582 Si
823 1518 1091 1582 heredes
1136 1517 1525 1582 nominatim
1564 1518 1920 1582 enumerati
1958 1518 2110 1582 dare
2149 1516 2303 1601 quid

281 1607 568 1674 damnati
624 1611 800 1686 sunt,
857 1607 1121 1692 propius
1168 1611 1297 1686 est,
1352 1611 1426 1670 ut
1471 1605 1694 1670 viriles
1739 1609 1956 1691 partes
2004 1605 2305 1689 debeant,

281 1697 435 1781 quia
481 1717 902 1780 personarum
950 1695 1349 1761 enumeratio
1397 1695 1569 1759 huno
1615 1693 1914 1760 effectum
1960 1694 2187 1779 habet,
2232 1701 2306 1758 ut

281 1789 720 1871 exaequentur
756 1785 824 1848 in
861 1785 1075 1869 legato
1112 1782 1525 1868 praestandO,
1564 1783 1690 1868 qui,
1729 1783 1785 1847 si
1822 1784 2137 1848 nominati
2171 1804 2306 1848 non

282 1878 529 1959 essent,
576 1873 998 1939 hereditarias
1045 1877 1263 1959 partes
1311 1872 1594 1938 debituri
1641 1876 1877 1937 essent.

872 2032 974 2099 De
1017 2035 1316 2118 emptione
1357 2034 1713 2101 venditione.

460 2141 563 2206 40.
620 2141 698 2207 D.
742 2142 842 2224 18,
880 2142 941 2223 3,
980 2140 1040 2206 5.
1129 2139 1438 2206 Neratius
1489 2140 1660 2206 libro
1709 2140 1936 2225 quinto
1984 2137 2306 2204 Membra-

281 2252 531 2296 narum.
575 2266 650 2279 -
692 2228 866 2315 Lege
894 2229 1093 2295 fundo
1124 2229 1383 2295 vendito
1416 2229 1609 2314 diota,
1646 2233 1737 2314 ut,
1774 2230 1832 2293 si
1858 2230 2032 2293 intra
2060 2232 2306 2293 eertum

282 2323 543 2404 tempus
588 2319 869 2404 pretium
916 2318 1201 2383 solutum
1247 2339 1381 2384 non
1429 2318 1541 2404 sit,
1589 2339 1695 2382 res
1741 2318 2032 2401 inempta
2078 2318 2183 2400 sit,
2230 2316 2307 2380 de

283 2407 631 2493 fructibus,
698 2428 857 2491 quos
912 2406 1172 2471 interim
1230 2410 1482 2490 emptor
1538 2406 1955 2492 percepisset,
2019 2405 2142 2470 hoo
2199 2405 2308 2489 agi

286 2494 795 2580 intellegendum
857 2498 981 2577 est,
1044 2499 1119 2559 ut
1183 2498 1438 2579 emptor
1499 2494 1765 2559 interim
1831 2515 1943 2558 eos
2009 2494 2133 2558 sibi
2190 2515 2306 2559 suo

287 2604 575 2669 quosque
646 2584 785 2648 iure
856 2584 1243 2668 perciperet3
1317 2582 1427 2647 sed
1501 2582 1557 2646 si
1630 2581 1868 2647 fundus
1934 2583 2309 2667 revenisset,

286 2672 514 2737 Aristo
554 2671 966 2737 existimabat
1000 2671 1325 2738 venditori
1363 2671 1440 2735 de
1475 2670 1580 2735 his
1618 2669 1923 2736 iudicium
1959 2670 2030 2734 in
2063 2675 2306 2753 empto-

284 2782 425 2827 rem
475 2760 751 2825 dandum
791 2782 950 2845 esse,
996 2760 1148 2845 quia
1183 2760 1350 2825 nihil
1386 2781 1583 2844 penes
1621 2781 1769 2825 eum
1803 2758 2083 2824 residere
2123 2780 2310 2843 opor-

285 2854 459 2916 teret
506 2872 583 2915 ex
627 2872 724 2934 re,
767 2850 838 2915 in
886 2872 1013 2934 qua
1057 2849 1249 2913 fidem
1295 2848 1652 2914 fefellisset.

466 2963 537 3023 ef.
585 2962 830 3023 Pernioe
874 2952 966 3021 ΙΙ2
1008 2983 1066 3039 p.
1100 2963 1222 3022 187
1238 2980 1325 3038 sq.

931 3115 1033 3182 De
1075 3118 1369 3183 mandato
1414 3117 1667 3183 emendi.

462 3225 568 3290 41.
621 3224 700 3289 D.
734 3226 835 3310 17,
866 3226 924 3309 1,
950 3224 1056 3291 35.
1137 3221 1446 3289 Neratius
1494 3223 1663 3288 libro
1712 3224 1939 3307 quinto
1986 3220 2308 3288 Membra-

287 3335 538 3378 narum.
583 3350 673 3360 —
718 3310 787 3378 Si
833 3312 1121 3398 fundum,
1168 3313 1279 3398 qui
1318 3333 1394 3376 ex
1429 3316 1615 3397 parte
1653 3316 1803 3378 tuus
1843 3316 1961 3395 est,
2006 3310 2341 3376 mandavi

287 3402 411 3466 tibi
466 3405 539 3467 ut
592 3423 833 3467 emeres
890 3401 1077 3485 mihi,
1135 3423 1358 3466 verum
1403 3405 1504 3466 est
1549 3396 1928 3466 mandatum
1973 3421 2166 3484 posse
2212 3399 2313 3463 ita

435 3584 461 3630 1
504 3574 601 3631 Fe.
640 3575 747 3631 etsi
784 3618 841 3632 ..
880 3576 1179 3633 damnosus
1214 3574 1419 3631 futuris
1457 3540 1608 3631 erit(
