2575 3900
356 179 514 236 XXII

355 349 421 410 in
485 347 717 407 aerario
780 347 1090 422 positurus
1159 349 1342 420 esset,
1397 346 1461 406 id
1524 367 1741 408 aurum
1804 347 2033 408 secerni
2086 346 2415 408 iuberent.

358 440 602 497 senatus
647 435 999 512 pontificum
1047 435 1371 514 collegium
1416 438 1649 496 consuli
1684 437 1879 514 iussit,
1923 456 2071 496 num
2110 455 2299 496 omne
2339 437 2409 496 id

353 545 568 586 aurum
620 525 685 583 in
736 524 911 584 ludos
958 524 1228 583 consumi
1276 543 1590 586 necessum
1635 529 1810 588 esset.
1890 545 2023 585 cum
2069 525 2419 601 pontifices

350 616 675 691 negassent
740 614 817 673 ad
879 612 1232 690 religionem
1296 614 1625 691 pertinere,
1698 617 1925 693 quanta
1985 614 2272 690 impensa.
2337 615 2407 674 in

349 702 524 764 ludos
562 702 755 782 fieret,
793 693 1064 762 senatus'
1101 703 1163 761 et
1197 721 1257 778 q.
1285 696 1381 782 s.).
1435 722 1583 763 num
1619 706 1783 763 recte
1818 703 2046 763 factum
2084 703 2188 780 sit,
2230 702 2408 780 quod

350 810 388 851 a
430 791 740 870 proposito
791 789 1020 865 destiti,
1065 789 1187 849 iam
1230 790 1411 850 valde
1458 791 1687 852 dubito.

525 879 860 938 Prudentes
905 878 1260 954 imperatori
1305 878 1613 940 Hadriano
1656 879 1938 956 aequales
1974 879 2075 939 vel
2109 882 2410 956 posteros

347 969 526 1030 edere
569 985 881 1045 nunquam
915 966 980 1025 in
1016 966 1214 1026 animo
1254 971 1404 1028 crat.
1486 967 1778 1027 Hadriani
1813 985 1954 1028 vero
1992 971 2200 1028 aetate
2244 985 2413 1044 opus

344 1055 793 1118 terminandum
838 1055 972 1116 ideo
1019 1055 1338 1131 putabam,
1384 1055 1543 1133 quod
1587 1056 1693 1114 illo
1738 1055 2101 1132 imperatore
2158 1076 2411 1119 novum

346 1145 648 1225 quoddam
685 1144 997 1204 saeculum
1036 1143 1270 1203 exstitit
1307 1145 1433 1204 fere
1474 1144 1807 1206 innumeris
1844 1144 2403 1206 constitutionibus

341 1234 598 1311 insigne,
646 1251 684 1292 a
728 1251 846 1310 quo
887 1232 1262 1292 Iustinianus
1302 1251 1557 1310 quoque,
1604 1250 1741 1291 cum
1776 1231 1925 1292 iuris
1962 1250 2187 1310 corpus
2229 1252 2400 1293 com-

341 1341 563 1400 ponere
602 1321 1032 1399 constituisset,
1069 1321 1135 1380 in
1168 1321 1313 1382 novi
1351 1320 1584 1380 Codicis
1620 1320 1857 1397 legibus
1895 1321 2263 1399 colligendis
2302 1320 2403 1380 in-

344 1409 684 1488 cipiendum
741 1427 869 1469 esse
926 1409 1139 1483 edixit,
1196 1428 1562 1487 quamquam
1613 1427 1737 1467 una
1788 1411 2030 1468 tantum
2085 1409 2405 1470 Hadriani

344 1498 696 1560 constitutio
756 1501 1001 1575 recepta
1057 1489 1201 1557 est.¹
1300 1497 1454 1557 illud
1512 1496 1787 1572 inprimis
1851 1498 2226 1558 monendum
2286 1501 2399 1572 est,

342 1586 812 1648 antehadrianae
871 1585 1091 1646 aetatis
1136 1585 1288 1644 iuris
1333 1585 1641 1645 consultos
1684 1601 1985 1662 nusquam
2028 1586 2188 1646 iuris
2242 1607 2405 1666 gen-

339 1675 496 1736 tium
551 1675 917 1734 mentionem
971 1675 1185 1733 facere.
1285 1673 1351 1730 in
1397 1692 1465 1732 eo
1512 1675 1752 1732 tantum
1799 1673 1909 1732 sub
1955 1675 2173 1750 primis
2222 1675 2399 1752 prin-

341 1764 572 1840 cipibus
614 1763 757 1824 novi
793 1762 1105 1821 cuiusdam
1141 1761 1370 1820 saeculi
1407 1760 1741 1838 agnoveriS,
1788 1761 1949 1838 quod
1984 1765 2049 1822 et
2084 1765 2397 1824 naturalis

341 1852 614 1929 aequitas
673 1851 836 1910 civili
881 1841 998 1930 (Π,
1041 1853 1074 1908 1
1124 1871 1184 1927 p.
1238 1851 1270 1908 1
1283 1841 1396 1931 14)
1458 1852 1519 1908 et
1578 1847 1740 1907 civili
1798 1848 2022 1908 rationi
2075 1852 2407 1914 naturalis

341 1940 666 2020 opponitur
701 1933 806 2018 (ΙΙ,
850 1940 883 1997 1
923 1960 980 2015 p.
1013 1939 1095 2000 55
1107 1929 1172 2017 7)
1213 1939 1396 2016 atque
1436 1935 1507 1997 de
1556 1955 1625 1996 eo
1664 1935 2029 2017 disputatur,
2064 1960 2222 2001 num
2262 1942 2397 2019 qui-

337 2029 592 2089 busdam
642 2027 1115 2105 obligationibus
1167 2026 1471 2103 peregrini
1527 2036 1762 2101 quoque
1811 2027 2135 2087 teneantur
2185 2022 2311 2113 (ΙΙ,
2354 2032 2393 2089 1

337 2138 398 2194 p.
447 2119 527 2177 93
586 2120 647 2177 et
704 2107 894 2197 542).
1010 2109 1075 2172 in
1145 2114 1361 2173 ceteris
1423 2132 1545 2173 non
1609 2112 1682 2171 de
1747 2116 2073 2180 communi*
2113 2120 2397 2179 omnium

339 2206 665 2281 hominum,
712 2205 814 2264 sed
863 2203 936 2262 de
980 2201 1228 2278 proprio
1272 2201 1484 2278 populi
1530 2200 1784 2259 Romani
1829 2201 1961 2261 iure
2010 2205 2242 2281 agitur.

517 2293 808 2375 Priorum·
859 2291 1054 2369 igitur
1115 2289 1506 2366 prudentium
1570 2288 1903 2349 sententiae
1960 2291 2401 2373 librorumque

339 2383 698 2459 fragmenta,
737 2398 891 2457 quae
930 2380 1102 2437 extra
1139 2375 1460 2436 Iustiniani
1486 2375 1879 2453 Digestorum
1914 2378 2105 2441 libros
2134 2387 2402 2453 servata

337 2471 532 2548 primo
571 2488 610 2527 a.
643 2457 1098 2539 Dirksenio,²
1141 2470 1355 2542 postea
1397 2463 1637 2540 plenius
1674 2464 1750 2522 ab
1788 2464 2209 2530 Huschkio³
2245 2490 2397 2549 pro-

337 2558 542 2635 posita
586 2559 744 2629 sunt,
789 2575 926 2617 oum
962 2555 1355 2633 Digestorum
1398 2553 1642 2612 illorum
1689 2551 2049 2628 fragmentis
2089 2559 2185 2619 ita
2224 2580 2391 2621 com-

337 2646 616 2724 ponenda
681 2648 879 2724 erant,
944 2646 1018 2704 ut
1078 2642 1258 2703 unius
1325 2643 1611 2717 cuiusque
1666 2640 2014 2722 prudentia,
2076 2651 2394 2725 quantum

339 2735 516 2796 hodie
561 2736 759 2810 liceat,
805 2734 1220 2808 cognoscatur.

515 2820 926 2880 Discernenda
989 2822 1194 2877 autem
1258 2819 1432 2877 erant
1484 2832 1771 2891 responsa
1825 2820 2293 2885 consulentibus
2350 2842 2399 2883 a

336 2909 647 2971 veteribus
705 2908 851 2965 data.
902 2924 939 2965 a
995 2904 1308 2964 sententiis
1361 2922 1470 2979 per
1517 2902 1704 2962 libros
1748 2902 1975 2967 litteris
2021 2913 2391 2988 mandatam

337 2998 542 3074 plures
607 2995 768 3055 enim
825 2996 1100 3053 auctores
1154 2992 1319 3070 iique
1374 2990 1719 3069 gravissimi
1783 2998 2191 3069 respondendi
2246 3004 2387 3060 tm·

336 3090 470 3147 tum
514 3100 762 3142 munere
811 3082 1050 3141 functos
1098 3098 1247 3156 esse,
1293 3079 1485 3140 libros
1526 3096 1879 3156 componere
1912 3100 2035 3144 non
2072 3089 2390 3150 curavisse

482 3256 530 3307 1.
571 3250 653 3305 Cf.
691 3249 971 3319 Kruegeri
1007 3247 1234 3305 Codicis
1271 3245 1449 3303 editio
1485 3267 1541 3317 p.
1570 3253 1693 3303 489.

479 3327 531 3377 2.
570 3320 957 3377 Bruchstfickc
1004 3337 1104 3375 aus
1143 3320 1252 3374 den
1289 3318 1572 3375 Schriften
1608 3319 1708 3373 der
1740 3318 2063 3377 romischen
2094 3322 2371 3382 Juristcn.

334 3391 693 3463 Konigsberg
731 3395 886 3447 1814.

477 3469 528 3520 3.
567 3461 1044 3533 Iurisprudentiae
1081 3458 1553 3519 anteiustinianae
1584 3474 1728 3529 quae
1758 3464 2078 3529 supersunt.
2144 3464 2381 3536 Lipsiae

335 3541 493 3593 1860.
