2575 3900
333 184 461 238 vm

333 356 537 413 autem
586 353 759 412 nobis
807 351 1159 428 antiquitati
1201 351 1414 410 habita
1459 352 1553 411 est
1596 351 1952 427 reverentia,
1996 353 2069 410 ut
2113 351 2373 414 nomina.

329 442 718 519 prudentium
782 441 1187 500 taciturnitati
1247 440 1488 500 tradere
1553 441 1719 500 nullo
1782 440 2089 516 patiamur
2159 441 2361 521 mode,

331 532 434 591 sed
488 549 646 592 unus
701 529 950 607 quisque
1007 548 1238 606 eorum,
1295 529 1400 605 qui
1454 533 1663 589 auctor
1717 528 1870 608 legis
1926 529 2070 606 fuit,
2128 532 2359 592 nostris

328 620 597 698 Digestis
652 619 979 694 inscriptus
1027 613 1170 694 est'3
1217 621 1278 676 et
1325 618 1443 677 alio
1491 619 1621 678 loco
1667 610 1738 700 (ξ
1780 613 1919 697 2o):
1976 612 2093 677 ‘Ne
2147 622 2356 679 autem

326 709 702 788 incognitum
747 707 919 768 vobis
963 706 1090 785 fiat,
1135 726 1210 766 ex
1255 706 1475 784 quibus
1510 710 1787 768 veterum
1823 706 1993 766 libris
2029 708 2179 767 haec
2213 726 2357 768 con-

327 797 647 857 summatio
687 797 968 856 ordinata
1003 798 1111 868 est,
1144 796 1431 855 iussimus
1469 799 1530 856 et
1565 797 1678 856 hoc
1704 795 1768 854 in
1794 795 2137 872 primordiis
2166 797 2353 877 Dige—

327 890 559 947 storum
622 888 966 946 nostrorum
1028 883 1302 959 inscribi,
1360 887 1432 943 ut
1497 884 2056 944 manifestissimum
2111 884 2217 965 sit,
2277 906 2356 948 ex

325 975 543 1052 quibus
605 974 758 1052 legis
820 973 1119 1033 latoribus
1184 972 1527 1051 quibusque
1591 974 1763 1034 libris
1826 993 2029 1034 eorum
2086 977 2148 1034 et
2202 981 2356 1052 quot

323 1063 566 1124 milibus
619 1065 732 1123 hoc
775 1062 1050 1122 iustitiae
1095 1062 1401 1122 Romanae
1445 1064 1738 1140 templum
1784 1056 2167 1122 aedificatum
2213 1061 2353 1126 est?

302 1154 423 1214 'cui
475 1153 670 1213 edicto
723 1152 790 1211 id
844 1170 1077 1229 quoque
1125 1151 1405 1230 debetur,
1463 1153 1621 1229 quod
1676 1151 1936 1212 secundo
1980 1151 2125 1211 libri
2166 1153 2353 1228 primi

324 1243 511 1304 titulo
559 1241 727 1303 Sexti
771 1240 1083 1317 Pomponii
1137 1241 1550 1317 fragmentum
1601 1241 1755 1299 illud
1799 1240 2183 1316 proponitur,
2228 1263 2351 1321 quo

321 1351 442 1392 non
497 1332 674 1392 modo
727 1331 922 1406 ipsius
976 1329 1158 1402 iuris,
1213 1328 1318 1388 sed
1375 1329 1559 1388 etiam
1606 1327 1799 1388 civilis
1846 1329 2131 1389 scientiae
2177 1330 2351 1410 origo

323 1424 504 1496 atque
553 1437 911 1499 progressus
949 1417 1386 1479 describuntur.
1462 1417 1717 1494 denique
1752 1417 2042 1476 librorum
2078 1419 2157 1478 ad
2190 1439 2354 1481 nova

322 1509 575 1584 Digesta
627 1507 902 1568 facienda
955 1507 1366 1568 adhibitorum
1422 1505 1605 1566 index
1657 1505 1807 1582 ipsis
1860 1506 2129 1585 Digestis
2174 1527 2349 1584 prae-

321 1597 541 1656 missus
589 1599 698 1658 est.

502 1685 621 1745 Sed
666 1686 827 1762 quod
861 1685 1235 1745 Iustinianus
1273 1683 1656 1762 antiquitatis
1693 1683 2014 1744 memoriae
2051 1703 2190 1745 cum
2223 1685 2349 1760 pie-

319 1777 449 1834 tate
493 1774 826 1834 inserviens
871 1773 1246 1846 instituerat,
1304 1773 1433 1833 eius
1484 1772 1666 1832 medii
1711 1772 1845 1833 aevi
1889 1773 2040 1833 iuris
2087 1775 2349 1834 consulti

321 1863 398 1922 ab
436 1863 726 1923 historiae
763 1862 982 1923 studiis
1019 1880 1268 1938 prorsus
1306 1861 1491 1921 alieni
1529 1861 1825 1922 rationem
1852 1862 2085 1921 nullam
2121 1862 2347 1922 habue-

316 1954 480 2012 runt.
579 1955 760 2028 atque
806 1952 1210 2013 Bononiensia
1264 1952 1508 2029 quidem
1550 1951 1941 2031 Digestorum
1988 1953 2350 2027 exemplaria

317 2042 492 2101 initio
565 2042 656 2100 ita
719 2041 977 2101 describi
1041 2041 1223 2101 solita
1285 2045 1455 2118 sunt,
1528 2044 1598 2100 ut
1658 2042 1864 2119 legum
1926 2040 2351 2116 inscriptiones

317 2131 531 2207 plenae
585 2130 1011 2190 retinerentur.
1121 2123 1357 2190 ‘contra
1410 2131 1475 2189 in
1528 2128 1961 2190 recentioribus
2016 2129 2185 2189 libris
2240 2131 2348 2206 qui

317 2222 777 2295 repraesentant
842 2222 1078 2280 textum
1151 2218 1551 2296 ordinarium,
1625 2219 1821 2296 qualis
1893 2218 2211 2295 legebatur
2278 2220 2350 2278 in

319 2308 540 2369 scholis
587 2311 788 2369 aetate
841 2308 1116 2369 Accursii
1154 2311 1215 2368 et
1251 2308 1549 2385 deinceps,
1597 2327 1669 2366 ex
1703 2309 1910 2386 legum
1944 2307 2351 2384 inscriptioni-

316 2397 431 2457 bus
467 2416 588 2458 non
623 2398 914 2457 remansit
949 2397 1072 2457 fere
1109 2397 1227 2457 nisi
1262 2397 1491 2456 nudum
1532 2414 1751 2456 nomen
1785 2397 2066 2473 auctoris,
2092 2397 2344 2475 reliquis

315 2506 436 2546 non
471 2505 614 2546 casu
652 2487 903 2563 omissis,
950 2486 1055 2546 sed
1092 2487 1236 2546 data
1282 2504 1468 2562 opera
1512 2478 1898 2563 expunctis'.²
1984 2486 2072 2545 ita
2114 2486 2348 2547 factum

318 2580 438 2653 est,
489 2579 562 2635 ut
607 2577 706 2636 vel
761 2575 1096 2637 Guilelmus
1151 2576 1225 2635 de
1277 2575 1639 2652 Pastreng0,
1693 2576 2055 2634 Petrarchae
2100 2574 2346 2654 amicus,

316 2665 390 2725 de
452 2665 602 2727 viris
659 2666 996 2727 illustribus
1060 2657 1392 2725 disserens*
1448 2666 1573 2725 fere
1629 2683 1834 2724 omnes
1880 2667 2116 2724 veteres
2159 2664 2349 2724 iuris-

315 2756 624 2814 consultos
653 2756 973 2831 discipulos
1013 2772 1142 2814 esse
1180 2755 1406 2813 diceret
1440 2754 1771 2829 Papiniani,
1808 2753 2000 2812 veluti
2038 2750 2351 2829 Catonem,

316 2841 632 2917 Alfenum,
678 2842 1241 2919 Hermogenianum.

492 2930 964 2990 Benascentibus
989 2930 1054 2989 in
1073 2930 1256 2989 Italia
1283 2930 1505 2990 litteris
1534 2932 1807 2988 veterum
1829 2949 2067 3007 quoque
2084 2930 2344 3007 pruden-

313 3020 469 3078 tium
495 3020 783 3078 memoria
813 3019 1170 3079 reviviscere
1198 3019 1408 3095 coepit.
1469 3019 1590 3078 iam
1618 3018 1963 3095 fragmenta
1986 3019 2051 3078 in
2077 3019 2352 3098 Digestis.

314 3110 554 3169 servata
597 3107 674 3167 ab
720 3107 794 3167 iis
841 3108 946 3185 qui
981 3107 1437 3167 humanioribus
1472 3106 1697 3167 litteris
1734 3126 1979 3184 operam
2024 3108 2345 3185 navabant,

313 3216 448 3256 cum
494 3196 890 3257 admiratione
934 3198 1317 3277 legebantur:
1369 3191 1617 3257 ‘habent
1660 3196 1727 3257 in
1772 3190 1879 3276 se',
1941 3196 2138 3275 inquit
2180 3196 2341 3255 Am-

308 3286 599 3346 brosius
647 3284 1190 3347 Camalduensis
1239 3278 1315 3367 (†
1368 3278 1588 3367 1439),
1636 3279 1987 3361 ‘plurimum
2032 3284 2345 3359 dignitatis

462 3426 511 3477 1.
551 3418 861 3476 Mommsen
892 3419 1126 3491 praefat.
1158 3439 1212 3489 p.
1241 3418 1501 3476 XXXXV
1511 3437 1593 3488 sq.
1625 3419 1697 3477 cf.
1727 3417 1977 3489 Savigny
2006 3416 2343 3472 Geschichte

314 3492 413 3547 des
448 3496 587 3547 rom.
626 3490 837 3547 Rechts
872 3490 953 3546 im
991 3490 1328 3547 Mittelalter
1362 3490 1470 3544 111¹
1493 3508 1549 3560 p.
1568 3494 1693 3547 481.

453 3569 506 3620 2.
544 3562 794 3635 Savigny
828 3563 867 3619 1.
907 3581 952 3619 c.
989 3562 1066 3616 m
1100 3581 1154 3633 p.
1194 3565 1295 3618 33:
