2575 3900
785 208 837 256 4.
882 202 943 257 L.
980 199 1345 256 NERATIUS
1382 201 1675 257 PRISCUS
2109 202 2240 266 349

213 370 475 431 curator
521 386 630 430 eos
667 384 799 429 non
837 365 975 429 eius
1011 365 1271 430 nomine
1310 365 1575 450 accepit,
1622 366 1800 431 cuius
1839 387 1948 430 eos
1988 365 2241 430 debitor

210 454 356 519 fieri
427 456 592 536 vult,
668 456 732 518 et
804 453 1011 519 invito
1077 455 1340 519 domino
1405 475 1514 518 eos
1579 453 2038 520 contrectando
2105 455 2242 519 sine

215 542 412 608 dubio
448 542 693 608 furtum
730 541 907 607 facit.
952 542 1155 628 -quod
1194 543 1249 607 si
1284 544 1378 607 ita
1415 542 1524 608 det
1562 543 1834 626 debitor,
1883 548 1957 608 ut
1992 543 2243 608 nummi

212 633 648 716 procuratoris
694 631 885 716 fiant,
935 632 1115 696 nullo
1163 631 1357 699 modo
1406 654 1552 697 eum
1598 619 1843 697 furtum
1890 632 2103 697 facere
2151 632 2244 696 ait

212 722 550 786 voluntate
599 719 841 786 domini
890 742 998 786 eos
1047 720 1435 806 accipiendo.

938 897 1039 964 De
1082 899 1203 981 zeye
1246 899 1527 982 Aquilia.

392 1024 499 1090 48.
554 1021 633 1088 D.
660 1023 721 1102 9,
750 1023 810 1105 2,
837 1024 923 1089 23
944 1046 1039 1108 pr.
1127 1021 1451 1107 Ulpianus
1505 1024 1670 1089 libro
1719 1032 1947 1092 octavo
1997 1024 2242 1090 decimo

214 1112 296 1177 ad
344 1113 626 1177 edictum
671 1107 772 1197 (P.
802 1112 981 1199 616).
1032 1147 1108 1159 -
1160 1161 1175 1178 .
1205 1162 1219 1177 .
1262 1111 1570 1178 Neratius
1617 1114 1868 1192 scribit,
1915 1113 1972 1178 si
2017 1135 2242 1179 servus

210 1203 402 1267 heres
467 1201 807 1266 institutus
874 1201 1122 1266 occisus
1188 1201 1304 1285 sit,
1368 1203 1562 1267 etiam
1615 1202 1994 1268 hereditatis
2047 1203 2242 1267 aesti-

213 1291 571 1356 mationem
616 1289 851 1354 venire.

395 1384 469 1444 cf.
500 1383 629 1444 Grai.
660 1385 719 1461 3,
750 1385 895 1442 212.
971 1377 1119 1444 ‘Nec
1166 1385 1366 1444 solum
1412 1403 1628 1461 corpus
1671 1385 1737 1444 in
1781 1384 2016 1444 actione
2060 1385 2242 1445 huius

215 1473 371 1551 legis
429 1473 810 1549 aestimatur-3
868 1471 972 1532 sed
1028 1491 1169 1532 sane
1226 1473 1279 1532 si
1326 1491 1498 1535 servo
1545 1473 1738 1534 occiso
1783 1474 1923 1552 plus
1969 1473 2244 1534 dominus

214 1563 418 1638 capiat
472 1561 675 1621 damni
730 1580 909 1638 quam
962 1561 1227 1638 pretium
1284 1562 1442 1621 servi
1495 1562 1602 1638 sit,
1657 1561 1718 1620 id
1775 1581 2010 1640 quoque
2062 1562 2243 1622 aesti-

216 1653 447 1726 matur,
502 1650 692 1710 veluti
748 1650 801 1709 si
856 1669 1063 1710 servus
1120 1668 1291 1709 meus
1338 1650 1412 1709 ab
1460 1651 1661 1728 aliquo
1693 1651 1882 1726 ‘heres
1927 1651 2244 1711 institutus

218 1743 543 1816 antequam
586 1739 754 1799 iussu
800 1757 933 1799 meo
980 1738 1376 1798 hereditatem
1422 1741 1710 1817 cerneret,
1757 1739 1986 1801 occisus
2032 1740 2244 1829 fuerit3

216 1848 338 1888 non
386 1829 545 1888 enim
589 1831 829 1888 tantum
875 1828 1063 1904 ipsius
1108 1827 1372 1904 pretium
1417 1829 1788 1906 aestimatur,
1835 1830 1937 1889 sed
1975 1834 2038 1889 et
2073 1831 2242 1889 here-

218 1917 427 1977 ditatis
473 1916 726 1977 amissae
774 1909 1120 1995 quantitas'.

396 2019 501 2085 49.
568 2017 645 2084 D.
682 2019 743 2099 9,
771 2020 830 2097 2,
861 2020 921 2100 9,
949 2021 1008 2084 2.
1109 2018 1432 2103 Ulpianus
1487 2018 1655 2086 libro
1713 2025 1939 2086 octavo
1998 2021 2242 2086 decimo

217 2108 300 2172 ad
357 2107 638 2173 edictum
686 2107 783 2189 (P.
814 2104 1020 2191 614¹2).
1077 2146 1153 2156 —
1205 2108 1275 2185 Si
1331 2109 1472 2193 quis
1504 2108 1857 2193 ‚hominem
1910 2110 2082 2175 fame
2137 2132 2243 2173 ne·

220 2197 491 2273 caverit,
538 2196 606 2261 in
651 2196 893 2261 factum
940 2198 1190 2263 actione
1238 2199 1448 2263 teneri
1493 2196 1802 2263 Neratius
1851 2199 1959 2264 ait.

399 2292 471 2349 cf.
502 2289 631 2349 Gai.
664 2292 721 2367 3,
751 2292 897 2351 219.
982 2285 1288 2351 ‘Ceterum
1334 2292 1566 2367 placuit
1609 2293 1699 2352 ita
1743 2294 1982 2351 demum
2019 2312 2091 2351 ex
2127 2294 2246 2351 ista

219 2380 353 2455 lege
401 2380 697 2438 actionem
742 2397 885 2455 esse,
934 2380 985 2438 si
1032 2380 1166 2458 quis
1212 2398 1459 2455 corpore
1505 2398 1612 2439 suo
1661 2382 1946 2440 damnum
1983 2381 2243 2458 dederit3

219 2468 475 2545 ideoque
541 2468 661 2525 alio
725 2468 899 2526 modo
964 2467 1179 2527 damno
1246 2469 1387 2528 dato
1453 2468 1630 2528 utiles
1687 2470 1951 2530 actiones
2007 2470 2244 2546 dantur,

221 2555 411 2614 veluti
466 2556 517 2614 si
573 2555 705 2631 quis
758 2556 1026 2615 alienum
1081 2556 1381 2615 hominem
1439 2602 1452 2615 .
1490 2600 1506 2617 .
1547 2603 1558 2616 .
1614 2558 1926 2617 incluserit
1979 2562 2040 2617 et
2084 2554 2243 2619 fame

220 2644 527 2703 necaverit
572 2690 584 2703 .
615 2688 629 2701 .
660 2637 699 2702 .'

400 2744 533 2809 50².
599 2742 829 2810 Collat.
870 2746 971 2826 12,
1013 2746 1071 2827 7,
1111 2746 1169 2809 7.
1270 2744 1591 2830 Ulpianus
1645 2747 1816 2811 libro
1872 2746 2100 2812 XVIII
2165 2749 2246 2813 ad

221 2834 503 2899 edictum
560 2884 573 2897 .
607 2884 621 2899 .
652 2883 667 2897 .
709 2869 799 2880 —
855 2832 924 2899 Si
976 2834 1143 2899 forte
1200 2855 1452 2919 servus,
1506 2835 1618 2920 qui
1671 2835 1840 2900 idem
1894 2837 2247 2903 conductor

224 2927 351 3005 est,
416 2923 632 2989 coloni
696 2922 776 2987 ad
841 2922 1169 2988 fornacem
1234 2923 1664 2989 obdormisset
1718 2929 1782 2989 et
1837 2926 1994 2990 villa
2048 2926 2246 2992 fuerit

224 3016 471 3096 exusta,
512 3010 823 3077 Neratius
861 3012 1088 3077 scribit
1124 3036 1201 3077 ex
1236 3014 1451 3079 locato
1489 3019 1878 3079 conventum
1913 3019 2244 3100 praestare

224 3098 486 3183 debere,
534 3102 588 3165 si
635 3101 986 3186 neglegens
1032 3102 1102 3166 in
1148 3102 1475 3187 elegendis
1522 3102 1904 3168 ministeriis
1950 3105 2091 3170 fuit.

402 3204 539 3273 50¹².
592 3206 670 3275 D.
701 3208 760 3289 9,
788 3210 849 3291 2,
878 3210 983 3290 27,
1011 3209 1070 3275 9.
1151 3208 1473 3292 Ulpianus
1515 3210 1683 3275 libro
1732 3215 1961 3277 octavo
1999 3212 2244 3277 decimo

223 3297 307 3361 ad
363 3297 641 3362 edictum
688 3294 785 3383 (P.
817 3294 990 3383 623).
1043 3334 1119 3344 —
1176 3296 1245 3363 Si
1299 3298 1700 3365 fornacarius
1758 3321 1980 3365 servus
2035 3301 2246 3366 coloni

228 3385 309 3450 ad
338 3386 667 3451 fornacem
696 3385 1126 3451 obdormisset
1155 3390 1219 3451 et
1246 3387 1408 3451 villa
1432 3386 1630 3453 fuerit
1657 3393 1902 3474 exusta,
1940 3389 2243 3457 Neratius

225 3474 455 3541 scribit
494 3496 570 3539 ex
605 3474 820 3539 locato
860 3480 1248 3541 conventum
1283 3480 1613 3561 praestare
1653 3476 1900 3561 debere,
1938 3479 1994 3544 si
2031 3479 2243 3562 negle-

225 3584 387 3648 gens
434 3564 503 3627 in
551 3563 868 3648 eligendis
914 3564 1287 3630 ministeriis
1333 3566 1474 3633 fuit.
