2575 3900
350 161 479 227 336
552 162 618 219 V.
657 161 955 217 NERVAE
993 162 1089 216 ET
1127 161 1430 218 TRAIANI
1465 162 1680 221 ΤΕΜΡ.
1716 163 1910 220 IURIS
1949 164 2312 221 CONSULTI

978 332 1071 391 De
1114 333 1298 407 leqato
1343 333 1742 393 condicionali.

524 433 586 497 4.
642 431 719 498 D.
751 432 855 515 35,
886 434 943 516 1,
972 433 1076 500 97.
1165 431 1347 498 Idem
1393 431 1508 518 (se.
1555 431 1828 521 Paulus)
1875 434 2039 500 libro
2089 436 2373 501 seeundo

349 523 429 589 ad
458 520 801 588 Neratium
831 519 928 606 (P.
952 523 1168 607 1036).
1187 555 1272 569 -—
1294 522 1742 607 Munienjpoe‘bus,
1776 524 1836 589 si
1859 525 2184 609 iurassent,
2213 524 2374 609 leqa-

348 615 480 676 tum
522 616 624 677 est.
715 609 865 676 haee
908 612 1176 677 condicio
1221 633 1349 677 non
1391 617 1482 678 est
1522 612 1931 694 impossbilia

526 721 869 800 Sequuntur
914 725 1087 783 haee:
1136 717 1415 784 ‘Paulusz
1464 724 1966 801 quemadmodum
2012 743 2156 804 ergo
2187 771 2201 785 .
2233 772 2247 784 .
2277 720 2316 784 .'

1041 876 1143 943 De
1183 878 1688 960 fideicommissis.

526 985 587 1052 5.
633 983 712 1050 D.
746 983 852 1069 34,
886 988 943 1070 1,
970 986 1075 1051 23.
1157 984 1398 1050 Paulus
1436 985 1606 1052 libro
1645 989 1876 1071 quarto
1915 985 1996 1051 ad
2033 985 2373 1052 Neratium

345 1071 447 1161 (P.
480 1070 699 1161 1048).
734 1111 823 1123 —
857 1072 1182 1139 Neratius,
1255 1073 1537 1158 Roqatus
1571 1095 1648 1159 es,
1693 1079 1765 1139 ut
1796 1077 2103 1157 quendam
2140 1075 2366 1142 educes.

343 1164 433 1228 ad
471 1166 697 1230 victum
740 1164 1085 1230 massaria
1127 1164 1187 1227 ei
1218 1168 1543 1246 praestare
1585 1163 1882 1247 cogendus
1925 1185 2003 1230 es.

524 1274 875 1353 Sequuntur
918 1276 1092 1336 haee:
1142 1268 1421 1334 ‘Paulusz
1467 1293 1574 1334 eur
1602 1321 1615 1334 .
1648 1321 1662 1334 .
1691 1269 1731 1336 .'

999 1428 1101 1494 De
1144 1429 1417 1494 libertate
1458 1429 1716 1495 relicta?

533 1537 593 1602 6.
639 1535 718 1602 D.
745 1537 851 1620 40,
880 1537 940 1615 2,
968 1537 1073 1601 24.
1135 1534 1377 1601 Paulus
1406 1537 1577 1601 libro
1608 1536 1885 1602 secundo
1916 1536 1997 1602 ad
2025 1535 2372 1603 Neratium

346 1624 445 1712 (P.
485 1624 705 1714 1037).
763 1662 845 1672 -
904 1623 1199 1708 Pupillus
1250 1627 1360 1707 qui
1421 1625 1640 1707 infans
1691 1647 1819 1692 non
1871 1632 1961 1692 est
2010 1629 2183 1709 apud
2231 1647 2372 1693 con-

342 1716 557 1781 silium
600 1720 756 1780 reete
797 1715 1199 1792 manumittit.

524 1808 873 1886 Sequuntur
918 1809 1089 1867 haec:
1136 1801 1410 1866 ‘Paulusz
1458 1808 1684 1869 seilicet
1713 1854 1728 1869 .
1758 1857 1771 1869 .
1802 1804 1840 1869 .'

640 1925 645 1932 -
681 1963 784 2029 De
827 1965 1153 2030 donatione
1196 1964 1358 2027 inter
1399 1965 1606 2029 virum
1649 1970 1709 2029 et
1748 1964 2049 2031 uxorem?

528 2073 585 2136 7.
630 2069 709 2134 D.
739 2070 843 2153 24,
875 2071 932 2147 1,
962 2068 1068 2135 63.
1147 2067 1389 2133 Paulus
1436 2070 1605 2135 libro
1652 2072 1850 2136 tertio
1898 2071 1978 2136 ad
2022 2070 2366 2138 Neratium

346 2158 447 2248 (P.
491 2156 710 2246 1043).
753 2193 830 2205 —
870 2157 972 2223 De
1015 2177 1099 2237 eo,
1144 2160 1310 2239 quod
1348 2160 1564 2223 uxoris
1606 2160 1679 2223 in
1721 2161 2073 2241 aedificium·
2113 2163 2238 2226 viri
2277 2163 2371 2226 ita

347 2250 740 2315 coniunctum
792 2253 904 2329 est,
956 2253 1029 2312 ut
1084 2247 1420 2311 detractum
1471 2248 1741 2313 alicuius
1792 2268 1944 2314 usus
1995 2269 2120 2316 esse
2153 2252 2370 2333 possit,

346 2338 671 2405 dicendum
713 2341 804 2401 est
844 2337 951 2419 aqi
986 2355 1191 2419 posse,
1244 2338 1397 2418 quia
1442 2336 1660 2421 <alia>
1702 2336 1882 2403 nulla
1935 2340 2094 2403 aetio
2137 2344 2250 2423 est,
2295 2360 2372 2404 ex

344 2427 471 2511 Zeqe
530 2427 846 2492 duodecim
910 2424 1289 2507 tabularum,
1349 2426 1632 2507 quamvis
1684 2427 2047 2494 decemviros
2102 2448 2230 2492 non
2285 2430 2372 2492 sit

345 2515 625 2582 oredzhize
669 2517 747 2581 de
788 2514 887 2580 his
929 2515 1204 2597 sensisse,
1248 2535 1510 2597 quorum
1553 2514 1860 2580 voluntate
1902 2534 2001 2581 res
2044 2536 2252 2581 eorum
2295 2518 2370 2581 in

345 2606 621 2672 alienum
665 2605 1019 2687 aedificium
1061 2604 1418 2669 coniunctae
1461 2608 1672 2668 essent.

523 2717 871 2795 Sequuntur
900 2718 1069 2776 haec:
1119 2709 1368 2775 ‘Paulus
1396 2717 1568 2774 notat
1589 2758 1602 2773 .
1625 2762 1637 2775 .
1659 2708 1698 2773 .'
1763 2715 2089 2794 fragmenti
2123 2716 2367 2776 initium

349 2810 640 2884 quantum
685 2806 763 2864 ad
808 2804 1093 2881 loquendi
1135 2822 1313 2864 usum
1357 2804 1619 2879 pertinet
1666 2795 1796 2886 (‘de
1841 2822 1910 2865 eo
1956 2806 2117 2882 quod
2161 2806 2365 2865 uxoris

346 2943 359 2957 .
391 2940 405 2955 .
434 2943 446 2955 .
480 2896 864 2956 coniunctum
910 2887 1083 2975 est'),
1130 2892 1562 2952 Tribonianum
1610 2892 1785 2969 sapit.

1134 3120 1145 3127 ,
1193 3046 1295 3112 De
1331 3046 1520 3128 furto.

524 3158 581 3221 8.
628 3156 709 3221 Ι).
736 3156 845 3240 47,
877 3155 978 3237 19,
1007 3155 1065 3220 6.
1139 3154 1380 3219 Paulus
1426 3153 1595 3219 libro
1643 3155 1851 3238 primo
1900 3155 1980 3219 ad
2022 3153 2367 3221 Neratium

344 3243 444 3330 (P.
487 3245 706 3329 1030).
742 3280 817 3291 -
860 3241 937 3309 δι’
969 3264 1099 3308 rem
1134 3243 1588 3329 hereditoriam,
1624 3245 1923 3326 iynorans
1959 3245 2029 3309 in
2063 3265 2138 3311 ea
2172 3265 2368 3311 eausa

343 3354 490 3414 esse,
536 3333 931 3417 mbripuisti‚
972 3336 1215 3413 furtum
1262 3338 1318 3397 te
1357 3333 1560 3417 faeere
1601 3334 1931 3415 respondit.

524 3446 868 3522 Sequuntur
913 3446 1084 3505 haec:
1133 3439 1409 3505 ‘Paulusz
1457 3445 1545 3503 rei
1590 3444 1988 3505 hereditariae
2017 3492 2031 3506 .
2062 3493 2075 3506 .
2105 3442 2144 3505 .'

530 3533 715 3596 Cuius
759 3552 1111 3611 responsum
1156 3534 1508 3611 proponitur
1555 3534 1773 3593 nescio,
