2575 3900
318 177 447 242 142
477 177 573 235 III.
594 177 747 234 GAII
767 177 1059 236 CLAUDII
1076 177 1348 235 NERON.
1369 178 1654 235 GALBAE
1676 179 2105 238 TEMP.1UR.IS
2127 180 2332 238 CONS.

1138 359 1243 427 De
1287 361 1518 444 leqatia

713 489 943 564 Leqata
987 491 1467 564 quemadmodum
1509 493 1931 566 relinqucmtwr.

493 608 595 674 12.
650 608 728 674 D.
757 609 862 689 29,
891 609 951 694 7,
982 608 1067 674 14
1082 631 1178 694 pr.
1270 607 1584 675 Scaevola
1635 611 1806 676 libro
1858 614 2087 677 octavo
2134 611 2340 688 Quae-

313 697 600 763 stionum
638 697 738 777 (P.
769 697 941 783 160).
982 734 1069 746 --
1107 697 1387 774 Quidam
1424 699 1727 782 referunt,
1765 704 2075 785 quantum
2114 706 2339 785 repeto

310 786 482 872 apud
528 785 897 867 Vivianum,
944 785 1168 852 Sabini
1214 791 1281 851 et
1317 784 1526 852 Cassii
1572 792 1638 853 et
1676 788 1944 857 Proculi,
1979 791 2338 875 expositam

310 897 451 941 esse
487 876 554 940 in
594 876 969 961 quaestione
1008 876 1377 941 huiusmodi
1415 879 1949 943 controversiam:
1987 900 2070 943 an
2102 879 2341 966 legata,

308 986 471 1117 ‘¹3³⁶
505 965 2335 1121 ·Pi'sstssssiussffe2¹2¹*{ffffiffntm⁰J‘Zffbs‘iiti1‘iffsn‘dssss'ssssffl?

306 1076 371 1206 iad
394 1075 633 1207 Se‘sltpan
668 1142 931 1226 perinde
968 1077 1145 1208 daltio
1186 1148 1251 1208 et
1291 1104 1620 1228 ad'emptio
1659 1145 1854 1208 etiam
1893 1145 2015 1210 hoc
2043 1108 2336 1230 tempore

306 1230 619 1296 codicillis
683 1229 858 1296 facta
922 1232 1140 1298 valeat
1202 1255 1276 1297 ac
1345 1233 1401 1296 si
1465 1236 1858 1298 testamento
1919 1233 2094 1298 facta
2149 1238 2335 1299 esset.

305 1319 844 1473 ἓξθέἓῃέἓξὲἓωη
898 1325 964 1386 et
1008 1319 1307 1387 Cassium
1362 1320 1772 1406 respondisse
1829 1321 2012 1388 aiunt
2055 1320 2332 1388 Proculo

485 1520 772 1581 Scaevola
833 1520 1026 1581 addit:
1092 1515 1228 1600 ‘ego
1282 1567 1298 1582 .
1339 1569 1352 1582 .
1419 1522 1613 1581 ausim
1677 1522 2036 1582 sententiam
2093 1522 2334 1584 Pr00uli

305 1609 680 1670 verissimam
744 1609 956 1669 dicere.
1053 1611 1283 1671 nullius
1341 1611 1498 1670 enim
1553 1611 1840 1671 momenti
1894 1615 1990 1670 est
2041 1611 2332 1690 legatum,

304 1697 466 1777 quod
521 1698 733 1758 datum
788 1703 881 1758 est
935 1698 1017 1775 ei,
1082 1700 1186 1777 qui
1239 1703 1511 1775 tempore
1565 1699 1978 1760 codicillorum
2030 1700 2095 1759 in
2149 1701 2332 1761 rebus

302 1786 582 1847 humanis
626 1808 747 1848 non
793 1790 901 1863 est,
946 1787 1091 1847 licet
1134 1789 1485 1848 testamenti
1529 1788 1743 1866 fuerit;
1789 1807 1918 1848 esse
1956 1789 2112 1848 enim
2151 1789 2333 1849 debet

302 1877 400 1936 cui
446 1875 649 1960 detur,
696 1876 905 1935 deinde
952 1877 1036 1936 sic
1082 1876 1315 1956 quaeri,
1362 1896 1437 1936 an
1484 1878 1692 1936 datum
1737 1877 2046 1957 consistat,
2094 1881 2166 1937 ut
2208 1896 2332 1938 non

302 1968 441 2025 ante
487 1964 638 2024 iuris
685 1966 841 2026 ratio
890 1985 1070 2042 quam
1113 1984 1371 2042 persona
1416 1966 1756 2044 quaerenda
1802 1968 1898 2027 sit.
1980 1969 2042 2027 et
2086 1968 2148 2026 in
2191 1988 2331 2044 pro-

299 2054 497 2131 posito
545 2054 738 2133 igitur
782 2055 943 2132 quod
986 2058 1123 2130 post
1168 2056 1401 2115 obitum
1446 2056 1684 2115 heredis
1732 2055 2021 2115 codicillis
2057 2056 2330 2135 legatum

297 2143 397 2204 vel
452 2143 800 2220 ademptum
854 2145 972 2217 est,
1025 2144 1252 2203 nullius
1303 2144 1592 2204 momenti
1637 2147 1756 2221 est,
1811 2145 1952 2222 quia
1996 2145 2195 2224 hereS‚
2251 2145 2329 2205 ad

300 2250 480 2307 quem
521 2250 852 2291 sermonem
890 2233 1176 2309 conferat,
1222 2228 1285 2291 in
1321 2232 1500 2293 rebus
1537 2230 1816 2293 humanis
1852 2252 1967 2293 non
2008 2238 2100 2293 est
2137 2254 2328 2312 eaque

300 2319 603 2397 ademptio
650 2322 713 2381 et
759 2320 922 2381 datio
968 2340 1126 2381 nunc
1172 2340 1331 2382 vana
1375 2317 1709 2381 efficietur?

484 2423 583 2487 13.
650 2420 791 2488 Gai.
828 2422 891 2506 2,
925 2423 1075 2487 244.
1137 2458 1211 2469 —
1275 2422 1382 2487 An
1447 2424 1507 2487 ei
1566 2424 1677 2508 qui
1730 2424 1802 2487 in
1855 2427 2182 2509 potestate
2238 2426 2327 2489 sit

304 2511 441 2575 eius
501 2532 689 2597 quem
743 2511 1045 2576 heredem
1093 2510 1527 2596 instituimus,
1581 2515 1754 2577 recte
1799 2512 2087 2596 legemus
2137 2534 2326 2597 quae-

296 2600 462 2665 ritur
645 2600 933 2665 diversae
981 2600 1240 2665 scholae
1288 2610 1585 2667 auctores
1634 2622 1754 2666 nec
1793 2602 1910 2666 sub
1950 2601 2324 2667 condicione

295 2695 471 2755 recte
518 2690 745 2775 legari,
792 2692 942 2774 quia
988 2711 1148 2773 quos
1194 2690 1263 2754 in
1311 2693 1637 2775 potestate
1678 2689 2013 2775 habemuS‚
2061 2691 2153 2756 eis
2190 2713 2324 2758 non

296 2780 507 2863 magis
556 2780 677 2844 sub
726 2778 1099 2844 condicione
1148 2800 1344 2863 quam
1389 2801 1546 2863 pure
1595 2778 1822 2844 debere
1868 2800 2232 2863 possumus.

879 2954 980 3022 De
1024 2957 1362 3040 leyatorum
1398 2957 1734 3039 yeneribua

857 3076 945 3131 De
982 3078 1154 3147 kqato
1186 3094 1287 3147 per
1322 3079 1764 3133 vindicationem.

476 3184 577 3250 14.
617 3182 988 3271 Gai.2,195.
1015 3222 1105 3233 -
1132 3185 1213 3252 In
1248 3209 1324 3253 eo
1356 3189 1495 3253 solo
1525 3186 1922 3253 dissentiunt
1948 3189 2320 3273 prudentes,

296 3272 465 3355 quod
504 3269 781 3339 Sabinus
830 3276 1085 3360 quidem
1134 3280 1199 3341 et
1235 3275 1498 3342 Cassius
1681 3277 1849 3361 quod
1897 3279 1992 3343 ita
2029 3279 2319 3363 legatum

294 3362 382 3426 sit
420 3358 538 3447 (sc.
568 3384 683 3446 per
720 3362 1272 3452 vindicationem),
1321 3366 1544 3431 statim
1588 3370 1742 3451 post
1787 3366 2032 3432 aditam
2069 3366 2318 3432 heredi-

292 3453 494 3515 tatem
524 3454 757 3535 putant
786 3454 921 3518 fieri
950 3454 1269 3538 legatarii,
1299 3454 1554 3519 etiamsi
1582 3457 1841 3539 ignoret
1868 3456 1992 3520 sibi
2023 3456 2316 3542 legatum

293 3561 460 3625 esse,
518 3540 628 3605 sed
683 3546 1108 3629 posteaquam
1166 3543 1384 3607 scierit
1439 3547 1504 3607 et
1557 3542 1956 3628 (spreverit)
2007 3545 2320 3632 legatum,
