2575 3900
352 164 484 227 484
555 163 624 220 V.
657 162 955 218 NERVAE
994 163 1088 217 ΕΤ
1127 162 1433 216 TRAIANI
1468 162 1679 219 ΤΕΜΡ.
1714 161 1905 218 IURIS
1944 161 2343 218 CONSULTI

1181 375 1400 434 Liber
1441 375 1545 434 XI.
1608 352 1613 358 '

1092 494 1192 561 De
1237 496 1622 560 testamentis.

532 608 633 674 58.
670 608 749 673 D.
779 609 884 692 36,
916 612 971 693 1,
997 609 1104 674 48.
1174 607 1515 674 Iavolenus
1544 610 1712 674 libro
1741 610 2081 674 undecimo
2110 608 2410 694 Epistu-

353 699 582 764 larum.
652 735 728 744 —
797 696 978 764 Seius
1038 697 1421 763 Saturninus
1492 699 1967 782 archiyubernus
2036 719 2113 763 ex
2191 699 2412 763 classe

353 787 738 853 Britannica
791 792 1138 852 testamento
1191 787 1591 868 fiduciarium
1635 787 1884 869 reliquit
1923 787 2207 852 heredem
2277 787 2408 850 Va·

359 878 581 942 terium
625 875 987 942 Maximum
1033 875 1461 960 trierarchum,
1515 897 1560 941 a
1602 897 1719 958 quo
1758 877 1925 960 petit,
1973 882 2042 940 ut
2084 877 2233 958 filio
2286 895 2407 940 suo

357 964 497 1033 Seio
547 963 778 1030 Oceano
786 1015 804 1049 ,
859 985 997 1030 cum
1041 966 1128 1030 ad
1169 984 1369 1029 annos
1412 965 1664 1029 sedecim
1696 967 2091 1048 pervenisset,
2140 964 2404 1028 heredi-

357 1059 542 1120 tatem
568 1055 917 1119 restitueret.
987 1052 1168 1119 Seius
1203 1051 1478 1118 Oceanus
1504 1059 1831 1136 antequam
1861 1054 2136 1134 impleret
2162 1071 2406 1132 annos,

356 1144 676 1224 defunctus
728 1147 827 1208 est.
915 1162 1082 1206 nunc
1125 1141 1395 1208 Mallius
1438 1141 1694 1227 Seneca,
1736 1143 1847 1225 qui
1888 1163 1953 1206 se
1998 1141 2400 1206 avunculum

359 1230 492 1299 Seii
540 1230 766 1297 Ocmni
817 1232 988 1313 dicit,
1029 1231 1459 1313 proximitatis
1510 1233 1757 1296 nomine
1810 1231 1953 1295 haec
2007 1231 2166 1295 bona
2208 1231 2398 1312 petit,

355 1321 684 1386 Maximus
739 1324 941 1384 autem
997 1319 1370 1384 trierarchus
1422 1319 1543 1384 sibi
1585 1341 1659 1384 ea
1702 1321 1971 1384 vindicat
2014 1321 2171 1396 ide0,
2234 1319 2395 1402 quia

357 1409 674 1487 defunctus
728 1413 816 1474 est
865 1410 922 1474 is
965 1408 1066 1474 cui
1108 1409 1422 1473 restituere
1465 1409 1671 1474 iussus
1712 1414 1863 1472 erat.
1951 1428 2176 1490 quaero
2226 1425 2397 1489 erqo,

356 1502 570 1562 utrum
623 1497 768 1562 haec
825 1497 983 1562 bona
1039 1498 1125 1561 ad
1186 1496 1499 1562 Valerium
1554 1497 1915 1562 Maoeimum
1971 1497 2393 1561 trierarchum

358 1586 630 1658 heredem
671 1586 1070 1668 fiduciarium
1105 1587 1456 1667 pertineant
1488 1606 1575 1650 an
1612 1588 1699 1650 ad
1730 1585 2031 1651 Mallium
2065 1583 2393 1666 Senecam,

359 1675 469 1757 qui
511 1695 574 1739 se
603 1676 792 1758 pueri
834 1675 1103 1754 defuncti
1145 1673 1515 1738 avunculum
1560 1693 1683 1740 esse
1726 1675 1889 1739 dicit.

535 1771 878 1854 Respondi:
931 1772 990 1836 si
1027 1769 1208 1838 Seius
1245 1771 1536 1851 Oceanus,
1582 1773 1683 1836 cui
1715 1773 2183 1854 fideicommissa
2219 1771 2389 1836 here-

359 1861 524 1925 ditas
577 1880 652 1924 esc
707 1864 1054 1924 testamento
1099 1859 1230 1925 Seii
1277 1857 1635 1938 Saturnini,
1690 1881 1830 1926 cum
1882 1881 2080 1926 annos
2125 1861 2389 1926 sedecim

357 1948 626 2032 haberet,
697 1970 740 2013 a
816 1947 1056 2015 Valerio
1119 1950 1409 2015 Maximo
1479 1951 1803 2031 fiduciario
1866 1950 2075 2015 herede
2137 1947 2387 2015 restitui

359 2038 592 2118 debeat,
648 2034 1017 2121 priusquam
1071 2040 1475 2121 praefinitum
1530 2046 1762 2120 tempus
1814 2041 2034 2104 aetatis
2088 2039 2385 2121 impleret,

359 2128 632 2210 decessit,
684 2128 1018 2208 fiduciaria
1068 2127 1371 2193 hereditas
1422 2129 1510 2193 ad
1560 2148 1695 2192 eum
1732 2129 2025 2211 pertinet,
2078 2130 2165 2193 ad
2202 2146 2383 2209 quem

361 2222 552 2286 cetera
605 2216 764 2280 bona
813 2214 1037 2281 Oceani
1076 2217 1515 2299 pertinuerint,
1538 2218 1861 2298 quoniam
1906 2217 2034 2281 dies
2078 2218 2384 2299 fideicom-

363 2306 544 2371 mis'si
594 2306 728 2370 vivo
785 2304 1022 2371 Oceano
1073 2306 1274 2390 cessit,
1330 2305 1553 2370 scilieet
1601 2307 1659 2370 si
1705 2306 2097 2389 proroyando
2152 2310 2383 2408 tempus

361 2393 683 2459 solutionis
757 2395 1006 2460 tutelam
1079 2395 1279 2476 mayis
1349 2394 1553 2459 heredi
1621 2395 1947 2477 fiduciario
2014 2395 2383 2477 permisisse,

362 2503 552 2580 quam
605 2484 904 2548 incertum
957 2484 1117 2548 diem
1168 2483 1618 2564 fideicommissi
1669 2484 2047 2549 constituisse
2088 2484 2381 2548 videatur.

1186 2676 1287 2743 De
1333 2678 1557 2760 leyatis.

541 2800 644 2867 59.
683 2801 761 2866 D.
791 2802 895 2886 35,
925 2802 982 2884 l,
1011 2802 1113 2866 67.
1185 2800 1530 2866 Iavolenus
1558 2801 1723 2865 libro
1752 2801 2089 2866 undecimo
2119 2801 2379 2887 Epistu-

361 2890 591 2955 larum.
631 2926 708 2937 —
751 2888 906 2955 Oum
949 2890 1061 2955 sub
1105 2890 1219 2956 hac
1260 2891 1607 2956 condicione
1646 2890 1881 2971 fundus
1916 2891 2109 2956 alicui
2146 2892 2379 2973 leyatus

361 2983 513 3043 esset
571 2977 652 3043 ‘si
702 2997 944 3043 servum
996 3000 1122 3044 non
1171 2977 1625 3045 manumiserit'
1663 2984 1759 3061 et,
1820 2980 1880 3044 si
1932 2981 2378 3062 manumiserit‚

366 3066 629 3150 leyatum
677 3067 866 3147 fundi
909 3069 994 3132 ad
1034 3068 1355 3134 Maecium
1400 3068 1771 3132 translatum
1816 3074 1989 3147 esset,
2049 3070 2379 3151 leyatarius

365 3158 439 3220 de
489 3176 614 3219 non
666 3155 976 3221 liberando
1031 3158 1351 3222 satisdedit
1394 3162 1453 3221 et
1496 3156 1758 3239 leqatum
1802 3158 2032 3239 accepit
2075 3163 2134 3223 et
2167 3161 2378 3239 postea

367 3244 664 3309 liberavit.
743 3264 992 3328 quaero,
1037 3266 1124 3309 an
1167 3246 1410 3327 aliquid
1449 3244 1695 3309 Maevio
1740 3246 1936 3310 detur.

544 3340 904 3423 Respondit.-
965 3344 1023 3406 si
1073 3343 1174 3408 cui
1225 3343 1317 3406 ita
1362 3343 1622 3423 leyatum
1676 3343 1793 3406 erit
1846 3341 1924 3407 ‘si
1974 3362 2216 3409 servum
2258 3364 2377 3409 non

369 3426 840 3508 manumiserit',
893 3431 1291 3495 satisdatione
1345 3430 1699 3510 interposita
1754 3432 2018 3512 accipere
2062 3432 2142 3497 ab
2176 3432 2376 3497 herede

372 3518 635 3599 leyatum
679 3517 905 3599 poterit
956 3522 1036 3599 et,
1089 3518 1147 3581 si
1180 3521 1395 3599 postea
1438 3536 1673 3581 servum
1720 3522 2177 3605 manumiserit‚
2230 3540 2377 3586 com·

327 3892 651 3900 ———---o-
663 3894 676 3899 ι
787 3898 792 3900 .
956 3891 960 3892 ’
1101 3884 2315 3900 M—fflq
2332 3884 2387 3893 q
2396 3830 2547 3900 *ζα-4
