2575 3900
786 204 837 253 4.
876 197 934 255 C.
966 199 1257 254 CASSIUS
1294 199 1662 256 LONGINUS
2153 200 2239 265 69

397 361 543 426 130.
610 360 689 426 D.
728 361 831 444 50,
875 362 976 446 16,
1012 363 1159 427 215.
1260 362 1499 428 Paulus
1563 363 1728 427 libro
1785 362 2102 448 singulari
2155 364 2236 428 ad

210 451 426 535 legem
464 448 716 514 Fufiam
751 412 1088 516 Caniniam
1128 449 1223 537 (P.
1254 447 1552 540 926).--
1684 452 1804 518 ‚in
1839 453 1982 536 lege
2011 452 2238 517 Atinia

210 539 279 602 in
324 542 726 642 potestatem
772 539 1019 606 domini
1063 561 1199 604 rem
1245 540 1556 605 furtivam
1601 541 1854 607 venisse
1900 539 2122 625 videri,
2167 545 2235 606 εὖ

214 629 268 781 δί
320 629 461 693 eius
526 628 941 694 vindicandae
997 632 1392 715 potestatem
1447 629 1770 712 habuerit,
1838 627 2114 694 Sabinus
2173 635 2238 695 et

266 717 479 782 assius
527 717 727 781 aiunt.

956 805 1057 870 De
1098 807 1500 872 servitutibus.

394 919 541 984 131.
588 920 665 984 D.
697 921 756 1003 8,
787 921 845 1002 1,
871 922 1025 1006 4pr.
1097 919 1497 1004 Papinianus
1527 921 1693 986 libro
1723 921 1998 1006 septimo
2029 921 2233 998 Quae-

212 1009 498 1073 stionum
537 1007 634 1094 (P.
666 1008 842 1094 129).
870 1047 958 1056 —-
986 1008 1346 1075 Servitutes
1384 1010 1527 1095 ipso
1558 1011 1814 1094 quidem
1851 1011 1990 1075 iure
2026 1032 2235 1094 neque

210 1118 287 1161 ex
350 1102 647 1180 tempore
707 1120 914 1183 neque
971 1098 1365 1200 ait-empus
1419 1120 1628 1201 neque
1684 1099 1813 1200 sub·
1860 1099 2234 1217 condicione

209 1186 1335 1361 ¹:335&“305332‘32932331352302332
1336 1188 2236 1356 {assffiiffirissssaafflssfffflss

210 1365 389 1448 pacti
436 1364 539 1428 vel
584 1386 699 1447 per
744 1364 877 1429 doli
924 1363 1365 1448 exceptionem
1413 1367 1783 1430 occurretur
1828 1369 2056 1430 contra
2096 1365 2233 1449 pla-

211 1452 343 1517 cifia
402 1453 773 1517 servitutem
828 1452 1208 1535 vindicanti,
1261 1453 1454 1537 idque
1501 1457 1565 1517 et
1611 1450 1923 1520 Sabinum
1967 1475 2230 1538 respon-

212 1541 385 1605 disse
432 1539 699 1607 Cassius
746 1543 1000 1608 rettulit
1045 1546 1111 1606 et
1157 1542 1281 1606 sibi
1328 1542 1601 1626 placere.

911 1724 1005 1783 Dc
1046 1727 1251 1783 itinere
1297 1729 1348 1783 et
1391 1727 1540 1784 actu.

396 1832 569 1898 132?
604 1833 684 1898 D.
699 1833 755 1916 8,
769 1834 1017 1918 3,13,1.
1071 1833 1415 1898 Iavolenus
1435 1835 1604 1899 libro
1626 1834 1871 1899 decimo
1894 1855 1970 1898 ex
1991 1831 2236 1899 Cassio.

217 1959 293 1969 —
348 1920 421 1988 Si
470 1927 648 1988 totus
696 1943 854 2008 ager
896 1923 1112 1988 itineri
1159 1925 1271 1988 aut
1317 1923 1491 1989 actui
1537 1925 1765 2010 servit,
1819 1921 2118 1990 dominus
2165 1923 2236 1988 in

214 2033 289 2077 eo
347 2033 506 2097 agro
562 2012 725 2076 nihil
778 2012 989 2077 facere
1035 2015 1278 2095 potest,
1336 2034 1461 2098 quo
1509 2014 1785 2077 servitus
1832 2013 2237 2099 impediatur,

214 2121 377 2186 quae
424 2102 517 2164 ita
563 2100 795 2166 diffusa
844 2104 967 2179 est,
1015 2105 1088 2164 ut
1134 2122 1358 2165 omnes
1406 2101 1632 2185 glebae
1680 2102 1982 2168 serviani.

392 2212 578 2271 Lenel
623 2216 820 2272 notai:
868 2206 1084 2272 ‘Cassii
1128 2213 1384 2272 fortasse
1431 2206 1655 2273 verba.'

397 2314 542 2378 133.
588 2312 669 2379 D.
691 2314 751 2397 8,
771 2315 831 2398 6,
851 2314 911 2379 2.
1002 2313 1238 2379 Paulus
1284 2313 1455 2379 libro
1503 2315 1852 2380 vicensimo
1899 2315 2107 2398 primo
2155 2313 2235 2379 ad

214 2404 491 2468 edictum
558 2402 655 2488 (P.
701 2399 882 2489 355).
953 2439 1025 2451 -
1099 2402 1224 2479 Qui
1287 2402 1413 2467 iter
1475 2408 1540 2467 et
1603 2408 1819 2469 acbum
1883 2402 2108 2486 habet,
2180 2402 2236 2467 si

214 2490 496 2557 bienni0¹
542 2496 797 2557 tantum
845 2492 1023 2570 ierit,
1070 2514 1200 2557 non
1245 2492 1488 2576 perisse
1535 2496 1773 2577 actum,
1815 2492 1928 2555 sed
1974 2512 2236 2556 manere

219 2578 499 2645 Sabinus
535 2578 799 2645 Cassius
842 2629 891 2645 ..
930 2579 1138 2664 aiunt3
1188 2602 1340 2645 nam
1377 2580 1472 2644 ire
1509 2600 1765 2663 quoque
1811 2601 1927 2663 per
1973 2601 2042 2644 se
2089 2602 2236 2644 eum

212 2691 406 2755 posse
456 2669 567 2753 qui
612 2674 830 2734 actum
875 2669 1165 2733 haberet.

781 2846 880 2911 De
923 2867 1091 2930 aqua
1130 2846 1347 2929 pluvia
1390 2847 1673 2911 arcenda.

397 2960 541 3027 134.
580 2961 656 3025 D.
676 2962 781 3045 39,
801 2962 861 3045 3,
884 2964 940 3048 1,
961 2962 1019 3027 8.
1092 2960 1411 3046 Ulpianus
1447 2961 1618 3025 libro
1649 2962 2234 3047 quinquagensimo

210 3051 405 3116 tertio
472 3050 553 3115 ad
618 3052 896 3116 edictum
921 3012 1054 3137 (P.
1097 3047 1315 3136 1285).
1375 3086 1457 3098 -
1568 3048 1918 3115 .Sabinus
1976 3049 2234 3116 Cassius

211 3162 376 3245 opus
423 3160 620 3204 manu
656 3139 901 3205 factum
938 3143 1007 3203 in
1045 3139 1211 3203 hanc
1249 3098 1583 3205 actionem
1607 3140 1822 3204 venire
1861 3140 2062 3222 aiunt,
2107 3140 2236 3205 nisi

211 3228 269 3293 si
314 3227 464 3311 quid
514 3228 655 3312 agri
702 3228 949 3292 colendi
997 3249 1193 3293 causa
1237 3227 1374 3292 fiat.

394 3325 540 3392 135.
602 3325 682 3390 D.
714 3326 817 3408 39,
847 3327 910 3410 3,
934 3328 993 3405 2,
1023 3326 1081 3391 3.
1171 3323 1414 3390 Paulus
1471 3324 1641 3391 libro
1693 3323 2236 3411 quadragensimo

208 3437 385 3480 nono
443 3416 523 3478 ad
581 3376 859 3480 edictuin
916 3412 1015 3521 (P.
1054 3410 1234 3499 632).
1293 3450 1376 3461 -
1429 3411 1694 3479 Cassius
1753 3462 1814 3479 ..
1871 3415 2122 3497 scribit,
2180 3416 2236 3478 si

392 3577 420 3624 1
464 3571 557 3625 ΓΙ.
596 3573 809 3627 statuto
846 3574 1112 3639 tempore.
