2575 3900
1008 173 1056 222 7.
1094 164 1468 223 PROCULUS
2121 165 2243 229 141

407 327 495 395 7b.
549 328 642 395 Id.
670 330 731 413 3,
761 331 864 396 87.
916 366 991 376 —
1045 326 1211 394 Suus
1258 379 1274 396 .
1305 379 1320 393 .
1367 333 1433 394 et
1482 329 1882 394 necessarius
1928 329 2118 394 heres
2166 351 2250 394 an

225 419 467 504 aliquid
525 422 726 503 agant
778 419 845 483 in
901 419 1040 484 iure
1097 417 1377 483 cedendo
1433 413 1550 503 (sc.
1589 418 1948 502 legitimam
2001 417 2250 483 heredi-

229 506 466 594 tatem)
523 508 855 592 quaeritur
900 557 915 571 .
952 557 967 572 .
1007 557 1021 572 .
1078 506 1366 573 diversae
1422 507 1682 572 scholae
1730 510 2024 572 auctores
2081 507 2252 571 idem

231 618 340 661 eos
380 617 572 681 agere
609 601 861 681 putant,
899 596 1068 680 quod
1107 597 1306 661 ceteri
1342 599 1494 680 post
1523 595 1766 660 aditam
1799 594 2250 680 hereditatem3

231 684 395 749 nihil
449 685 618 750 enim
688 687 982 769 interest,
1046 689 1263 749 utrum
1323 685 1556 769 aliquis
1604 684 1920 750 cernendo
1969 689 2082 750 aut
2133 706 2250 768 pro

232 773 463 838 herede
492 774 771 859 gerendo
808 774 993 838 heres
1022 773 1157 857 fiat,
1195 796 1275 838 an
1309 773 1469 839 iuris
1496 773 1880 838 necessitate
1907 772 2254 838 hereditati

226 862 691 948 adstringatur.

623 1046 717 1105 De
758 1049 929 1120 rupto
972 1047 1062 1106 vel
1104 1047 1273 1105 irrito
1318 1046 1472 1118 facto
1519 1049 1862 1106 testamento.

411 1165 496 1230 8⁴?
560 1170 848 1230 Postumo
894 1171 997 1246 qui
1042 1188 1184 1231 voce
1229 1188 1350 1229 non
1397 1169 1614 1229 emissa
1659 1169 2028 1247 decessisset,
2069 1173 2256 1229 testa-

230 1261 500 1318 mentum
554 1278 674 1318 non
728 1261 977 1337 ruptum
1031 1258 1163 1318 fieri
1215 1257 1505 1318 Proculus
1559 1258 1817 1318 fortasse
1872 1258 2254 1319 existimavit.

228 1347 304 1407 cf.
343 1345 406 1407 O.
440 1350 494 1422 6,
529 1350 632 1426 29,
662 1343 801 1424 3pr.
848 1339 1061 1429 (supra
1096 1346 1175 1423 Π,
1208 1351 1240 1406 1
1286 1367 1344 1422 p.
1375 1338 1555 1427 426).

881 1519 982 1585 De
1024 1519 1352 1585 hereditate
1396 1519 1609 1584 liberti.

409 1644 469 1710 9.
524 1644 602 1709 D.
632 1643 737 1723 35,
770 1646 827 1727 1,
852 1643 940 1709 43
960 1667 1053 1728 pr.
1145 1642 1389 1708 Paulus
1443 1643 1613 1709 libro
1665 1646 1893 1708 octavo
1943 1644 2023 1709 ad
2069 1643 2253 1708 Plau-

229 1733 416 1797 tium.
463 1770 549 1779 -
595 1732 919 1798 Plautius:
968 1731 1261 1818 Rogatus
1311 1736 1410 1797 est
1453 1732 1643 1797 heres
1691 1755 1730 1797 a
1773 1732 2008 1798 liberto
2055 1737 2257 1798 testa-

232 1826 400 1900 tore,
458 1827 531 1886 ut
586 1821 908 1905 perceptis
966 1821 1094 1886 sibi
1147 1821 1366 1886 decem
1421 1824 1631 1886 totam
1685 1820 2112 1886 hereditatem
2163 1843 2256 1886 re-

229 1910 550 1976 venderet.
662 1914 891 1995 postea
962 1915 1279 1996 patronus
1353 1910 1637 1976 defuncti
1715 1910 2030 1977 bonorum
2115 1933 2260 1995 pos·

231 2000 589 2066 sessionem
628 2006 855 2065 contra
892 2000 1151 2065 tabulas
1181 1999 1463 2085 petierat
1490 2004 1555 2065 et
1581 2004 1833 2085 partem
1860 2000 2258 2082 hereditatis,

228 2110 397 2174 quae
461 2089 845 2174 debebatur,
909 2089 1287 2156 abstulerat.
1392 2089 1703 2155 Proculus
1759 2088 2024 2155 Cassius
2084 2090 2259 2155 fidei-

230 2178 748 2331 comrtnissarium
811 2200 930 2264 pro
985 2184 1131 2243 rata
1197 2180 1366 2263 quod
1429 2178 1627 2244 solvit
1681 2183 1970 2263 repetere
2029 2179 2257 2244 debere

230 2288 382 2332 amn

415 2354 516 2419 10.
582 2354 659 2419 D.
698 2357 803 2438 37,
845 2357 944 2440 14,
985 2356 1063 2420 17
1087 2379 1181 2440 pr.
1280 2355 1458 2420 Idem
1521 2353 1636 2442 (sc.
1683 2352 2036 2442 Ulpianus)
2093 2355 2258 2420 libro

229 2445 575 2510 undecimo
634 2445 713 2508 ad
770 2446 982 2529 legem
1039 2443 1275 2509 Iuliam
1331 2447 1396 2509 et
1448 2443 1719 2529 Papiam
1775 2444 1872 2529 (P.
1907 2440 2126 2532 2023).
2179 2480 2257 2492 —

229 2532 385 2598 Divi
428 2533 663 2597 fratres
709 2536 780 2598 in
823 2533 985 2597 haec
1031 2534 1227 2598 verba
1264 2533 1760 2617 rescripserunt:
1806 2533 2259 2618 ‘comperimus

228 2622 745 2776 &abffiffs‘ffiziss’ffi
802 2621 1992 2795 ‘ifflssmffonffissmssiz2232&ssssssss
2040 2626 2262 2795 {³22}ssssss

230 2800 472 2884 possit,
534 2800 590 2864 si
646 2822 791 2863 eum
847 2800 1151 2865 libertum
1206 2803 1398 2883 pater
1451 2799 1689 2883 patris,
1745 2821 1890 2865 cum
1949 2821 2261 2864 annorum

228 2889 470 2973 viginti
519 2888 797 2974 quinque
845 2892 1032 2972 esset,
1076 2889 1311 2973 capitis
1359 2892 1743 2973 accusasset,
1800 2893 1866 2954 et
1912 2888 2262 2954 Proculum

285 3027 300 3042 .
342 3027 355 3042 .
414 2978 484 3042 in
536 2977 661 3042 hac
717 2977 1022 3062 opinione
1076 2978 1301 3062 fuisse,
1361 2982 1436 3043 ut
1487 2979 1712 3061 nepoti
1765 2977 1833 3042 in
1891 2979 2260 3045 huiusmodi

230 3086 430 3132 causa
475 3087 606 3131 non
654 3071 915 3150 putaret
961 3067 1237 3133 dandam
1286 3068 1605 3133 bonorum
1649 3067 2172 3152 possessionem.'

420 3154 518 3219 11.
574 3155 655 3220 D.
682 3156 903 3237 ibid&
934 3155 989 3222 1.
1038 3192 1123 3203 -·
1169 3204 1185 3223 .
1217 3204 1233 3221 .
1291 3155 1660 3241 quaesitum
1716 3160 1838 3240 est,
1895 3156 1953 3221 si
2004 3159 2264 3242 patroni

228 3243 408 3309 filius
495 3244 727 3328 capitis
803 3246 1198 3311 accusaverit
1268 3246 1600 3331 libertum,
1683 3266 1765 3309 an
1838 3245 1960 3311 hoc
2032 3251 2263 3311 noceat

226 3333 459 3399 liberis
523 3332 747 3417 ipsine.
846 3338 911 3398 et
965 3331 1275 3400 Proculus
1341 3382 1359 3399 .
1397 3383 1412 3399 .
1473 3335 1541 3399 in
1602 3335 1725 3399 hac
1777 3334 1905 3400 fuit
1961 3335 2262 3417 opinione

228 3426 464 3489 notam
512 3422 885 3506 adspersam
931 3423 1194 3506 patroni
1238 3423 1376 3493 filio
1422 3423 1644 3488 liberis
1693 3424 1829 3488 eius
1876 3444 2124 3488 nocere.

413 3534 487 3594 cf.
533 3534 839 3611 Responsa
882 3556 939 3611 p.
972 3537 1117 3596 106.
