2575 3900
1022 261 1069 311 7.
1109 252 1484 310 PROCULUS
2136 252 2262 318 169

235 418 390 503 egit,
437 439 580 483 cum
618 421 842 502 posset
877 417 1047 503 quod
1083 418 1284 495 iussu,
1329 418 1400 480 in
1435 438 1513 481 ea
1549 437 1741 482 causa
1777 420 1894 500 est,
1937 437 2019 481 ne
2055 418 2266 501 possit

237 506 405 591 quod
462 507 643 572 iussu
702 510 931 590 postea
984 527 1196 592 agere.
1295 508 1361 569 et
1418 506 1511 570 ita
1556 504 1869 570 Proculus
1917 504 2262 572 existimat.

418 596 519 661 10.
572 594 652 659 D.
686 595 787 677 15,
818 593 880 677 l,
909 596 1009 660 17.
1102 593 1423 678 Ulpianus
1480 594 1646 659 libro
1694 593 2043 659 vicensimo
2089 616 2262 661 nono

235 683 317 748 ad
378 684 657 749 edictum
712 681 809 769 (P.
849 680 1083 769 852⁸)
1123 718 1201 729 -
1261 680 1332 747 Si
1389 704 1608 747 servus
1665 704 1844 746 meus
1900 682 2264 748 ordinarius

234 772 511 837 vicarios
568 773 834 855 habeat,
888 772 953 836 id
1011 772 1184 857 quod
1238 769 1464 836 vicarii
1520 770 1680 835 mihi
1734 771 1970 835 debent
2027 793 2108 837 an
2158 772 2266 837 de-

237 861 467 926 ducam
548 883 625 926 ex
694 861 947 946 peculio
1022 860 1191 925 servi
1264 858 1618 926 ordinarii?
1727 861 1791 923 et
1863 860 2074 943 prima
2148 860 2265 925 illa

237 950 532 1033 quaestio
581 954 698 1033 est,
746 971 831 1014 an
867 948 1027 1013 haec
1063 948 1320 1032 peculia
1354 947 1423 1012 in
1459 946 1710 1032 peculio
1751 949 1918 1012 servi
1956 948 2265 1013 ordinarii

234 1041 704 1122 computentur.
816 1042 882 1103 et
948 1038 1257 1103 Proculus
1324 1040 1390 1101 et
1455 1035 1805 1101 Atilicinus
1835 1098 1848 1108 ,
1871 1037 2267 1122 existimant,

235 1126 405 1193 sicut
466 1128 591 1211 ipsi
653 1127 879 1192 vicarii
943 1129 1095 1191 sunt
1148 1125 1215 1190 in
1270 1126 1553 1210 peculio,
1615 1126 1711 1190 ita
1766 1126 1964 1190 etiam
2017 1127 2268 1211 peculia

239 1236 479 1280 eorum.

414 1308 741 1385 Sequentia.
782 1308 989 1370 verba:
1037 1302 1125 1367 ‘et
1168 1308 1233 1367 id
1278 1307 1546 1385 quidem,
1593 1308 1752 1385 quod
1795 1307 1943 1367 mihi
1990 1308 2264 1370 dominus

236 1415 467 1476 eorum,
520 1397 585 1456 id
640 1400 731 1457 est
782 1392 1119 1457 ordinarius
1166 1416 1374 1457 servus
1421 1396 1624 1471 debet,
1682 1395 1864 1456 etiam
1910 1416 1982 1455 ex
2027 1399 2264 1474 peculio

238 1503 441 1545 eorum
480 1486 860 1563 detrahetur3
904 1486 969 1545 id
1011 1504 1153 1546 vero
1202 1485 1365 1563 quod
1408 1486 1524 1561 ipsi
1569 1484 1777 1545 vicarii
1815 1484 2050 1562 debent,
2098 1487 2264 1546 dum-

234 1576 405 1633 taxat
460 1594 533 1633 ex
585 1575 852 1652 ipsorum
905 1575 1164 1651 peculi03
1221 1574 1328 1633 sed
1373 1578 1435 1633 et
1480 1572 1533 1631 si
1577 1572 1721 1651 quid
1763 1591 1884 1633 non
1927 1574 2100 1653 mihi,
2161 1577 2266 1635 sed

235 1662 533 1723 ordinario
581 1680 753 1724 servo
800 1663 1036 1739 debent,
1083 1663 1413 1724 deducetur
1459 1662 1532 1721 de
1574 1661 1808 1738 peculio
1849 1680 2056 1723 eorum
2091 1665 2264 1740 quasi

236 1768 516 1812 conservo
582 1752 879 1829 debitum3
942 1751 1008 1811 id
1067 1770 1210 1812 vero
1276 1751 1437 1827 quod
1493 1750 1640 1826 ipsis
1697 1750 1872 1811 debet
1928 1752 2264 1813 ordinarius

235 1858 470 1917 servm,
533 1859 654 1900 non
716 1840 1044 1901 deducetur
1106 1840 1179 1899 de
1237 1839 1474 1916 peculio
1531 1838 1815 1899 ordinarii
1873 1842 2056 1917 servi,
2122 1843 2265 1917 quia

227 1929 539 2006 'peculium
576 1947 782 1990 eorum
817 1930 881 1989 in
908 1930 1139 2006 peculio
1167 1928 1358 2007 ipsius
1389 1921 1502 1988 est’
1533 1926 1779 2005 Ulpiani
1807 1927 2090 1990 videntur
2116 1950 2262 1992 esse.

416 2030 515 2096 11.
564 2031 641 2096 D.
664 2031 766 2110 15,
790 2034 845 2113 1,
862 2033 969 2113 47,
990 2031 1051 2095 3.
1132 2031 1312 2094 Idem
1358 2026 1474 2115 (sc.
1503 2026 1774 2114 Paulus)
1821 2029 1988 2095 libro
2029 2036 2261 2115 quarto

236 2119 317 2182 ad
355 2118 681 2184 Plautium
718 2119 814 2205 (P.
839 2116 1059 2206 1101).
1102 2154 1181 2166 --
1224 2117 1292 2184 Si
1330 2119 1611 2183 creditor
1647 2119 1816 2183 servi
1853 2120 1935 2183 ab
1975 2125 2263 2205 emptore

238 2212 409 2272 esset
454 2212 709 2292 partem
754 2211 1154 2291 consecutus,
1199 2208 1472 2272 dandum
1505 2204 1664 2272 essel
1707 2208 1778 2270 in
1824 2207 2142 2293 reliquum
2193 2210 2264 2273 in

236 2297 638 2362 venditorem
683 2298 843 2361 utile
888 2297 1194 2361 iudicium
1230 2294 1542 2361 Proculus
1591 2296 1699 2378 ait,
1747 2296 1858 2360 sed
1901 2318 1970 2361 re
2008 2297 2265 2382 integra

235 2405 368 2448 non
434 2407 574 2450 esse
632 2385 1132 2469 permittendum
1189 2385 1395 2450 actori
1449 2383 1726 2448 dividere
1783 2385 2128 2468 actionem,
2191 2390 2264 2450 ut

237 2472 430 2537 simul
477 2495 621 2538 cum
669 2478 959 2557 emptore
1008 2478 1072 2538 et
1111 2495 1254 2538 cum
1293 2473 1624 2539 venditore
1663 2473 2056 2560 experiatur3
2101 2473 2262 2539 satis

237 2561 407 2626 enim
464 2583 601 2627 esse
655 2563 778 2628 hoc
832 2564 1041 2628 solum
1096 2563 1155 2626 ei
1209 2561 1436 2643 tribui,
1488 2564 1565 2624 ut
1611 2561 1883 2626 rescisso
1933 2562 2262 2645 superiore

236 2649 472 2715 iudicio
511 2651 580 2729 in
618 2650 895 2740 alterum
935 2650 1121 2716 detur
1157 2651 1215 2715 ei
1253 2650 1446 2732 actio,
1483 2671 1629 2714 cum
1667 2649 1870 2714 electo
1909 2671 2019 2714 reo
2049 2651 2262 2716 minus

236 2742 408 2803 esset
452 2744 849 2806 consecutae.

416 2851 577 2912 frib.
621 2850 813 2911 addit:
863 2845 949 2910 ‘et
994 2850 1106 2910 hoc
1151 2850 1283 2910 iure
1330 2843 1603 2909 utimur'.
1685 2851 1758 2924 ef.
1808 2849 2046 2910 fflman
2089 2850 2159 2909 Z.
2203 2828 2258 2910 αξ

234 2939 483 3000 San-St.
532 2940 673 3008 XX,
700 2943 843 3000 246.

869 3076 969 3141 De
1012 3077 1329 3142 institoria
1372 3076 1626 3141 actione.

418 3201 517 3266 12.
567 3201 642 3266 D.
665 3199 767 3282 14,
786 3201 970 3285 3,17,
988 3201 1049 3265 4.
1129 3198 1309 3265 Idem
1357 3196 1474 3286 (sc.
1501 3197 1770 3285 Paulus)
1818 3198 1990 3265 libro
2029 3201 2264 3284 trigen-

234 3287 404 3353 simo
443 3288 522 3353 ad
562 3289 841 3354 edictum
877 3288 974 3373 (P.
992 3286 1171 3376 457).
1208 3326 1296 3336 —-
1332 3287 1648 3353 Proculus
1687 3289 1796 3372 ait,
1835 3290 1888 3352 si
1928 3288 2264 3354 denuntia-

234 3399 389 3443 vero
418 3377 559 3461 tibi,
585 3399 667 3442 ne
698 3399 882 3443 servo
913 3400 953 3441 a
972 3399 1073 3442 me
1090 3376 1466 3462 praeposito
1489 3377 1796 3461 crederes,
1825 3378 2264 3461 exceptionem

236 3465 540 3531 dandam:
596 3466 676 3532 ‘si
731 3467 846 3531 ille
900 3467 1000 3531 illi
1051 3487 1182 3530 non
1238 3465 1737 3544 denuntiaverit,
1791 3487 1873 3530 ne
1927 3466 2026 3530 illi
2077 3488 2261 3532 servo

381 3629 409 3676 1
454 3623 624 3679 Tria·
644 3623 975 3692 competere.
