2575 3900
781 170 830 216 4.
872 163 928 220 C.
960 161 1249 218 CASSIUS
1284 161 1654 218 LONGINUS
2143 163 2229 228 65

425 359 525 425 De
568 361 944 442 adquirendo
988 381 1194 426 rerum
1237 383 1346 426 nec
1389 363 1665 444 mancipi
1709 363 1998 428 dominio.

910 481 1004 541 De
1048 483 1541 555 ferruminatione.

392 599 536 665 113.
584 599 661 666 D.
690 599 751 683 6,
782 600 839 682 1,
865 600 970 680 23,
999 602 1056 664 5.
1140 599 1379 664 Paulus
1420 601 1593 665 ¹libro
1633 601 1979 667 vicensimo
2016 603 2228 685 primo

211 688 286 752 ad
344 688 625 753 edictum
680 686 777 774 (P.
818 684 1025 775 328⁸).
1078 724 1168 735 —
1223 739 1237 752 .
1267 739 1280 752 .
1321 710 1756 774 quaecumque
1813 689 1958 754 aliis
2012 690 2234 755 iuncta

213 777 346 841 sive
428 777 680 842 adiecta
753 779 1137 842 accessionis
1212 778 1357 843 loco
1433 778 1694 859 cedunt,
1777 801 1852 843 ea
1922 779 2231 865 quamdiu

209 867 557 930 cohaerent
608 865 907 930 dominus
962 866 1291 931 vindicare
1344 888 1477 931 non
1530 870 1773 951 potest,
1830 868 1942 932 sed
1998 866 2077 932 ad
2129 890 2231 932 ex·

209 954 560 1019 hibendum
616 975 804 1039 agere
860 959 1103 1038 potest,
1162 959 1237 1018 ut
1291 961 1668 1039 separentur
1722 961 1787 1020 et
1829 961 1985 1020 tunc
2029 956 2234 1021 vindi-

209 1049 462 1126 centur,
528 1043 777 1108 scilicet
839 1047 1106 1128 excepto
1171 1065 1274 1120 e0‚
1339 1044 1508 1128 quod
1563 1042 1821 1109 Cassius
1887 1046 1964 1108 de
2027 1045 2235 1109 ferru-

210 1133 565 1196 minatione
620 1131 862 1198 scribit.
953 1132 1109 1196 dicit
1164 1133 1364 1215 enim,
1423 1133 1478 1196 si
1533 1137 1784 1198 statuae
1829 1155 1984 1198 suae
2031 1133 2231 1198 ferru-

210 1221 565 1284 minatione
636 1220 925 1285 iunctum
1000 1220 1374 1286 bracchium
1449 1221 1561 1304 sit,
1640 1223 1890 1287 unitate
1966 1222 2228 1286 maioris

211 1308 419 1393 partis
522 1310 812 1374 consumi
904 1314 969 1374 et
1058 1309 1229 1393 quod
1321 1311 1519 1374 semel
1613 1310 1894 1375 alienum
1983 1306 2226 1376 factum

212 1398 323 1482 sit,
399 1397 656 1462 etiamsi
719 1397 867 1462 inde
934 1399 1281 1481 abruptum
1347 1397 1461 1482 sit,
1532 1398 1738 1463 redire
1804 1399 1881 1463 ad
1952 1401 2232 1483 priorem

213 1485 546 1550 dominum
599 1508 731 1551 non
786 1508 993 1571 posse.
1082 1508 1210 1551 non
1266 1486 1437 1551 idem
1489 1487 1557 1551 in
1605 1508 1680 1551 eo
1729 1487 1896 1572 quod
1944 1488 2236 1571 adplum-

213 1575 437 1639 batum
503 1573 613 1658 sit,
679 1575 831 1659 quia
892 1575 1340 1640 ferruminatio
1397 1596 1512 1660 per
1567 1575 1831 1640 eandem
1891 1577 2234 1641 materiam

214 1663 374 1730 facit
410 1662 870 1743 confusionem,
915 1664 1330 1748 plumbatura
1363 1685 1498 1728 non
1534 1664 1704 1729 idem
1743 1663 1962 1729 efficit.
2040 1665 2237 1746 [ideo-

215 1773 334 1836 que
391 1752 461 1814 in
520 1751 817 1817 omnibus
863 1753 966 1817 his
1016 1752 1302 1836 casibus,
1358 1752 1428 1816 in
1474 1753 1705 1837 quibus
1753 1774 1958 1837 neque
2005 1755 2086 1819 ad
2134 1776 2235 1818 ex·

214 1839 564 1905 hibendum
610 1861 815 1926 neque
860 1842 927 1905 in
975 1863 1110 1905 rem
1157 1840 1371 1906 locum
1419 1841 1634 1924 habet,
1679 1842 1747 1905 in
1784 1841 2028 1907 factum
2069 1843 2234 1908 actio

214 1928 577 1995 necessaria
615 1929 761 2014 est.]
846 1933 916 1995 at
950 1931 1016 1995 in
1055 1929 1155 1995 his
1193 1929 1586 2015 corporibus,
1631 1953 1794 2016 quae
1839 1954 1915 1996 ex
1943 1932 2234 1997 distanti-

215 2018 335 2084 bus
382 2019 760 2102 corporibus
800 2024 1035 2104 essent,
1081 2022 1340 2084 constat
1377 2020 1666 2103 singulas
1704 2024 1920 2104 partes
1957 2022 2235 2086 retinere

216 2129 400 2171 suam
449 2108 776 2192 propriam
826 2109 1125 2192 speciem,
1175 2112 1251 2172 ut
1296 2108 1537 2193 singuli
1584 2108 1896 2194 homines,
1945 2109 2235 2195 singulae

217 2217 398 2277 oves,
463 2195 734 2280 ideoque
800 2218 986 2281 posse
1056 2218 1155 2260 me
1214 2218 1476 2283 gregem
1531 2197 1881 2281 vindicare,
1946 2201 2234 2283 quamvis

220 2284 385 2349 aries
447 2288 597 2349 tuus
654 2284 739 2349 sit
792 2286 1151 2369 immixtus,
1208 2286 1320 2349 sed
1369 2289 1435 2350 et
1479 2290 1544 2351 te
1592 2287 1861 2351 arietem
1907 2288 2230 2353 vindicare

218 2394 426 2455 posse.
531 2371 701 2457 quod
765 2395 897 2439 non
960 2374 1129 2438 idem
1186 2374 1254 2438 in
1310 2374 1798 2440 cohaerentibus
1856 2376 2234 2460 corporibus

221 2462 529 2545 eveniret3
577 2484 728 2526 nam
777 2462 833 2527 si
879 2465 1130 2527 statuae
1178 2484 1358 2527 meae
1404 2464 1778 2529 bracchium
1822 2464 2068 2529 alienae
2108 2468 2234 2530 sta·

219 2555 367 2613 tuae
426 2548 769 2635 addideris,
823 2573 954 2615 non
1010 2573 1197 2635 posse
1254 2550 1380 2614 dici
1425 2551 1799 2617 bracchium
1843 2557 2027 2617 tuum
2098 2576 2237 2618 esse

222 2638 371 2722 quia
420 2642 563 2702 tota
610 2644 827 2703 statua
874 2661 1003 2703 uno
1052 2640 1283 2723 spiritu
1331 2640 1707 2704 continetur.

400 2744 547 2809 114.
592 2744 672 2809 D.
700 2747 810 2830 41,
842 2749 893 2827 l,
924 2747 1028 2824 27,
1056 2747 1117 2810 2.
1199 2743 1594 2828 Pomponius
1641 2746 1807 2810 libro
1855 2745 2235 2830 trigensimo

223 2832 301 2896 ad
357 2830 667 2897 Sabinum
722 2834 816 2919 (P.
860 2830 1035 2921 750).
1087 2870 1161 2880 —
1215 2830 1377 2898 Cum
1434 2838 1652 2918 partes
1709 2835 1980 2899 duorum
2036 2834 2234 2899 domi-

221 2942 450 2986 norum
525 2922 871 2988 ferrumine
940 2924 1354 3005 cohaereant,
1425 2922 1546 2987 hae
1612 2945 1756 2988 cum
1822 2928 2237 3008 quaereretur

223 3009 351 3073 utri
399 3010 649 3095 cedant,
696 3009 956 3076 Cassius
1003 3013 1095 3077 ait
1140 3034 1256 3097 pro
1296 3012 1591 3095 portione
1630 3014 1723 3076 rei
1762 3013 2233 3078 aestimandum

222 3099 323 3163 vel
369 3120 486 3182 pro
537 3101 747 3184 pretio
795 3102 1100 3185 cuiusque
1145 3102 1370 3185 partiS.

540 3307 635 3367 De
677 3326 830 3368 nova
873 3310 1056 3383 specie
1102 3327 1167 3368 ex
1212 3312 1407 3369 aliena
1449 3312 1697 3369 materia
1741 3312 1917 3383 facta.

402 3425 546 3491 115.
605 3426 681 3491 D.
719 3428 825 3511 41,
868 3428 923 3509 1,
963 3429 1020 3510 7,
1056 3429 1112 3493 7.
1214 3425 1410 3492 Gaius
1457 3428 1624 3492 libro
1674 3429 1950 3493 secundo
1997 3429 2236 3494 Rerum

221 3512 918 3617 Cottidianarumsive
957 3517 1315 3581 Aureorum
1362 3512 1461 3601 (P.
1499 3512 1710 3600 491⁶).
1757 3552 1841 3563 —
1890 3515 2048 3583 Cum
2096 3518 2238 3600 quis

327 3627 518 3677 Iurispr.
546 3628 780 3670 antehadr.
808 3628 907 3669 rell.
934 3629 1003 3670 ed.
1030 3630 1229 3669 Bremer.
1274 3629 1339 3680 ΙΙ,
1359 3631 1396 3669 2.
1783 3624 1815 3670 5
