2575 3900
1007 172 1059 225 4.
1094 166 1450 225 PLAUTIUS
2108 168 2241 234 225

220 354 299 397 ex
344 332 629 397 nummis
675 331 879 417 ipsius
924 331 1181 397 heredis
1221 332 1432 415 solvit,
1477 332 1616 418 ipse
1655 330 1914 417 quidem
1950 335 2240 417 repetere

218 442 353 485 non
422 423 666 505 potest3
743 421 854 487 sed
918 421 975 485 si
1036 420 1380 507 ignorante
1442 421 1674 486 herede
1737 443 2034 489 nummos
2106 421 2244 487 eius

217 510 513 593 tradidit,-
548 510 866 594 dominuS,
900 510 1244 593 <Plautius
1255 509 1333 594 ?>
1369 510 1478 591 ait,
1516 532 1626 576 eos
1662 515 1836 575 recte
1872 510 2242 577 vindicabit.

396 621 472 681 In
515 622 868 699 fragmentis
915 640 989 681 ex
1032 621 1260 681 Plautii
1304 622 1476 682 libris
1523 622 1588 681 in
1632 621 1950 683 Iustiniani
1995 622 2245 701 Digesta

216 711 477 785 receptis
540 729 905 789 quamquam
968 730 1262 789 nusquam
1325 710 1605 771 Plautius
1666 710 1977 791 laudatur,
2039 714 2244 771 tamen

218 792 355 858 ‘ait'
400 799 479 858 ad
530 818 669 858 eum
703 800 1081 860 referendum
1119 818 1248 860 esse
1286 798 1553 859 eiusdem
1588 800 1857 861 Iavoleni
1901 800 2246 877 fragmenta

218 907 291 947 ex
362 888 798 964 posterioribus
861 888 1161 948 Labeonis
1233 891 1478 965 recepta.
1539 889 1822 965 probant,
1896 890 1960 947 in
2023 888 2242 967 quibus

216 995 398 1054 saepe
441 977 694 1053 legitur:
743 972 965 1039 ‘Labeo
1011 971 1141 1054 ait',
1186 996 1276 1037 ex.
1313 997 1402 1055 gr.
1439 977 1512 1036 D.
1543 980 1646 1057 29,
1677 980 1734 1055 2,
1767 980 1867 1038 60.
1898 980 1999 1039 62.
2050 979 2152 1055 35,
2185 982 2240 1055 1,

221 1067 325 1145 39,
358 1068 391 1124 1
442 1066 541 1126 vel
586 1059 699 1125 ‘ait
742 1061 968 1128 Labeo'
1016 1086 1102 1125 ex.
1151 1086 1242 1144 gr.
1288 1066 1362 1125 D.
1395 1068 1496 1144 33,
1526 1068 1583 1141 2,
1616 1069 1716 1127 30.
1764 1068 1868 1145 41,
1901 1069 1958 1145 2,
1989 1069 2092 1129 51.

702 1234 791 1291 De
826 1236 1019 1305 leyatis
1054 1236 1155 1291 sub
1193 1237 1508 1291 condicione
1543 1237 1764 1291 relictis,

398 1344 485 1410 5?
531 1344 609 1411 D.
637 1344 743 1429 35,
776 1347 832 1429 1,
858 1344 965 1426 44,
998 1346 1097 1411 10.
1177 1344 1358 1410 Idem
1403 1343 1519 1429 (sc.
1554 1343 1825 1430 Paulus)
1863 1345 2034 1410 libro
2069 1368 2242 1411 nono

218 1434 303 1498 ad
336 1433 669 1499 Plautium
704 1432 801 1516 (P.
835 1430 1056 1521 1174).
1108 1470 1185 1481 --
1234 1434 1547 1499 Plautius.
1620 1433 1750 1499 Uni
1786 1457 1863 1499 ex
1898 1433 2243 1501 heredibus

217 1522 491 1587 fundum
536 1524 770 1609 legavi,
815 1523 872 1588 si
916 1527 1174 1589 eentum
1218 1522 1563 1588 heredibus
1601 1522 1901 1591 dedisset.
1973 1523 2242 1589 deducet

218 1634 405 1677 suam
463 1616 719 1696 partem
775 1611 1233 1676 hereditariam
1289 1614 1357 1676 et
1407 1612 1722 1696 reliquam
1774 1634 2092 1677 summam
2137 1613 2244 1677 he-

215 1701 480 1766 redibus
538 1723 658 1786 pro
721 1701 1021 1786 portione
1085 1722 1309 1766 eorum
1373 1700 1574 1767 dabit.
1671 1705 1741 1764 at
1803 1698 1861 1765 si
1922 1700 2106 1766 heres
2164 1723 2241 1766 ex

213 1794 402 1873 parte
448 1790 545 1855 ita
588 1790 929 1855 institutus
972 1794 1163 1875 esset,
1210 1789 1267 1855 si
1302 1789 1648 1854 heredibus
1687 1790 1904 1855 decem
1942 1790 2243 1874 dedisset,

214 1900 349 1942 non
386 1878 575 1943 aliter
610 1884 779 1944 esset
813 1878 1022 1963 heres,
1058 1900 1253 1964 quam
1291 1878 1351 1942 si
1385 1882 1528 1943 tota
1565 1878 1783 1942 decem
1817 1878 2240 1945 coheredibus
2309 1890 2314 1897 '

217 1967 529 2047 dedisset,
589 1969 739 2054 quia
793 1990 924 2033 non
980 1972 1129 2032 ante
1176 1968 1258 2033 ad
1304 1967 1728 2034 hereditatem
1774 1968 2244 2055 admitteretur,

217 2078 413 2141 quam
454 2057 510 2122 si
548 2079 806 2123 omnem
844 2079 1163 2122 summam
1200 2055 1510 2143 dedisset3
1543 2079 1696 2122 nam
1734 2079 1878 2123 cum
1917 2060 1983 2121 et
2019 2078 2241 2122 servus

216 2149 610 2212 testamento
665 2146 830 2211 liber
886 2149 950 2210 et
1000 2168 1078 2210 ex
1120 2149 1306 2230 parte
1351 2145 1536 2210 heres
1582 2146 1677 2210 ita
1723 2145 2002 2231 scriptus
2049 2151 2240 2230 esset,

218 2233 279 2298 si
317 2234 660 2300 heredibus
700 2234 918 2299 decem
958 2235 1260 2319 dedisset,
1307 2235 1656 2316 [constitit]
1695 2257 1828 2300 non
1865 2236 2058 2300 aliter
2093 2257 2240 2300 eum

214 2322 494 2387 liberum
561 2323 986 2407 heredemque
1049 2323 1368 2408 futurum,
1439 2346 1631 2408 quam
1697 2325 1754 2388 si
1816 2326 1960 2389 tota
2023 2323 2241 2389 decem

216 2411 643 2477 coheredibus
689 2410 989 2477 dedisset.

397 2519 483 2584 6⁴?
542 2518 621 2583 D.
650 2519 753 2603 35,
786 2521 842 2603 1,
869 2519 975 2602 44,
1004 2519 1064 2584 8.
1144 2517 1326 2583 Idem
1371 2515 1488 2605 (sc.
1533 2514 1805 2605 Paulus)
1849 2517 2020 2582 libro
2064 2540 2238 2584 nono

220 2606 303 2670 ad
348 2607 679 2673 Plautium
724 2605 819 2696 (P.
862 2605 1084 2693 1174).
1127 2643 1216 2653 —
1262 2605 1330 2672 Si
1386 2607 1658 2672 duorum
1713 2627 1898 2671 servo
1948 2606 2239 2691 legatum

218 2697 309 2760 sit
362 2698 483 2762 sub
541 2698 913 2762 condicione
969 2696 1192 2779 dandi,
1246 2717 1378 2761 non
1431 2717 1623 2780 posse
1669 2717 1784 2780 per
1827 2699 2048 2779 partes
2095 2716 2242 2760 eon-

218 2784 460 2851 dicioni
517 2787 731 2871 pareri
786 2785 1045 2870 quidam
1102 2783 1310 2868 aiunt,
1377 2785 1489 2849 sed
1545 2785 1744 2849 semel
1800 2784 2076 2849 dandam
2131 2805 2240 2868 pe·

214 2897 491 2940 cumam.

399 2981 483 3046 7?
527 2981 691 3048 Ibid.
726 3004 821 3066 pr.
864 3019 940 3032 -
992 2979 1117 3057 Qui
1160 2981 1383 3046 heredi
1429 2981 1582 3046 dare
1627 2981 1842 3046 iussus
1890 2983 2006 3065 est,
2053 3002 2240 3046 servo

212 3069 430 3136 alieno
476 3071 778 3136 instituto
814 3069 1106 3155 (servo),
1150 3092 1281 3136 non
1319 3070 1578 3136 domino
1617 3070 1767 3135 dare
1805 3069 2013 3135 debet.
2087 3092 2239 3135 nam

218 3163 291 3224 et
338 3159 392 3224 si
440 3160 568 3225 alio
614 3159 848 3224 herede
894 3158 1198 3225 instituto
1242 3158 1458 3224 iussus
1503 3162 1605 3224 est
1650 3181 1832 3225 servo
1869 3157 2026 3224 Titii
2069 3159 2239 3240 dare,

212 3249 344 3332 ipsi
390 3270 574 3314 servo
622 3248 836 3334 datur,
889 3248 1043 3334 quia
1089 3271 1252 3335 quae
1298 3248 1457 3315 facti
1503 3251 1676 3332 sunt,
1720 3271 1853 3314 non
1896 3251 2238 3313 transeunt

215 3337 300 3402 ad
347 3337 705 3416 dominum,
762 3337 1327 3423 quemadmodum,
1381 3339 1438 3402 si
1483 3338 1644 3401 mihi
1692 3343 1804 3403 aut
1849 3358 2033 3403 servo
2080 3337 2238 3402 Titii

216 3424 569 3511 stipulatus
616 3425 766 3510 sim,
818 3449 949 3492 non
996 3425 1191 3511 Titio,
1238 3427 1348 3492 sed
1396 3448 1583 3492 servo
1631 3427 1767 3492 eius
1814 3424 1955 3492 dari
1999 3429 2236 3510 potest.

396 3536 679 3617 Sequitur
724 3533 809 3598 ‘et
854 3539 1001 3598 haec
1044 3556 1188 3599 vera
1232 3531 1415 3598 sunt'.

324 3647 516 3697 Iurispr.
544 3648 781 3689 antehadr.
808 3647 907 3688 rell.
936 3647 1005 3688 ed.
1032 3647 1234 3689 Bremer.
1278 3648 1341 3697 11,
1361 3651 1398 3687 2.
1851 3643 1916 3690 15
