2575 3900
1000 203 1050 252 3.
1088 195 1412 252 MINICIUS
2071 198 2202 262 279

194 358 291 448 (Ρ.
323 356 504 445 851).
557 395 632 404 —
674 357 764 424 Et
808 359 917 443 qui
962 358 1120 424 duas
1168 380 1352 424 areas
1397 359 1612 443 habet,
1659 360 1930 428 alteram
1975 362 2204 426 manci-

183 446 432 532 pand0¹
478 468 727 512 servam
774 448 963 513 alteri
1010 448 1261 514 efficere
1306 451 1538 531 potest.

1037 605 1137 673 De
1179 627 1363 689 aqua.

374 712 501 779 16?
547 711 622 778 D.
645 714 704 794 8,
725 714 783 794 3,
803 713 905 778 31.
976 713 1263 779 Iulianus
1305 713 1474 778 libro
1511 713 1787 780 secundo
1827 733 1903 778 ex
1938 712 2204 780 Minicio

194 801 295 890 (P.
324 798 510 904 852).
550 839 633 847 —
682 800 834 867 Tria
886 801 1148 886 praedia
1202 802 1506 868 continua
1549 803 1751 868 trium
1796 801 2204 867 dominorum

194 894 396 958 erant.
492 891 605 954 imi
670 889 916 974 praedii
988 889 1281 955 dominus
1355 911 1432 955 ex
1498 912 1747 956 summo
1811 890 2010 956 fundo
2075 891 2206 956 imo

190 979 391 1044 fundo
467 978 841 1044 servitutem
915 1000 1118 1063 aquae
1192 979 1556 1064 quaesierat
1621 983 1687 1042 et
1748 999 1864 1064 per
1927 977 2207 1044 medium

190 1067 463 1134 fundum
518 1067 779 1132 domino
836 1065 1213 1133 concedente
1269 1067 1340 1132 in
1395 1089 1582 1132 suum
1636 1087 1865 1152 agrum
1921 1067 2208 1133 ducebat.

193 1161 421 1242 postea
482 1155 653 1221 idem
720 1177 1038 1220 summum
1103 1155 1372 1220 fundum
1436 1156 1593 1220 emit
1647 1204 1664 1221 .
1719 1154 1944 1220 deinde
2007 1156 2208 1221 imum

192 1245 483 1328 fundum,
510 1245 577 1308 in
607 1265 794 1328 quem
825 1265 1060 1328 aquam
1088 1243 1443 1330 induxerat,
1467 1243 1772 1309 vendidit.
1845 1243 2207 1330 quaesitum

192 1339 320 1418 est,
384 1354 537 1398 num
592 1333 758 1397 imus
811 1331 1044 1396 fundus
1099 1332 1167 1396 id
1220 1333 1323 1397 ius
1377 1354 1582 1418 aquae
1637 1331 1986 1416 amisisset,
2042 1333 2208 1416 quia,

192 1444 339 1487 cum
413 1423 684 1504 utraque
751 1419 1017 1503 praedia
1080 1420 1366 1484 eiusdem
1428 1420 1672 1486 domini
1735 1421 1910 1486 facta
1972 1425 2210 1506 essent,

190 1510 335 1594 ipsa
412 1509 536 1573 sibi
610 1507 844 1574 servire
906 1530 1037 1574 non
1098 1509 1478 1592 potuissent.
1585 1510 1850 1594 negavit
1915 1509 2208 1574 amisisse

192 1598 600 1680 servitutem,
652 1597 801 1680 quia
845 1597 1203 1682 praedium,
1247 1619 1366 1682 per
1410 1597 1580 1681 quod
1627 1619 1794 1682 aqua
1840 1596 2208 1682 ducebatur,

192 1685 463 1751 alterius
490 1685 737 1769 fuisset,
765 1690 830 1750 et
857 1684 1390 1786 quemadmodum
1420 1685 1696 1751 servitus
1726 1706 1974 1750 summo
1992 1685 2211 1766 fundo,

191 1779 265 1840 ut
319 1774 391 1838 in
445 1773 646 1839 imum
690 1773 962 1838 fundum
1008 1795 1177 1862 aqua
1222 1773 1496 1857 veniret,
1549 1773 1795 1858 imponi
1844 1774 2030 1840 aliter
2075 1795 2209 1846 non

189 1863 560 1965 potuisset&
598 1882 790 1948 quam
842 1866 915 1927 ut
966 1883 1080 1947 per
1134 1861 1414 1928 medium
1469 1883 1725 1966 quoque
1774 1861 2040 1927 fundum
2096 1862 2211 1928 du-

192 1958 463 2033 ceretur,
510 1952 599 2017 sic
647 1951 867 2017 eadem
914 1952 1189 2017 servitus
1229 1952 1509 2018 eiusdem
1546 1952 1730 2017 fundi
1768 1952 1982 2018 amitti
2020 1950 2208 2017 aliter

193 2064 326 2107 non
383 2045 632 2126 posset,
694 2039 821 2106 nisi
875 2041 1097 2105 eodem
1153 2045 1445 2127 tempore
1503 2041 1701 2106 etiam
1755 2063 1871 2126 per
1924 2040 2206 2106 medium

192 2130 462 2196 fundum
503 2151 669 2215 aqua
706 2129 849 2194 duci
886 2129 1157 2195 desisset
1194 2134 1308 2195 aut
1343 2130 1471 2195 tria
1504 2130 1694 2195 simul
1724 2129 1984 2215 praedia
2013 2130 2203 2194 unius

195 2219 437 2285 domini
486 2219 657 2284 facta
704 2222 932 2284 essent.

850 2400 940 2459 Ex
984 2398 1207 2459 Iuliani
1251 2400 1406 2459 libro
1451 2398 1558 2459 111.

380 2625 482 2691 17.
527 2623 606 2688 D.
624 2624 731 2705 47,
749 2624 810 2705 2,
829 2623 933 2688 60.
995 2516 1659 2708 Issemtzrffiulianus)
1697 2622 1865 2687 libro
1903 2624 2095 2687 tertio
2134 2645 2212 2687 ex

196 2712 464 2779 Minicio
503 2709 606 2797 (P.
626 2708 803 2797 860).
843 2747 926 2757 --
964 2708 1032 2775 Si
1076 2711 1152 2795 is,
1199 2711 1308 2795 qui
1352 2730 1486 2775 rem
1534 2710 2021 2813 commodasset,
2067 2731 2211 2775 eam

191 2825 337 2869 rem
398 2799 566 2865 clam
622 2799 1023 2881 abstulisset,
1084 2799 1245 2863 furti
1301 2820 1447 2865 cum
1501 2819 1577 2864 eo
1633 2800 1744 2885 agi
1795 2820 1928 2864 non
1982 2796 2212 2883 posse²‚

192 2892 351 2978 quia
394 2910 580 2953 suum
617 2889 964 2973 recepisset
998 2891 1064 2951 et
1099 2888 1209 2957 ille
1248 2888 1639 2953 commodati
1675 2888 1985 2952 liberatus
2023 2893 2212 2955 esset.

376 2976 527 3043 ‘Hoc
573 2985 773 3041 tamen
817 2982 906 3043 ita
957 2981 1368 3059 accipiendum
1413 2985 1530 3060 est,
1579 2981 1631 3041 si
1675 2982 1870 3042 nullas
1916 2980 2214 3045 retinendi

194 3090 410 3133 causas
447 3071 499 3131 is
536 3070 634 3131 cui
671 3071 1045 3131 commodata
1077 3089 1175 3131 res
1212 3074 1344 3131 erat
1378 3069 1618 3147 habuit3
1654 3088 1793 3130 nam
1829 3070 1881 3129 si
1911 3070 2211 3147 impensas

194 3160 561 3223 necessarias
624 3159 687 3221 in
748 3179 874 3221 rem
939 3160 1374 3221 commodatam
1434 3159 1684 3236 fecorat,
1746 3160 2021 3219 interfuit
2083 3159 2211 3219 eius

194 3250 398 3325 potius
441 3268 549 3324 per
591 3248 988 3311 retentionem
1022 3266 1121 3309 eas
1161 3266 1400 3309 servare
1438 3266 1618 3326 quam
1653 3248 1815 3312 ultro
1854 3246 2214 3312 commodati

199 3356 405 3416 agere,
449 3338 701 3415 ideoque
747 3337 896 3397 furti
938 3337 1234 3397 actionem
1276 3329 1567 3397 habebit'.

342 3493 371 3541 1
413 3488 562 3544 Trib.
600 3488 889 3543 tradendo.

339 3564 371 3612 2
414 3558 563 3614 Trib.
600 3561 803 3627 potest.
