2575 3900
372 199 406 261 7
414 198 454 262 6
510 197 604 253 111.
636 197 787 252 GAII
815 195 1107 252 CLAUDII
1124 195 1397 252 NERON.
1419 195 1710 251 GALBAE
1731 196 1948 252 ΤΕΜΡ.
1971 196 2156 253 IURIS
2180 196 2384 252 CONS.

372 367 608 426 buenda
668 368 810 425 sunt
864 369 1044 442 atque
1091 365 1200 424 illa
1252 365 1495 441 quidem
1547 366 1731 441 capiti
1785 365 1857 424 de
1903 365 2202 440 emptione
2250 384 2388 424 ven-

370 456 593 515 ditione
641 454 1034 514 additamenti
1079 455 1226 514 1000.

809 632 876 691 Si
918 633 1154 705 familia
1197 634 1422 705 furlum
1465 633 1666 705 fecisse
1711 633 1950 694 dicetur.

549 752 646 816 18.
724 750 798 815 D.
847 752 915 831 9,
961 752 1031 830 4,
1078 751 1160 815 31
1182 773 1275 835 pr.
1397 751 1632 815 Paulus
1713 751 1880 815 libro
1961 752 2232 835 septimo
2307 753 2389 822 ad

370 840 703 905 Plautium
749 839 847 925 (P.
873 835 1093 927 1142).
1134 876 1209 886 —
1254 839 1438 914 Quod
1487 839 1578 904 ait
1622 843 1899 923 praetor,
1945 862 2090 904 cum
2135 840 2391 906 familia

366 929 609 992 furtum
662 929 887 1011 faciat,
944 929 1023 992 ad
1082 951 1225 993 eum
1282 928 1543 992 modum
1591 950 1657 992 se
1706 928 2020 993 actionem
2069 929 2392 1013 daturum,

367 1020 442 1081 ut
476 1020 732 1081 tantum
772 1021 955 1082 actor
992 1021 1437 1102 consequatur,
1483 1022 1794 1102 quantum
1834 1017 1890 1082 si
1927 1018 2087 1081 liber
2123 1017 2387 1083 fecisset

369 1109 891 1191 consequeretur,
975 1105 1334 1190 quaeritur,
1404 1109 1617 1170 utrum
1683 1106 1761 1171 ad
1826 1107 2132 1189 pecuniae
2205 1128 2389 1190 prae-

371 1195 715 1259 stationem
762 1194 1068 1277 respiciat
1115 1216 1195 1258 an
1244 1197 1440 1259 etiam
1489 1195 1568 1259 ad
1614 1216 1820 1259 noxae
1865 1193 2270 1278 deditionem,
2315 1199 2392 1260 ut

369 1283 424 1348 si
453 1304 529 1348 ex
559 1283 782 1366 pretiis
800 1285 1017 1348 'noxae
1047 1283 1407 1348 deditorum
1436 1283 1699 1367 duplum
1731 1283 2093 1367 colligatur,
2121 1305 2392 1368 sequen-

367 1377 467 1436 tes
523 1373 807 1436 actiones
861 1372 1295 1437 inhibeantur.
1388 1371 1664 1436 Sabinus
1721 1376 1786 1436 et
1835 1369 2097 1437 Cassius
2155 1376 2393 1456 putant

367 1461 646 1545 pretium
697 1482 949 1545 quoque
997 1482 1200 1526 noxae
1246 1461 1608 1525 deditorum
1655 1462 1961 1544 imputari
2007 1461 2252 1524 debere.

642 1642 737 1701 Ne
780 1645 919 1716 quid
960 1645 1026 1702 in
1070 1645 1187 1702 loco
1232 1661 1400 1702 sacro
1444 1644 1709 1717 reliyioso
1752 1647 1949 1702 sancto
1992 1644 2118 1714 fiat.

550 1761 648 1824 19.
688 1760 765 1825 D.
788 1763 846 1845 1,
866 1764 924 1844 8,
946 1763 1005 1844 8,
1027 1761 1084 1826 1.
1139 1761 1510 1827 Marcianus
1538 1761 1705 1826 libro
1735 1766 1965 1846 quarto
1995 1761 2389 1848 Regularum

372 1846 672 1936 (P.256).
708 1886 793 1896 —
838 1850 912 1914 In
961 1851 1329 1933 municipiis
1378 1843 1629 1935 quoq'ue
1677 1872 1894 1915 muros
1943 1871 2084 1915 esse
2133 1856 2391 1917 sanctos

372 1936 682 2003 Sabinum
720 1942 890 2004 recte
928 1939 1336 2024 respondisse
1375 1938 1633 2005 Cassius
1670 1939 1885 2022 refert,
1931 1939 2389 2025 prohiberique

369 2031 666 2110 oportere
713 2050 796 2092 ne
843 2030 992 2113 quid
1040 2030 1109 2092 in
1156 2028 1257 2093 his
1305 2029 1780 2094 immitteretur.

699 2210 792 2269 Ne
836 2213 975 2283 quid
1017 2214 1082 2269 in
1128 2212 1245 2270 loco
1279 2212 1516 2285 publico
1560 2213 1648 2269 vel
1690 2214 1893 2271 itinere
1935 2214 2061 2284 fiat.

548 2328 648 2393 20.
698 2326 776 2394 D.
795 2330 901 2414 43,
920 2329 1228 2413 24‚11,1.
1308 2328 1623 2411 Ulpianus
1661 2331 1826 2395 libro
1867 2331 2393 2415 septuagensimo

369 2417 579 2500 primo
645 2417 723 2481 ad
791 2418 1070 2482 edictum
1129 2414 1227 2504 (P.
1270 2418 1511 2501 12950).
1573 2455 1649 2464 —
1710 2419 2083 2494 Quaesitum
2145 2422 2271 2504 est,
2336 2420 2394 2484 si

370 2509 655 2571 statuam
711 2507 778 2571 in
835 2506 1185 2591 municipio
1242 2530 1319 2571 ex
1376 2508 1516 2570 loco
1562 2508 1820 2591 publico
1869 2507 2012 2592 quis
2060 2509 2395 2573 sustulerit

368 2594 473 2659 vel
522 2594 586 2660 vi
631 2596 733 2659 vel
780 2596 966 2679 clam,
1013 2619 1096 2661 an
1135 2596 1255 2662 hoc
1288 2594 1636 2661 interdicto
1676 2599 1989 2660 teneatur.
2074 2600 2139 2661 et
2177 2600 2396 2661 exstat

369 2681 577 2749 Cassii
632 2687 952 2749 sententia
998 2708 1169 2768 eum,
1224 2686 1404 2750 cuius
1452 2687 1670 2749 statua
1713 2686 1782 2749 in
1827 2685 1968 2750 loco
2013 2684 2274 2767 publico
2323 2687 2394 2750 in

368 2773 719 2856 municipio
779 2775 993 2856 posita
1047 2775 1158 2857 sit,
1213 2774 1386 2858 quod
1440 2774 1505 2837 vi
1561 2777 1674 2837 aut
1730 2774 1892 2837 clam
1946 2794 2136 2856 agere
2181 2795 2394 2857 posse,

370 2860 519 2942 quia
572 2860 941 2925 interfuerit
997 2862 1133 2928 eius
1180 2884 1324 2926 eam
1369 2884 1501 2927 non
1548 2862 1716 2945 tolli,
1771 2861 2127 2945 municipes
2177 2867 2392 2927 autem

370 2948 569 3011 etiarn
606 2947 765 3012 furti
803 2953 1077 3031 acturos,
1117 2950 1267 3034 quia
1305 2972 1407 3014 res
1447 2972 1665 3014 eorum
1705 2949 1792 3014 sit
1821 2951 2005 3034 quasi
2033 2951 2395 3034 publicata3

368 3035 564 3117 <nam
611 3034 737 3119 ipsi
782 3058 925 3101 eam
970 3037 1337 3123 reficiunt),
1392 3039 1448 3105 si
1503 3036 1824 3119 vetustate²
1879 3038 2215 3124 deciderit,
2269 3040 2398 3124 ipsi

368 3145 512 3188 eam
556 3124 922 3189 detrahunt.

1246 3220 1412 3281 Unde
1455 3225 1531 3281 vi.

549 3329 651 3393 21.
707 3328 784 3395 D.
815 3329 918 3413 43,
952 3330 1050 3406 16,
1087 3332 1138 3414 l,
1167 3331 1270 3395 27.
1365 3330 1683 3415 Ulpianus
1729 3332 1898 3396 libro
1947 3332 2400 3417 sexagensimo

370 3439 540 3482 nono
588 3418 666 3481 ad
712 3418 990 3482 edictum
1039 3417 1135 3505 (P.
1160 3415 1380 3504 1526).
1423 3454 1498 3465 —-
1540 3417 1688 3484 Vim
1736 3421 1799 3484 vi
1845 3421 2155 3507 repellere
2201 3421 2399 3487 licere

402 3594 406 3601 ·
512 3571 540 3619 1
583 3566 674 3621 Fz.
712 3569 917 3621 tamen.
