2575 3900
203 197 240 245 1.
259 191 612 247 CARTILIUS.
635 224 702 232 —
734 198 784 246 2.
815 193 982 248 VAR.
1001 192 1385 248 LUCULLUS.
1408 226 1475 233 —
1497 200 1546 248 3.
1569 191 1761 248 COCC.
1781 193 2051 249 NERVA.
2119 195 2161 257 5

207 351 424 418 Varium
450 354 790 420 Lucullum
828 355 1171 440 aliquando
1210 355 1557 440 dubitasse,
1604 356 1717 420 sed
1763 357 1973 422 verius
2023 378 2161 422 esse

205 463 301 506 non
332 443 582 528 adquiri,
619 442 880 508 etiamsi
915 448 1192 510 testator
1228 443 1309 509 ad
1347 467 1447 510 me
1475 444 1790 510 voluisset
1826 445 2161 530 pertinere.

451 759 530 840 3.
604 765 700 836 Μ.
761 764 1201 838 OOCCEIUS
1257 765 1594 839 NERVA
1647 765 1742 839 M.
1796 766 1873 837 F.

332 925 404 984 Μ.
448 925 680 986 Cocceii
723 927 958 987 Nervae
1013 924 1102 1006 (Π
1145 932 1177 986 1
1230 949 1288 1005 p.
1327 920 1485 1009 300)
1532 927 1719 1005 filins,
1774 929 1949 1003 pater
1993 945 2161 1002 prae-

193 1014 315 1072 toris
375 1014 667 1092 designati
734 1016 873 1075 anni
932 1018 1011 1075 65
1070 1017 1450 1092 eiusdemque
1514 1018 1727 1092 postea
1788 1015 2167 1091 imperatoris

195 1095 638 1181 (Orelli-Henzen
686 1106 888 1181 5433;
939 1104 1184 1165 Pernice
1230 1105 1472 1181 Encycl.
1518 1124 1573 1180 p.
1617 1098 1791 1182 153),
1837 1104 1985 1162 iuris
2031 1122 2167 1164 con·

197 1191 357 1251 saltus
392 1192 493 1269 qui
529 1197 591 1251 et
628 1194 1037 1269 respondendo
1075 1196 1137 1253 et
1163 1194 1336 1254 libris
1365 1192 1689 1253 scribendis
1717 1211 1961 1268 operam
1988 1191 2167 1268 dedit,

193 1279 267 1336 cui
306 1299 341 1339 a.
379 1281 632 1356 posteris
681 1275 906 1342 ‘Nerva
949 1277 1133 1342 filius'
1180 1301 1509 1360 cognomen
1552 1281 1808 1341 inditum
1857 1284 1966 1341 est.

332 1369 401 1428 In
460 1371 773 1430 sententiis
836 1389 985 1447 quae
1047 1372 1401 1447 traduntur,
1464 1374 1705 1430 secutus
1772 1373 1863 1429 est
1926 1367 2171 1427 Ofilium

194 1447 269 1532 (D.
294 1459 389 1534 41,
417 1461 473 1535 2,
506 1461 560 1530 1,
594 1461 631 1517 3
680 1453 918 1518 ‘Ofilius
964 1507 977 1519 .
1009 1505 1022 1518 .
1062 1463 1125 1519 et
1167 1459 1371 1520 Nerva
1414 1459 1578 1519 filius
1628 1503 1641 1517 .
1669 1504 1682 1518 .
1707 1503 1720 1518 .
1769 1450 2013 1536 aiunt’),
2057 1457 2171 1517 La-

193 1542 401 1604 beonem
429 1538 883 1626 (D.41,2,3,14
914 1542 1138 1608 ‘Labeo
1168 1552 1231 1608 et
1249 1549 1452 1609 Nerva
1477 1547 1639 1606 filins
1665 1538 2168 1626 responderunt')‚

192 1632 355 1706 ipsum
388 1639 626 1695 secutus
657 1640 749 1696 est
775 1636 1043 1713 Pegasus
1082 1627 1182 1718 (D.
1215 1639 1270 1709 3,
1306 1640 1363 1715 2,
1394 1639 1451 1714 2,
1483 1639 1519 1696 5
1561 1630 1854 1712 ‘Pegasus
1884 1638 1945 1694 et
1971 1634 2171 1695 Nerva

193 1719 320 1782 filius
365 1717 868 1806 responderunt').
957 1725 1242 1785 laudatur
1307 1745 1343 1784 a
1398 1724 1547 1785 Gaio
1611 1724 1779 1784 libris
1835 1724 1908 1782 de
1961 1742 2170 1782 manu-

194 1810 552 1890 missionibuS,
598 1832 637 1872 a
680 1814 973 1874 Venuleio
1021 1814 1190 1874 libris
1229 1813 1716 1891 Stipulationnm,
1762 1832 1799 1871 a
1841 1811 2170 1887 Papiniano

191 1897 330 1959 libris
364 1900 806 1979 Quaestionum,
853 1921 890 1962 a
927 1902 1114 1963 Paulo
1156 1906 1217 1963 et
1253 1902 1528 1981 Ulpiano,
1575 1902 1754 1979 idque
1792 1901 1867 1962 ab
1912 1903 2173 1978 utroque

194 1987 332 2049 libris
364 1991 437 2050 ad
474 1992 751 2069 edictum,
790 1994 866 2052 ab
903 1992 1160 2069 Ulpiano
1189 1996 1507 2068 praeterea
1540 1992 1712 2051 libris
1750 1992 1825 2051 ad
1864 1990 2168 2051 Sabinum.

921 2206 969 2263 I.
1032 2206 1417 2281 Responsa..

338 2326 460 2386 Iam
513 2347 700 2388 annos
760 2329 963 2389 decem
1017 2331 1080 2389 et
1136 2332 1364 2412 septem
1419 2331 1528 2389 aut
1571 2329 1754 2404 paulo
1805 2328 1940 2403 plus
1996 2329 2175 2386 natus

196 2404 376 2473 ‘fertur
425 2417 630 2478 Nerva
699 2417 859 2477 filius
933 2421 994 2477 et
1065 2417 1305 2495 publice
1370 2418 1441 2477 de
1513 2418 1643 2477 iure
1698 2407 2174 2493 responsitasse'.

196 2498 256 2559 D.
279 2504 406 2581 3,1,
438 2509 491 2582 1,
523 2508 559 2565 3
609 2506 744 2581 Ulp.

992 2605 1080 2660 De
1114 2606 1343 2674 nuptiis.

348 2715 396 2775 1.
441 2712 516 2778 D.
547 2714 608 2795 3,
637 2713 697 2790 2,
726 2714 786 2795 2,
813 2711 873 2778 5.
966 2711 1281 2799 Ulpianus
1329 2714 1497 2777 libro
1547 2715 1726 2777 sexto
1775 2709 1853 2775 ad
1901 2708 2177 2773 edictum

201 2790 278 2879 (P.
301 2798 491 2887 279⁸).
542 2839 618 2849 —
668 2801 802 2866 Eos
851 2852 864 2866 .
893 2850 908 2865 .
956 2804 1065 2887 qui
1121 2806 1427 2889 quaestus
1474 2823 1663 2867 causa
1708 2800 1777 2866 in
1824 2798 2178 2865 certamina

201 2882 574 2970 descendunt,
633 2898 697 2955 et
753 2912 976 2955 omnes
1030 2914 1148 2975 pro
1195 2897 1297 2956 ter
1349 2891 1709 2976 praemium
1763 2888 1834 2954 in
1880 2910 2178 2954 scaenam

204 2975 552 3132 prodeiuntesz
603 2984 888 3044 famosos
943 3001 1083 3045 esse
1183 3001 1416 3065 egasus
1472 2983 1538 3044 et
1583 2977 1799 3044 Nerva
1854 2978 2023 3042 filius
2078 2999 2174 3042 re-

205 3080 332 3143 spon
372 3087 522 3132 erun
554 3120 567 3133 .

938 3171 1027 3226 De
1058 3172 1403 3241 possessione.

345 3280 398 3343 2.
458 3280 536 3345 D.
573 3282 680 3364 41,
707 3281 769 3364 2,
796 3281 858 3364 3,
889 3281 993 3346 17.
1080 3280 1324 3345 Paulus
1377 3281 1544 3345 libro
1601 3280 1756 3365 quin
1804 3277 2178 3363 uagensimo

211 3370 392 3443 quarto
435 3369 516 3434 ad
563 3370 843 3435 edictum
891 3368 986 3456 (P.
1016 3366 1220 3457 568⁰).
1274 3406 1350 3416 —
1397 3368 1612 3434 Labeo
1651 3372 1717 3433 et
1818 3389 1970 3432 erva
2004 3365 2177 3429 filius

212 3457 630 3536 responderunt
676 3457 960 3524 desinere
1006 3480 1108 3523 me
1153 3459 1483 3542 possidere
1530 3478 1676 3522 eum
1711 3455 1946 3539 locum,
1990 3473 2178 3536 quem

214 3535 400 3611 flumen
443 3551 557 3611 aut
603 3569 779 3612 mare
827 3545 1251 3631 occupaverit.
