<?xml version="1.0" encoding="UTF-8"?>
<!DOCTYPE html PUBLIC "-//W3C//DTD XHTML 1.0 Transitional//EN"
    "http://www.w3.org/TR/xhtml1/DTD/xhtml1-transitional.dtd">
<html xmlns="http://www.w3.org/1999/xhtml" xml:lang="en" lang="en">
 <head>
  <title>
</title>
<meta http-equiv="Content-Type" content="text/html;charset=utf-8" />
  <meta name='ocr-system' content='tesseract 3.04.00' />
  <meta name='ocr-capabilities' content='ocr_page ocr_carea ocr_par ocr_line ocrx_word'/>
</head>
<body>
  <div class='ocr_page' id='page_1' title='image "./iurisprudentiae00unkngoog_0077.png"; bbox 0 0 2575 3900; ppageno 0'>
   <div class='ocr_carea' id='block_1_1' title="bbox 759 189 2205 252">
    <p class='ocr_par' dir='ltr' id='par_1_1' title="bbox 759 189 2205 252">
     <span class='ocr_line' id='line_1_1' title="bbox 759 189 2205 252; baseline 0.003 -4"><span class='ocrx_word' id='word_1_1' title='bbox 759 200 809 248; x_wconf 86' lang='lat'><strong>4.</strong></span> <span class='ocrx_word' id='word_1_2' title='bbox 848 193 906 248; x_wconf 91' lang='lat' dir='ltr'><strong>C.</strong></span> <span class='ocrx_word' id='word_1_3' title='bbox 935 191 1227 248; x_wconf 85' lang='lat' dir='ltr'>CASSIUS</span> <span class='ocrx_word' id='word_1_4' title='bbox 1264 190 1634 246; x_wconf 83' lang='lat' dir='ltr'>LONGINUS</span> <span class='ocrx_word' id='word_1_5' title='bbox 2125 189 2205 252; x_wconf 82' lang='lat'><strong>41</strong></span> 
     </span>
    </p>
   </div>
   <div class='ocr_carea' id='block_1_2' title="bbox 208 357 2216 793">
    <p class='ocr_par' dir='ltr' id='par_1_2' title="bbox 208 357 2216 793">
     <span class='ocr_line' id='line_1_2' title="bbox 217 357 2212 439; baseline -0.003 -18"><span class='ocrx_word' id='word_1_6' title='bbox 217 365 350 421; x_wconf 87' lang='lat' dir='ltr'><strong>certe</strong></span> <span class='ocrx_word' id='word_1_7' title='bbox 404 363 565 439; x_wconf 89' lang='lat' dir='ltr'><strong>apud</strong></span> <span class='ocrx_word' id='word_1_8' title='bbox 609 362 939 422; x_wconf 87' lang='lat' dir='ltr'><strong>Masurium</strong></span> <span class='ocrx_word' id='word_1_9' title='bbox 986 361 1278 420; x_wconf 83' lang='lat' dir='ltr'><strong>Sabinum</strong></span> <span class='ocrx_word' id='word_1_10' title='bbox 1333 360 1596 436; x_wconf 87' lang='lat' dir='ltr'><strong>primum</strong></span> <span class='ocrx_word' id='word_1_11' title='bbox 1639 360 1837 419; x_wconf 90' lang='lat' dir='ltr'><strong>locum</strong></span> <span class='ocrx_word' id='word_1_12' title='bbox 1884 357 2212 418; x_wconf 74' lang='lat' dir='ltr'><strong>obtinuisse</strong></span> 
     </span>
     <span class='ocr_line' id='line_1_3' title="bbox 216 443 2212 533; baseline -0.001 -24"><span class='ocrx_word' id='word_1_13' title='bbox 216 451 443 511; x_wconf 89' lang='lat' dir='ltr'><strong>vidimus</strong></span> <span class='ocrx_word' id='word_1_14' title='bbox 478 445 569 533; x_wconf 89' lang='lat' dir='ltr'><strong>(H</strong></span> <span class='ocrx_word' id='word_1_15' title='bbox 602 455 633 510; x_wconf 92' lang='lat'>1</span> <span class='ocrx_word' id='word_1_16' title='bbox 674 471 732 526; x_wconf 88' lang='lat' dir='ltr'><strong>p.</strong></span> <span class='ocrx_word' id='word_1_17' title='bbox 752 443 929 531; x_wconf 87' lang='lat'>449).</span> <span class='ocrx_word' id='word_1_18' title='bbox 1003 449 1107 510; x_wconf 88' lang='lat' dir='ltr'><strong>sed</strong></span> <span class='ocrx_word' id='word_1_19' title='bbox 1151 467 1287 509; x_wconf 90' lang='lat' dir='ltr'><strong>cum</strong></span> <span class='ocrx_word' id='word_1_20' title='bbox 1325 449 1509 525; x_wconf 91' lang='lat' dir='ltr'><strong>capiti</strong></span> <span class='ocrx_word' id='word_1_21' title='bbox 1544 449 1617 508; x_wconf 92' lang='lat' dir='ltr'><strong>de</strong></span> <span class='ocrx_word' id='word_1_22' title='bbox 1653 449 1970 508; x_wconf 82' lang='lat' dir='ltr'><strong>usufructu</strong></span> <span class='ocrx_word' id='word_1_23' title='bbox 2004 447 2212 525; x_wconf 85' lang='lat' dir='ltr'><strong>legato</strong></span> 
     </span>
     <span class='ocr_line' id='line_1_4' title="bbox 212 538 2216 617; baseline -0.002 -19"><span class='ocrx_word' id='word_1_24' title='bbox 212 541 495 616; x_wconf 88' lang='lat' dir='ltr'><strong>generalia</strong></span> <span class='ocrx_word' id='word_1_25' title='bbox 523 541 819 616; x_wconf 81' lang='lat' dir='ltr'><strong>quaedam</strong></span> <span class='ocrx_word' id='word_1_26' title='bbox 848 540 919 599; x_wconf 92' lang='lat' dir='ltr'><strong>de</strong></span> <span class='ocrx_word' id='word_1_27' title='bbox 946 539 1164 617; x_wconf 87' lang='lat' dir='ltr'><strong>legatis</strong></span> <span class='ocrx_word' id='word_1_28' title='bbox 1191 540 1524 615; x_wconf 89' lang='lat' dir='ltr'><strong>praemissa</strong></span> <span class='ocrx_word' id='word_1_29' title='bbox 1544 538 1731 597; x_wconf 87' lang='lat' dir='ltr'><strong>fuisse</strong></span> <span class='ocrx_word' id='word_1_30' title='bbox 1750 538 2216 596; x_wconf 89' lang='lat' dir='ltr'><strong>consentaneum</strong></span> 
     </span>
     <span class='ocr_line' id='line_1_5' title="bbox 211 624 2215 706; baseline -0.002 -19"><span class='ocrx_word' id='word_1_31' title='bbox 211 628 290 704; x_wconf 87' lang='lat' dir='ltr'><strong>sit,</strong></span> <span class='ocrx_word' id='word_1_32' title='bbox 331 649 399 688; x_wconf 91' lang='lat' dir='ltr'><strong>ea</strong></span> <span class='ocrx_word' id='word_1_33' title='bbox 446 648 601 706; x_wconf 89' lang='lat' dir='ltr'><strong>quae</strong></span> <span class='ocrx_word' id='word_1_34' title='bbox 648 630 721 688; x_wconf 90' lang='lat' dir='ltr'><strong>de</strong></span> <span class='ocrx_word' id='word_1_35' title='bbox 767 628 1055 688; x_wconf 77' lang='lat' dir='ltr'><strong>codicillis</strong></span> <span class='ocrx_word' id='word_1_36' title='bbox 1102 630 1165 687; x_wconf 93' lang='lat' dir='ltr'><strong>et</strong></span> <span class='ocrx_word' id='word_1_37' title='bbox 1210 629 1282 686; x_wconf 92' lang='lat' dir='ltr'><strong>de</strong></span> <span class='ocrx_word' id='word_1_38' title='bbox 1319 628 1660 705; x_wconf 85' lang='lat' dir='ltr'><strong>legatorum</strong></span> <span class='ocrx_word' id='word_1_39' title='bbox 1696 626 2015 703; x_wconf 85' lang='lat' dir='ltr'><strong>generibus</strong></span> <span class='ocrx_word' id='word_1_40' title='bbox 2051 624 2215 701; x_wconf 88' lang='lat' dir='ltr'><strong>apud</strong></span> 
     </span>
     <span class='ocr_line' id='line_1_6' title="bbox 208 715 1725 793; baseline -0.001 -17"><span class='ocrx_word' id='word_1_41' title='bbox 208 715 461 777; x_wconf 86' lang='lat' dir='ltr'><strong>Cassium</strong></span> <span class='ocrx_word' id='word_1_42' title='bbox 508 721 750 779; x_wconf 89' lang='lat' dir='ltr'><strong>servata</strong></span> <span class='ocrx_word' id='word_1_43' title='bbox 794 720 961 792; x_wconf 84' lang='lat' dir='ltr'><strong>sunt,</strong></span> <span class='ocrx_word' id='word_1_44' title='bbox 1007 717 1451 793; x_wconf 84' lang='lat' dir='ltr'><strong>praemittenda</strong></span> <span class='ocrx_word' id='word_1_45' title='bbox 1495 716 1725 792; x_wconf 88' lang='lat' dir='ltr'><strong>putavi.</strong></span> 
     </span>
    </p>
   </div>
   <div class='ocr_carea' id='block_1_3' title="bbox 848 895 1567 970">
    <p class='ocr_par' dir='ltr' id='par_1_3' title="bbox 848 895 1567 970">
     <span class='ocr_line' id='line_1_7' title="bbox 848 895 1567 970; baseline -0.001 -16"><span class='ocrx_word' id='word_1_46' title='bbox 848 895 1069 970; x_wconf 78' lang='lat' dir='ltr'><strong>Quibus</strong></span> <span class='ocrx_word' id='word_1_47' title='bbox 1110 899 1258 953; x_wconf 80' lang='lat' dir='ltr'><strong>recte</strong></span> <span class='ocrx_word' id='word_1_48' title='bbox 1304 895 1567 967; x_wconf 72' lang='lat' dir='ltr'><strong>leymnus.</strong></span> 
     </span>
    </p>
   </div>
   <div class='ocr_carea' id='block_1_4' title="bbox 181 1011 2218 1989">
    <p class='ocr_par' dir='ltr' id='par_1_4' title="bbox 181 1011 2218 1989">
     <span class='ocr_line' id='line_1_8' title="bbox 368 1011 2214 1097; baseline -0.002 -17"><span class='ocrx_word' id='word_1_49' title='bbox 368 1016 473 1080; x_wconf 88' lang='grc'><strong>16.</strong></span> <span class='ocrx_word' id='word_1_50' title='bbox 520 1013 659 1079; x_wconf 85' lang='lat' dir='ltr'><strong>Gai.</strong></span> <span class='ocrx_word' id='word_1_51' title='bbox 679 1015 739 1094; x_wconf 81' lang='lat'><strong>2,</strong></span> <span class='ocrx_word' id='word_1_52' title='bbox 759 1013 909 1078; x_wconf 80' lang='lat'>244.</span> <span class='ocrx_word' id='word_1_53' title='bbox 951 1050 1027 1059; x_wconf 91' lang='lat'>—</span> <span class='ocrx_word' id='word_1_54' title='bbox 1070 1013 1177 1077; x_wconf 88' lang='lat' dir='ltr'><strong>An</strong></span> <span class='ocrx_word' id='word_1_55' title='bbox 1225 1013 1283 1077; x_wconf 89' lang='lat' dir='ltr'><strong>ei</strong></span> <span class='ocrx_word' id='word_1_56' title='bbox 1333 1012 1443 1097; x_wconf 90' lang='lat' dir='ltr'><strong>qui</strong></span> <span class='ocrx_word' id='word_1_57' title='bbox 1487 1013 1554 1076; x_wconf 90' lang='lat' dir='ltr'><strong>in</strong></span> <span class='ocrx_word' id='word_1_58' title='bbox 1591 1014 1916 1095; x_wconf 73' lang='lat' dir='ltr'><strong>potestate</strong></span> <span class='ocrx_word' id='word_1_59' title='bbox 1955 1012 2041 1075; x_wconf 91' lang='lat' dir='ltr'><strong>sit</strong></span> <span class='ocrx_word' id='word_1_60' title='bbox 2078 1011 2214 1077; x_wconf 88' lang='lat' dir='ltr'><strong>eius</strong></span> 
     </span>
     <span class='ocr_line' id='line_1_9' title="bbox 195 1101 2217 1188; baseline -0 -20"><span class='ocrx_word' id='word_1_61' title='bbox 195 1125 374 1188; x_wconf 89' lang='lat' dir='ltr'><strong>quem</strong></span> <span class='ocrx_word' id='word_1_62' title='bbox 442 1104 743 1167; x_wconf 86' lang='lat' dir='ltr'><strong>heredem</strong></span> <span class='ocrx_word' id='word_1_63' title='bbox 798 1103 1230 1180; x_wconf 85' lang='lat' dir='ltr'><strong>instituimus,</strong></span> <span class='ocrx_word' id='word_1_64' title='bbox 1295 1106 1467 1166; x_wconf 91' lang='lat' dir='ltr'><strong>recte</strong></span> <span class='ocrx_word' id='word_1_65' title='bbox 1523 1102 1811 1186; x_wconf 87' lang='lat' dir='ltr'><strong>legemus</strong></span> <span class='ocrx_word' id='word_1_66' title='bbox 1869 1101 2217 1184; x_wconf 89' lang='lat' dir='ltr'><strong>quaeritur.</strong></span> 
     </span>
     <span class='ocr_line' id='line_1_10' title="bbox 196 1189 2218 1276; baseline -0.001 -20"><span class='ocrx_word' id='word_1_67' title='bbox 196 1190 449 1258; x_wconf 84' lang='lat' dir='ltr'><strong>Servius</strong></span> <span class='ocrx_word' id='word_1_68' title='bbox 495 1197 667 1257; x_wconf 91' lang='lat' dir='ltr'><strong>recte</strong></span> <span class='ocrx_word' id='word_1_69' title='bbox 711 1191 919 1276; x_wconf 86' lang='lat' dir='ltr'><strong>legari</strong></span> <span class='ocrx_word' id='word_1_70' title='bbox 964 1194 1168 1275; x_wconf 87' lang='lat' dir='ltr'><strong>putat,</strong></span> <span class='ocrx_word' id='word_1_71' title='bbox 1219 1191 1332 1255; x_wconf 92' lang='lat' dir='ltr'><strong>sed</strong></span> <span class='ocrx_word' id='word_1_72' title='bbox 1379 1211 1759 1255; x_wconf 85' lang='lat' dir='ltr'><strong>evanescere</strong></span> <span class='ocrx_word' id='word_1_73' title='bbox 1806 1189 2115 1274; x_wconf 85' lang='lat' dir='ltr'><strong>legatum,</strong></span> <span class='ocrx_word' id='word_1_74' title='bbox 2160 1189 2218 1254; x_wconf 92' lang='lat' dir='ltr'><strong>si</strong></span> 
     </span>
     <span class='ocr_line' id='line_1_11' title="bbox 192 1277 2218 1364; baseline -0.001 -20"><span class='ocrx_word' id='word_1_75' title='bbox 192 1301 310 1364; x_wconf 90' lang='lat' dir='ltr'><strong>quo</strong></span> <span class='ocrx_word' id='word_1_76' title='bbox 376 1286 672 1364; x_wconf 89' lang='lat' dir='ltr'><strong>tempore</strong></span> <span class='ocrx_word' id='word_1_77' title='bbox 737 1280 869 1344; x_wconf 90' lang='lat' dir='ltr'><strong>dies</strong></span> <span class='ocrx_word' id='word_1_78' title='bbox 928 1279 1295 1362; x_wconf 85' lang='lat' dir='ltr'><strong>legatorum</strong></span> <span class='ocrx_word' id='word_1_79' title='bbox 1354 1279 1574 1345; x_wconf 85' lang='lat' dir='ltr'><strong>cedere</strong></span> <span class='ocrx_word' id='word_1_80' title='bbox 1630 1279 1822 1362; x_wconf 88' lang='lat' dir='ltr'><strong>solet,</strong></span> <span class='ocrx_word' id='word_1_81' title='bbox 1888 1277 2094 1344; x_wconf 88' lang='lat' dir='ltr'><strong>adhuc</strong></span> <span class='ocrx_word' id='word_1_82' title='bbox 2147 1277 2218 1342; x_wconf 91' lang='lat' dir='ltr'><strong>in</strong></span> 
     </span>
     <span class='ocr_line' id='line_1_12' title="bbox 189 1365 2217 1452; baseline -0.001 -19"><span class='ocrx_word' id='word_1_83' title='bbox 189 1373 512 1452; x_wconf 82' lang='lat' dir='ltr'><strong>potestate</strong></span> <span class='ocrx_word' id='word_1_84' title='bbox 569 1370 655 1433; x_wconf 91' lang='lat' dir='ltr'><strong>sit</strong></span> <span class='ocrx_word' id='word_1_85' title='bbox 708 1418 723 1433; x_wconf 94' lang='lat'><strong>.</strong></span> <span class='ocrx_word' id='word_1_86' title='bbox 762 1418 777 1433; x_wconf 94' lang='lat'><strong>.</strong></span> <span class='ocrx_word' id='word_1_87' title='bbox 810 1417 827 1432; x_wconf 89' lang='lat'><strong>.</strong></span> <span class='ocrx_word' id='word_1_88' title='bbox 883 1366 1160 1434; x_wconf 89' lang='lat' dir='ltr'><strong>Sabinus</strong></span> <span class='ocrx_word' id='word_1_89' title='bbox 1218 1371 1284 1431; x_wconf 90' lang='lat' dir='ltr'><strong>et</strong></span> <span class='ocrx_word' id='word_1_90' title='bbox 1343 1365 1604 1432; x_wconf 82' lang='lat' dir='ltr'><strong>Cassius</strong></span> <span class='ocrx_word' id='word_1_91' title='bbox 1661 1368 1782 1431; x_wconf 93' lang='lat' dir='ltr'><strong>sub</strong></span> <span class='ocrx_word' id='word_1_92' title='bbox 1839 1367 2217 1432; x_wconf 91' lang='lat' dir='ltr'><strong>condicione</strong></span> 
     </span>
     <span class='ocr_line' id='line_1_13' title="bbox 188 1455 2216 1545; baseline -0 -24"><span class='ocrx_word' id='word_1_93' title='bbox 188 1464 356 1524; x_wconf 87' lang='lat' dir='ltr'><strong>recte</strong></span> <span class='ocrx_word' id='word_1_94' title='bbox 407 1459 643 1545; x_wconf 86' lang='lat' dir='ltr'><strong>legari,</strong></span> <span class='ocrx_word' id='word_1_95' title='bbox 696 1479 855 1542; x_wconf 86' lang='lat' dir='ltr'><strong>pure</strong></span> <span class='ocrx_word' id='word_1_96' title='bbox 901 1479 1035 1522; x_wconf 90' lang='lat' dir='ltr'><strong>non</strong></span> <span class='ocrx_word' id='word_1_97' title='bbox 1080 1461 1281 1538; x_wconf 89' lang='lat' dir='ltr'><strong>recte,</strong></span> <span class='ocrx_word' id='word_1_98' title='bbox 1337 1460 1597 1541; x_wconf 83' lang='lat' dir='ltr'><strong>putant3</strong></span> <span class='ocrx_word' id='word_1_99' title='bbox 1651 1456 1805 1521; x_wconf 91' lang='lat' dir='ltr'><strong>licet</strong></span> <span class='ocrx_word' id='word_1_100' title='bbox 1852 1457 2023 1520; x_wconf 91' lang='lat' dir='ltr'><strong>enim</strong></span> <span class='ocrx_word' id='word_1_101' title='bbox 2069 1455 2216 1520; x_wconf 89' lang='lat' dir='ltr'><strong>vivo</strong></span> 
     </span>
     <span class='ocr_line' id='line_1_14' title="bbox 188 1543 2216 1632; baseline 0 -23"><span class='ocrx_word' id='word_1_102' title='bbox 188 1549 507 1613; x_wconf 87' lang='lat' dir='ltr'><strong>testatore</strong></span> <span class='ocrx_word' id='word_1_103' title='bbox 544 1549 757 1630; x_wconf 89' lang='lat' dir='ltr'><strong>possit</strong></span> <span class='ocrx_word' id='word_1_104' title='bbox 794 1546 1080 1610; x_wconf 87' lang='lat' dir='ltr'><strong>desinere</strong></span> <span class='ocrx_word' id='word_1_105' title='bbox 1116 1545 1183 1610; x_wconf 91' lang='lat' dir='ltr'><strong>in</strong></span> <span class='ocrx_word' id='word_1_106' title='bbox 1221 1549 1547 1632; x_wconf 87' lang='lat' dir='ltr'><strong>potestate</strong></span> <span class='ocrx_word' id='word_1_107' title='bbox 1585 1543 1840 1609; x_wconf 89' lang='lat' dir='ltr'><strong>heredis</strong></span> <span class='ocrx_word' id='word_1_108' title='bbox 1879 1566 2037 1627; x_wconf 88' lang='lat' dir='ltr'><strong>esse,</strong></span> <span class='ocrx_word' id='word_1_109' title='bbox 2073 1545 2216 1609; x_wconf 90' lang='lat' dir='ltr'><strong>ideo</strong></span> 
     </span>
     <span class='ocr_line' id='line_1_15' title="bbox 188 1633 2218 1720; baseline -0.002 -20"><span class='ocrx_word' id='word_1_110' title='bbox 188 1639 407 1700; x_wconf 84' lang='lat' dir='ltr'><strong>tamen</strong></span> <span class='ocrx_word' id='word_1_111' title='bbox 473 1636 701 1700; x_wconf 89' lang='lat' dir='ltr'><strong>inutile</strong></span> <span class='ocrx_word' id='word_1_112' title='bbox 758 1637 1048 1720; x_wconf 82' lang='lat' dir='ltr'><strong>legatum</strong></span> <span class='ocrx_word' id='word_1_113' title='bbox 1103 1633 1400 1718; x_wconf 86' lang='lat' dir='ltr'><strong>intellegi</strong></span> <span class='ocrx_word' id='word_1_114' title='bbox 1455 1639 1778 1716; x_wconf 86' lang='lat' dir='ltr'><strong>oportere,</strong></span> <span class='ocrx_word' id='word_1_115' title='bbox 1843 1633 1995 1716; x_wconf 86' lang='lat' dir='ltr'><strong>quia</strong></span> <span class='ocrx_word' id='word_1_116' title='bbox 2049 1634 2218 1715; x_wconf 90' lang='lat' dir='ltr'><strong>quod</strong></span> 
     </span>
     <span class='ocr_line' id='line_1_16' title="bbox 184 1722 2212 1806; baseline 0 -20"><span class='ocrx_word' id='word_1_117' title='bbox 184 1727 395 1789; x_wconf 88' lang='lat' dir='ltr'><strong>nullas</strong></span> <span class='ocrx_word' id='word_1_118' title='bbox 426 1725 599 1788; x_wconf 88' lang='lat' dir='ltr'><strong>vires</strong></span> <span class='ocrx_word' id='word_1_119' title='bbox 626 1724 1004 1788; x_wconf 88' lang='lat' dir='ltr'><strong>habiturum</strong></span> <span class='ocrx_word' id='word_1_120' title='bbox 1030 1722 1219 1806; x_wconf 87' lang='lat' dir='ltr'><strong>foret,</strong></span> <span class='ocrx_word' id='word_1_121' title='bbox 1244 1723 1306 1788; x_wconf 90' lang='lat' dir='ltr'><strong>si</strong></span> <span class='ocrx_word' id='word_1_122' title='bbox 1335 1722 1560 1787; x_wconf 89' lang='lat' dir='ltr'><strong>statim</strong></span> <span class='ocrx_word' id='word_1_123' title='bbox 1583 1727 1734 1806; x_wconf 90' lang='lat' dir='ltr'><strong>post</strong></span> <span class='ocrx_word' id='word_1_124' title='bbox 1752 1727 2212 1786; x_wconf 87' lang='lat' dir='ltr'><strong>testamentum</strong></span> 
     </span>
     <span class='ocr_line' id='line_1_17' title="bbox 185 1810 2214 1897; baseline 0 -23"><span class='ocrx_word' id='word_1_125' title='bbox 185 1811 435 1878; x_wconf 88' lang='lat' dir='ltr'><strong>factum</strong></span> <span class='ocrx_word' id='word_1_126' title='bbox 476 1813 855 1878; x_wconf 88' lang='lat' dir='ltr'><strong>decessisset</strong></span> <span class='ocrx_word' id='word_1_127' title='bbox 889 1814 1187 1895; x_wconf 88' lang='lat' dir='ltr'><strong>testator,</strong></span> <span class='ocrx_word' id='word_1_128' title='bbox 1224 1811 1349 1877; x_wconf 91' lang='lat' dir='ltr'><strong>hoc</strong></span> <span class='ocrx_word' id='word_1_129' title='bbox 1384 1811 1529 1876; x_wconf 92' lang='lat' dir='ltr'><strong>ideo</strong></span> <span class='ocrx_word' id='word_1_130' title='bbox 1561 1812 1799 1897; x_wconf 85' lang='lat' dir='ltr'><strong>valere,</strong></span> <span class='ocrx_word' id='word_1_131' title='bbox 1835 1810 1988 1895; x_wconf 91' lang='lat' dir='ltr'><strong>quia</strong></span> <span class='ocrx_word' id='word_1_132' title='bbox 2016 1813 2214 1875; x_wconf 87' lang='lat' dir='ltr'><strong>vitam</strong></span> 
     </span>
     <span class='ocr_line' id='line_1_18' title="bbox 181 1901 1425 1989; baseline 0.002 -24"><span class='ocrx_word' id='word_1_133' title='bbox 181 1902 451 1989; x_wconf 87' lang='lat' dir='ltr'><strong>longius</strong></span> <span class='ocrx_word' id='word_1_134' title='bbox 498 1903 793 1987; x_wconf 84' lang='lat' dir='ltr'><strong>traxerit,</strong></span> <span class='ocrx_word' id='word_1_135' title='bbox 839 1901 1189 1966; x_wconf 86' lang='lat' dir='ltr'><strong>absurdum</strong></span> <span class='ocrx_word' id='word_1_136' title='bbox 1239 1905 1425 1967; x_wconf 83' lang='lat' dir='ltr'><strong>esset.</strong></span> 
     </span>
    </p>
   </div>
   <div class='ocr_carea' id='block_1_5' title="bbox 723 2076 1691 2151">
    <p class='ocr_par' dir='ltr' id='par_1_5' title="bbox 723 2076 1691 2151">
     <span class='ocr_line' id='line_1_19' title="bbox 723 2076 1691 2151; baseline 0 -17"><span class='ocrx_word' id='word_1_137' title='bbox 723 2076 818 2135; x_wconf 84' lang='lat' dir='ltr'><strong>De</strong></span> <span class='ocrx_word' id='word_1_138' title='bbox 861 2078 1043 2151; x_wconf 75' lang='lat' dir='ltr'><strong>leyato</strong></span> <span class='ocrx_word' id='word_1_139' title='bbox 1080 2094 1191 2151; x_wconf 77' lang='lat' dir='ltr'><strong>per</strong></span> <span class='ocrx_word' id='word_1_140' title='bbox 1232 2078 1691 2136; x_wconf 75' lang='lat' dir='ltr'><strong>vindicationem.</strong></span> 
     </span>
    </p>
   </div>
   <div class='ocr_carea' id='block_1_6' title="bbox 164 2193 2223 3258">
    <p class='ocr_par' dir='ltr' id='par_1_6' title="bbox 169 2193 2220 2705">
     <span class='ocr_line' id='line_1_20' title="bbox 367 2193 2216 2277; baseline 0.002 -18"><span class='ocrx_word' id='word_1_141' title='bbox 367 2196 472 2261; x_wconf 85' lang='lat'><strong>17.</strong></span> <span class='ocrx_word' id='word_1_142' title='bbox 534 2193 673 2259; x_wconf 82' lang='lat' dir='ltr'><strong>Gai.</strong></span> <span class='ocrx_word' id='word_1_143' title='bbox 702 2196 772 2277; x_wconf 80' lang='lat'><strong>2,</strong></span> <span class='ocrx_word' id='word_1_144' title='bbox 806 2196 951 2260; x_wconf 81' lang='lat'><strong>195.</strong></span> <span class='ocrx_word' id='word_1_145' title='bbox 998 2232 1084 2243; x_wconf 89' lang='lat'>—</span> <span class='ocrx_word' id='word_1_146' title='bbox 1130 2244 1145 2259; x_wconf 94' lang='lat'><strong>.</strong></span> <span class='ocrx_word' id='word_1_147' title='bbox 1175 2245 1190 2259; x_wconf 90' lang='lat'><strong>.</strong></span> <span class='ocrx_word' id='word_1_148' title='bbox 1238 2194 1520 2261; x_wconf 84' lang='lat' dir='ltr'><strong>Sabinus</strong></span> <span class='ocrx_word' id='word_1_149' title='bbox 1577 2244 1592 2259; x_wconf 94' lang='lat'><strong>.</strong></span> <span class='ocrx_word' id='word_1_150' title='bbox 1621 2243 1636 2258; x_wconf 94' lang='lat'><strong>.</strong></span> <span class='ocrx_word' id='word_1_151' title='bbox 1691 2198 1757 2259; x_wconf 91' lang='lat' dir='ltr'><strong>et</strong></span> <span class='ocrx_word' id='word_1_152' title='bbox 1803 2194 2066 2261; x_wconf 85' lang='lat' dir='ltr'><strong>Cassius</strong></span> <span class='ocrx_word' id='word_1_153' title='bbox 2114 2247 2129 2261; x_wconf 90' lang='lat'><strong>.</strong></span> <span class='ocrx_word' id='word_1_154' title='bbox 2158 2246 2216 2263; x_wconf 90' lang='lat'><strong>..</strong></span> 
     </span>
     <span class='ocr_line' id='line_1_21' title="bbox 178 2281 2217 2370; baseline 0.001 -22"><span class='ocrx_word' id='word_1_155' title='bbox 178 2284 355 2367; x_wconf 91' lang='lat' dir='ltr'><strong>quod</strong></span> <span class='ocrx_word' id='word_1_156' title='bbox 417 2286 515 2348; x_wconf 89' lang='lat' dir='ltr'><strong>ita</strong></span> <span class='ocrx_word' id='word_1_157' title='bbox 568 2283 854 2369; x_wconf 87' lang='lat' dir='ltr'><strong>legatum</strong></span> <span class='ocrx_word' id='word_1_158' title='bbox 912 2285 995 2348; x_wconf 92' lang='lat' dir='ltr'><strong>sit</strong></span> <span class='ocrx_word' id='word_1_159' title='bbox 1050 2281 1164 2370; x_wconf 89' lang='lat' dir='ltr'><strong>(sc.</strong></span> <span class='ocrx_word' id='word_1_160' title='bbox 1210 2306 1329 2366; x_wconf 91' lang='lat' dir='ltr'><strong>per</strong></span> <span class='ocrx_word' id='word_1_161' title='bbox 1381 2281 1938 2370; x_wconf 82' lang='lat' dir='ltr'><strong>vindicationem),</strong></span> <span class='ocrx_word' id='word_1_162' title='bbox 1995 2287 2217 2351; x_wconf 88' lang='lat' dir='ltr'><strong>statim</strong></span> 
     </span>
     <span class='ocr_line' id='line_1_22' title="bbox 172 2372 2218 2458; baseline 0.001 -20"><span class='ocrx_word' id='word_1_163' title='bbox 172 2378 333 2456; x_wconf 88' lang='lat' dir='ltr'><strong>post</strong></span> <span class='ocrx_word' id='word_1_164' title='bbox 383 2373 635 2438; x_wconf 86' lang='lat' dir='ltr'><strong>aditam</strong></span> <span class='ocrx_word' id='word_1_165' title='bbox 680 2372 1105 2437; x_wconf 88' lang='lat' dir='ltr'><strong>hereditatem</strong></span> <span class='ocrx_word' id='word_1_166' title='bbox 1150 2376 1387 2458; x_wconf 85' lang='lat' dir='ltr'><strong>putant</strong></span> <span class='ocrx_word' id='word_1_167' title='bbox 1425 2372 1564 2437; x_wconf 88' lang='lat' dir='ltr'><strong>fieri</strong></span> <span class='ocrx_word' id='word_1_168' title='bbox 1601 2373 1919 2458; x_wconf 85' lang='lat' dir='ltr'><strong>legatarii,</strong></span> <span class='ocrx_word' id='word_1_169' title='bbox 1964 2376 2218 2440; x_wconf 88' lang='lat' dir='ltr'><strong>etiamsi</strong></span> 
     </span>
     <span class='ocr_line' id='line_1_23' title="bbox 173 2458 2220 2545; baseline 0.002 -21"><span class='ocrx_word' id='word_1_170' title='bbox 173 2464 452 2545; x_wconf 84' lang='lat' dir='ltr'><strong>ignoret</strong></span> <span class='ocrx_word' id='word_1_171' title='bbox 508 2462 638 2526; x_wconf 91' lang='lat' dir='ltr'><strong>sibi</strong></span> <span class='ocrx_word' id='word_1_172' title='bbox 690 2462 981 2545; x_wconf 88' lang='lat' dir='ltr'><strong>legatum</strong></span> <span class='ocrx_word' id='word_1_173' title='bbox 1036 2483 1206 2541; x_wconf 88' lang='lat' dir='ltr'><strong>esse,</strong></span> <span class='ocrx_word' id='word_1_174' title='bbox 1261 2458 1374 2525; x_wconf 92' lang='lat' dir='ltr'><strong>sed</strong></span> <span class='ocrx_word' id='word_1_175' title='bbox 1419 2465 1843 2545; x_wconf 88' lang='lat' dir='ltr'><strong>posteaquam</strong></span> <span class='ocrx_word' id='word_1_176' title='bbox 1892 2463 2108 2528; x_wconf 91' lang='lat' dir='ltr'><strong>scierit</strong></span> <span class='ocrx_word' id='word_1_177' title='bbox 2155 2468 2220 2528; x_wconf 91' lang='lat' dir='ltr'><strong>et</strong></span> 
     </span>
     <span class='ocr_line' id='line_1_24' title="bbox 173 2549 2220 2637; baseline 0.001 -22"><span class='ocrx_word' id='word_1_178' title='bbox 173 2549 592 2635; x_wconf 81' lang='lat' dir='ltr'><strong>(spreverit)</strong></span> <span class='ocrx_word' id='word_1_179' title='bbox 650 2550 966 2635; x_wconf 87' lang='lat' dir='ltr'><strong>legatum,</strong></span> <span class='ocrx_word' id='word_1_180' title='bbox 1020 2551 1292 2633; x_wconf 89' lang='lat' dir='ltr'><strong>proinde</strong></span> <span class='ocrx_word' id='word_1_181' title='bbox 1350 2571 1517 2633; x_wconf 87' lang='lat' dir='ltr'><strong>esse,</strong></span> <span class='ocrx_word' id='word_1_182' title='bbox 1575 2554 1763 2634; x_wconf 87' lang='lat' dir='ltr'><strong>atque</strong></span> <span class='ocrx_word' id='word_1_183' title='bbox 1820 2552 1877 2614; x_wconf 92' lang='lat' dir='ltr'><strong>si</strong></span> <span class='ocrx_word' id='word_1_184' title='bbox 1931 2551 2220 2637; x_wconf 86' lang='lat' dir='ltr'><strong>legatum</strong></span> 
     </span>
     <span class='ocr_line' id='line_1_25' title="bbox 169 2644 563 2705; baseline -0.003 -2"><span class='ocrx_word' id='word_1_185' title='bbox 169 2662 306 2705; x_wconf 91' lang='lat' dir='ltr'><strong>non</strong></span> <span class='ocrx_word' id='word_1_186' title='bbox 360 2644 563 2705; x_wconf 88' lang='lat' dir='ltr'><strong>esset.</strong></span> 
     </span>
    </p>

    <p class='ocr_par' dir='ltr' id='par_1_7' title="bbox 164 2725 2223 3258">
     <span class='ocr_line' id='line_1_26' title="bbox 366 2725 2220 2812; baseline 0 -19"><span class='ocrx_word' id='word_1_187' title='bbox 366 2729 478 2793; x_wconf 87' lang='lat'><strong>18.</strong></span> <span class='ocrx_word' id='word_1_188' title='bbox 536 2725 674 2791; x_wconf 81' lang='lat' dir='ltr'><strong>Gai.</strong></span> <span class='ocrx_word' id='word_1_189' title='bbox 705 2729 773 2809; x_wconf 82' lang='lat'><strong>2,</strong></span> <span class='ocrx_word' id='word_1_190' title='bbox 800 2728 949 2792; x_wconf 80' lang='lat'>200.</span> <span class='ocrx_word' id='word_1_191' title='bbox 1011 2763 1087 2772; x_wconf 91' lang='lat'>—</span> <span class='ocrx_word' id='word_1_192' title='bbox 1144 2776 1159 2793; x_wconf 91' lang='lat'><strong>.</strong></span> <span class='ocrx_word' id='word_1_193' title='bbox 1187 2776 1202 2791; x_wconf 94' lang='lat'><strong>.</strong></span> <span class='ocrx_word' id='word_1_194' title='bbox 1258 2725 1616 2809; x_wconf 88' lang='lat' dir='ltr'><strong>quaeritur,</strong></span> <span class='ocrx_word' id='word_1_195' title='bbox 1672 2726 1842 2812; x_wconf 87' lang='lat' dir='ltr'><strong>quod</strong></span> <span class='ocrx_word' id='word_1_196' title='bbox 1897 2729 2015 2792; x_wconf 91' lang='lat' dir='ltr'><strong>sub</strong></span> <span class='ocrx_word' id='word_1_197' title='bbox 2071 2750 2220 2793; x_wconf 87' lang='lat' dir='ltr'><strong>eon-</strong></span> 
     </span>
     <span class='ocr_line' id='line_1_27' title="bbox 173 2815 2220 2901; baseline 0.001 -20"><span class='ocrx_word' id='word_1_198' title='bbox 173 2818 451 2883; x_wconf 84' lang='lat' dir='ltr'><strong>dicione</strong></span> <span class='ocrx_word' id='word_1_199' title='bbox 497 2837 613 2901; x_wconf 91' lang='lat' dir='ltr'><strong>per</strong></span> <span class='ocrx_word' id='word_1_200' title='bbox 655 2816 1151 2881; x_wconf 85' lang='lat' dir='ltr'><strong>vindicationem</strong></span> <span class='ocrx_word' id='word_1_201' title='bbox 1200 2815 1488 2901; x_wconf 86' lang='lat' dir='ltr'><strong>legatum</strong></span> <span class='ocrx_word' id='word_1_202' title='bbox 1536 2820 1660 2898; x_wconf 88' lang='lat' dir='ltr'><strong>est,</strong></span> <span class='ocrx_word' id='word_1_203' title='bbox 1710 2816 2026 2900; x_wconf 88' lang='lat' dir='ltr'><strong>pendente</strong></span> <span class='ocrx_word' id='word_1_204' title='bbox 2071 2838 2220 2883; x_wconf 90' lang='lat' dir='ltr'><strong>con-</strong></span> 
     </span>
     <span class='ocr_line' id='line_1_28' title="bbox 169 2904 2220 2989; baseline 0.001 -19"><span class='ocrx_word' id='word_1_205' title='bbox 169 2906 445 2972; x_wconf 88' lang='lat' dir='ltr'><strong>dicione</strong></span> <span class='ocrx_word' id='word_1_206' title='bbox 492 2904 673 2969; x_wconf 90' lang='lat' dir='ltr'><strong>cuius</strong></span> <span class='ocrx_word' id='word_1_207' title='bbox 719 2908 906 2971; x_wconf 86' lang='lat' dir='ltr'><strong>esset.</strong></span> <span class='ocrx_word' id='word_1_208' title='bbox 1004 2904 1218 2969; x_wconf 89' lang='lat' dir='ltr'><strong>nostri</strong></span> <span class='ocrx_word' id='word_1_209' title='bbox 1264 2908 1721 2989; x_wconf 88' lang='lat' dir='ltr'><strong>praeceptores</strong></span> <span class='ocrx_word' id='word_1_210' title='bbox 1777 2904 2026 2971; x_wconf 87' lang='lat' dir='ltr'><strong>heredis</strong></span> <span class='ocrx_word' id='word_1_211' title='bbox 2077 2928 2220 2973; x_wconf 89' lang='lat' dir='ltr'><strong>esse</strong></span> 
     </span>
     <span class='ocr_line' id='line_1_29' title="bbox 166 2994 2220 3079; baseline 0 -18"><span class='ocrx_word' id='word_1_212' title='bbox 166 2998 435 3079; x_wconf 80' lang='lat' dir='ltr'><strong>putant</strong></span> <span class='ocrx_word' id='word_1_213' title='bbox 500 2994 792 3077; x_wconf 86' lang='lat' dir='ltr'><strong>exemplo</strong></span> <span class='ocrx_word' id='word_1_214' title='bbox 862 2997 1035 3058; x_wconf 88' lang='lat' dir='ltr'><strong>statu</strong></span> <span class='ocrx_word' id='word_1_215' title='bbox 1097 2995 1318 3073; x_wconf 89' lang='lat' dir='ltr'><strong>liberi,</strong></span> <span class='ocrx_word' id='word_1_216' title='bbox 1381 2995 1447 3058; x_wconf 90' lang='lat' dir='ltr'><strong>id</strong></span> <span class='ocrx_word' id='word_1_217' title='bbox 1505 2999 1604 3059; x_wconf 89' lang='lat' dir='ltr'><strong>est</strong></span> <span class='ocrx_word' id='word_1_218' title='bbox 1659 2995 1795 3059; x_wconf 91' lang='lat' dir='ltr'><strong>eius</strong></span> <span class='ocrx_word' id='word_1_219' title='bbox 1853 2996 2047 3078; x_wconf 87' lang='lat' dir='ltr'><strong>servi,</strong></span> <span class='ocrx_word' id='word_1_220' title='bbox 2111 2996 2220 3079; x_wconf 92' lang='lat' dir='ltr'><strong>qui</strong></span> 
     </span>
     <span class='ocr_line' id='line_1_30' title="bbox 165 3082 2223 3169; baseline 0 -20"><span class='ocrx_word' id='word_1_221' title='bbox 165 3086 583 3149; x_wconf 86' lang='lat' dir='ltr'><strong>testamento</strong></span> <span class='ocrx_word' id='word_1_222' title='bbox 622 3084 741 3147; x_wconf 90' lang='lat' dir='ltr'><strong>sub</strong></span> <span class='ocrx_word' id='word_1_223' title='bbox 780 3082 1001 3167; x_wconf 85' lang='lat' dir='ltr'><strong>aliqua</strong></span> <span class='ocrx_word' id='word_1_224' title='bbox 1038 3082 1412 3147; x_wconf 89' lang='lat' dir='ltr'><strong>condicione</strong></span> <span class='ocrx_word' id='word_1_225' title='bbox 1449 3082 1613 3147; x_wconf 90' lang='lat' dir='ltr'><strong>liber</strong></span> <span class='ocrx_word' id='word_1_226' title='bbox 1658 3104 1797 3149; x_wconf 89' lang='lat' dir='ltr'><strong>esse</strong></span> <span class='ocrx_word' id='word_1_227' title='bbox 1843 3084 2056 3150; x_wconf 91' lang='lat' dir='ltr'><strong>iussus</strong></span> <span class='ocrx_word' id='word_1_228' title='bbox 2105 3093 2223 3169; x_wconf 88' lang='lat' dir='ltr'><strong>est,</strong></span> 
     </span>
     <span class='ocr_line' id='line_1_31' title="bbox 164 3171 1796 3258; baseline -0.001 -19"><span class='ocrx_word' id='word_1_229' title='bbox 164 3196 378 3258; x_wconf 88' lang='lat' dir='ltr'><strong>quem</strong></span> <span class='ocrx_word' id='word_1_230' title='bbox 438 3175 693 3236; x_wconf 87' lang='lat' dir='ltr'><strong>constat</strong></span> <span class='ocrx_word' id='word_1_231' title='bbox 737 3171 987 3236; x_wconf 85' lang='lat' dir='ltr'><strong>interea</strong></span> <span class='ocrx_word' id='word_1_232' title='bbox 1032 3171 1285 3235; x_wconf 90' lang='lat' dir='ltr'><strong>heredis</strong></span> <span class='ocrx_word' id='word_1_233' title='bbox 1334 3193 1590 3237; x_wconf 88' lang='lat' dir='ltr'><strong>servum</strong></span> <span class='ocrx_word' id='word_1_234' title='bbox 1637 3194 1796 3237; x_wconf 88' lang='lat' dir='ltr'><strong>esse.</strong></span> 
     </span>
    </p>
   </div>
   <div class='ocr_carea' id='block_1_7' title="bbox 731 3344 1689 3421">
    <p class='ocr_par' dir='ltr' id='par_1_8' title="bbox 731 3344 1689 3421">
     <span class='ocr_line' id='line_1_32' title="bbox 731 3344 1689 3421; baseline 0.001 -16"><span class='ocrx_word' id='word_1_235' title='bbox 731 3346 826 3405; x_wconf 85' lang='lat' dir='ltr'><strong>De</strong></span> <span class='ocrx_word' id='word_1_236' title='bbox 869 3346 1051 3420; x_wconf 75' lang='lat' dir='ltr'><strong>leyato</strong></span> <span class='ocrx_word' id='word_1_237' title='bbox 1086 3363 1199 3421; x_wconf 73' lang='lat' dir='ltr'><strong>per</strong></span> <span class='ocrx_word' id='word_1_238' title='bbox 1242 3344 1689 3407; x_wconf 74' lang='lat' dir='ltr'><strong>damnationem.</strong></span> 
     </span>
    </p>
   </div>
   <div class='ocr_carea' id='block_1_8' title="bbox 163 3463 2222 3643">
    <p class='ocr_par' dir='ltr' id='par_1_9' title="bbox 163 3463 2222 3643">
     <span class='ocr_line' id='line_1_33' title="bbox 364 3463 2222 3551; baseline -0.001 -20"><span class='ocrx_word' id='word_1_239' title='bbox 364 3465 478 3531; x_wconf 87' lang='lat'><strong>19.</strong></span> <span class='ocrx_word' id='word_1_240' title='bbox 525 3463 601 3529; x_wconf 91' lang='lat' dir='ltr'><strong>D.</strong></span> <span class='ocrx_word' id='word_1_241' title='bbox 622 3464 731 3551; x_wconf 85' lang='lat'><strong>45,</strong></span> <span class='ocrx_word' id='word_1_242' title='bbox 748 3466 808 3548; x_wconf 86' lang='lat'><strong>2,</strong></span> <span class='ocrx_word' id='word_1_243' title='bbox 831 3465 931 3529; x_wconf 84' lang='lat'><strong>17.</strong></span> <span class='ocrx_word' id='word_1_244' title='bbox 1013 3464 1255 3530; x_wconf 90' lang='lat' dir='ltr'><strong>Paulus</strong></span> <span class='ocrx_word' id='word_1_245' title='bbox 1302 3466 1470 3531; x_wconf 90' lang='lat' dir='ltr'><strong>libro</strong></span> <span class='ocrx_word' id='word_1_246' title='bbox 1509 3471 1737 3531; x_wconf 89' lang='lat' dir='ltr'><strong>octavo</strong></span> <span class='ocrx_word' id='word_1_247' title='bbox 1777 3466 1854 3531; x_wconf 90' lang='lat' dir='ltr'><strong>ad</strong></span> <span class='ocrx_word' id='word_1_248' title='bbox 1894 3465 2222 3530; x_wconf 87' lang='lat' dir='ltr'><strong>Plautium</strong></span> 
     </span>
     <span class='ocr_line' id='line_1_34' title="bbox 163 3552 2204 3643; baseline -0.005 -21"><span class='ocrx_word' id='word_1_249' title='bbox 163 3556 267 3643; x_wconf 90' lang='lat' dir='ltr'><strong>(P.</strong></span> <span class='ocrx_word' id='word_1_250' title='bbox 293 3552 545 3638; x_wconf 79' lang='lat'>1158).</span> <span class='ocrx_word' id='word_1_251' title='bbox 578 3590 666 3601; x_wconf 92' lang='lat'>—</span> <span class='ocrx_word' id='word_1_252' title='bbox 700 3552 847 3619; x_wconf 85' lang='lat' dir='ltr'><strong>Sive</strong></span> <span class='ocrx_word' id='word_1_253' title='bbox 886 3576 925 3617; x_wconf 86' lang='lat' dir='ltr'><strong>a</strong></span> <span class='ocrx_word' id='word_1_254' title='bbox 952 3554 1145 3619; x_wconf 89' lang='lat' dir='ltr'><strong>certis</strong></span> <span class='ocrx_word' id='word_1_255' title='bbox 1174 3556 1471 3638; x_wconf 86' lang='lat' dir='ltr'><strong>personis</strong></span> <span class='ocrx_word' id='word_1_256' title='bbox 1501 3554 1807 3620; x_wconf 88' lang='lat' dir='ltr'><strong>heredum</strong></span> <span class='ocrx_word' id='word_1_257' title='bbox 1835 3552 2204 3617; x_wconf 63' lang='lat' dir='ltr'><strong>nominatir*</strong></span> 
     </span>
    </p>
   </div>
  </div>
 </body>
</html>
