2575 3900
469 231 536 287 II.
573 229 1050 285 INCERTORUM
1089 229 1551 284 SENTENTIAE
1590 229 1681 284 ΕΤ
1716 229 1928 285 LIBRI.
2081 231 2209 296 561

187 393 485 478 quidam,
541 394 778 478 inquit,
833 397 1095 477 putant,
1139 393 1465 477 peculium
1521 415 1741 458 servus
1799 393 2037 459 habere
2083 417 2208 460 non

185 486 403 567 potest
445 482 575 546 nisi
621 482 1006 547 concedente
1052 482 1332 546 domino.

371 571 516 636 162.
607 571 683 634 D.
736 570 836 653 15,
897 571 953 654 1,
1007 573 1112 636 42.
1203 571 1383 636 Idem
1448 571 1563 656 (sc.
1628 569 1979 660 Ulpianus)
2045 572 2213 638 libro

188 659 566 725 duodecimo
615 660 695 724 ad
743 659 1039 725 edictum.
1088 698 1174 708 —
1219 658 1299 724 In
1347 659 1796 744 adrogatorem
1843 660 1920 725 de
1956 663 2213 745 peculio

191 750 511 814 actionem
559 748 838 814 dandam
885 748 1148 834 quidam
1194 799 1208 814 .
1237 797 1254 813 .
1301 752 1553 832 putant.

368 861 439 921 cf.
487 858 567 938 II,
619 863 651 920 1
700 881 758 937 p.
807 862 953 921 573.

1041 996 1354 1063 Mandati.

378 1113 521 1179 163.
613 1112 691 1177 D.
752 1113 854 1198 17,
910 1114 968 1194 1,
1027 1114 1085 1178 3.
1176 1113 1418 1178 Paulus
1473 1112 1639 1177 libro
1686 1113 2068 1197 trigensimo
2118 1136 2213 1180 se-

192 1203 399 1268 cundo
448 1201 527 1266 ad
575 1201 868 1267 edictum.
923 1238 998 1248 —
1050 1199 1384 1288 (Mandavi
1432 1201 1581 1284 tibi,
1627 1204 1700 1266 ut
1746 1202 2033 1287 aliquam
2078 1225 2215 1268 rem

191 1291 354 1356 mihi
418 1287 709 1377 emereS.)
799 1291 968 1375 quod
1036 1291 1091 1355 si
1153 1291 1435 1375 pretium
1502 1291 1700 1355 statui
1754 1297 1952 1376 tuque
2008 1292 2214 1375 pluris

189 1381 425 1463 emisti,
464 1379 724 1464 quidam
752 1383 1151 1464 negaverunt
1187 1383 1252 1443 te
1283 1379 1573 1443 mandati
1608 1378 1847 1443 habere
1877 1381 2217 1466 actionem,

195 1470 450 1534 etiamsi
497 1474 764 1552 paratus
811 1489 986 1532 esses
1032 1467 1097 1532 id
1144 1467 1314 1552 quod
1363 1467 1609 1532 excedit
1654 1469 1996 1533 remittere.

373 1572 444 1631 cf.
492 1589 674 1647 supra
716 1591 774 1647 p.
826 1571 969 1631 150.

378 1673 522 1737 164.
617 1671 696 1736 D.
755 1672 856 1756 17,
915 1673 972 1756 1,
1030 1671 1134 1756 22,
1184 1672 1238 1736 1.
1330 1670 1573 1735 Paulus
1620 1671 1789 1737 libro
1836 1671 2214 1756 trigensimo

194 1761 475 1826 secundo
523 1759 602 1825 ad
650 1760 945 1825 edictum.
988 1797 1078 1807 —
1125 1812 1138 1825 .
1168 1808 1184 1826 .
1211 1811 1227 1824 .
1274 1763 1625 1824 tractatum
1674 1764 1793 1843 est,
1839 1761 1912 1842 si,
1958 1755 2100 1826 'cum
2148 1763 2216 1826 in

196 1850 364 1914 diem
412 1849 729 1933 deberem,
786 1848 1097 1914 mandatu
1135 1870 1278 1913 meo
1328 1849 1400 1913 in
1464 1847 1636 1913 diem
1698 1849 2089 1916 fideiusseris
2151 1857 2219 1916 et

197 1943 346 2005 ante
391 1936 560 2003 diem
590 1938 879 2023 solveris,
907 1960 987 2003 an
1020 1939 1245 2004 statim
1270 1936 1512 2004 habeas
1541 1938 1830 2005 mandati
1876 1940 2218 2005 actionem.

194 2034 262 2093 et
324 2028 585 2114 quidam
649 2032 886 2112 putant
946 2032 1349 2112 praesentem
1406 2028 1659 2114 quidem
1726 2049 1866 2093 esse
1929 2029 2219 2093 mandati

195 2119 533 2199 actionem,
563 2117 672 2181 sed
701 2119 871 2183 tanti
899 2120 1230 2200 minorem,
1268 2118 1497 2202 quanti
1532 2138 1675 2182 mea
1711 2118 1970 2182 intersit
1998 2140 2219 2202 super-

194 2207 490 2271 veniente
538 2206 639 2270 die
687 2206 970 2271 solutum
1017 2206 1239 2271 fuisse.

792 2372 894 2438 De
936 2374 1258 2439 collatione
1302 2374 1614 2440 bonorum.

380 2496 552 2562 165?
636 2495 714 2561 D.
762 2497 866 2581 37,
895 2498 954 2574 6,
984 2497 1044 2562 8.
1127 2496 1530 2581 Papinianus
1564 2497 1732 2562 libro
1770 2499 1969 2563 tertio
2006 2499 2219 2575 Quae-

199 2586 502 2651 stionum.
560 2622 646 2633 —
695 2636 708 2651 .
738 2635 752 2650 .
809 2585 1067 2670 quidam
1133 2586 1339 2650 filium
1400 2586 1906 2671 emancipatum,
1972 2590 2080 2671 qui
2140 2589 2219 2654 de

199 2676 390 2740 bonis
449 2673 852 2739 conferendis
909 2694 1136 2740 cavere
1181 2674 1490 2739 fratribus
1537 2675 1775 2760 noluit,
1831 2676 2218 2741 audiendum
2317 2682 2323 2691 '

198 2768 431 2849 postea
474 2766 881 2866 putaverunt,
927 2763 984 2828 si
1019 2763 1216 2828 vellet
1243 2763 1465 2829 oblata
1502 2764 1800 2829 cautione
1837 2765 2218 2831 beneficium

198 2873 632 2938 possessloms
680 2873 989 2918 exercere.

845 3021 946 3087 Dc
988 3022 1161 3087 bonis
1205 3020 1572 3088 libertorum.

382 3147 530 3211 166.
591 3145 828 3211 Incerti
893 3146 1171 3212 auctoris
1234 3146 1467 3231 fragm.
1532 3146 1745 3213 Berol.
1798 3145 1866 3211 H
1920 3144 2218 3233 (Gollect,

201 3237 346 3301 libr.
365 3234 467 3300 III
494 3258 555 3319 p.
576 3230 754 3323 299).
792 3264 881 3283 -·
899 3283 914 3299 .
935 3285 949 3300 .
979 3257 1126 3300 cum
1154 3234 1297 3319 lege
1328 3234 1405 3299 de
1432 3235 1623 3301 bonis
1653 3236 1966 3321 rebusque
1995 3258 2217 3301 eorum

199 3324 536 3390 hominum
590 3324 686 3389 ita
741 3325 840 3389 ius
891 3324 1098 3389 dicere
1143 3324 1451 3389 iudicium
1506 3324 1766 3390 reddere
1812 3329 2076 3409 praetor
2123 3326 2216 3390 iu-

201 3414 449 3496 beatur,
495 3417 568 3477 ut
605 3436 678 3478 ea
714 3414 894 3497 fiant,
941 3434 1104 3497 quae
1139 3412 1361 3477 futura
1396 3412 1630 3497 forent,
1676 3412 1732 3479 si
1778 3414 2215 3479 dediticiorum

202 3521 468 3566 numero
506 3502 664 3567 facti
699 3524 831 3567 non
874 3505 1107 3585 essent,
1153 3501 1504 3585 videamus,
1548 3524 1629 3567 ne
1674 3503 1888 3568 verius
1926 3503 2012 3566 sit
2047 3500 2218 3586 quod

208 3589 470 3675 quidam
518 3594 857 3655 senserunt
902 3596 966 3654 et
1013 3589 1089 3654 de
1133 3588 1449 3655 universis
1486 3591 1672 3655 bonis
1712 3596 1777 3654 et
1813 3590 1891 3654 de
1930 3589 2217 3674 singuliS.

309 3703 505 3751 Iurispr.
533 3704 766 3745 antehadr.
795 3704 895 3746 rell.
922 3705 992 3745 ed.
1020 3704 1217 3746 Bremer.
1259 3705 1324 3757 Π,
1346 3708 1380 3747 2.
1726 3699 1793 3747 36
