2575 3900
319 141 402 206 38
458 142 552 198 111.
584 142 735 197 GAII
764 144 1056 200 CLAUDII
1084 144 1352 201 NERON.
1375 145 1664 201 GALBAE
1684 145 1898 203 ΤΕΜΡ.
1918 146 2110 203 IURIS
2135 149 2334 206 CONS.

1060 349 1263 409 Libri
1306 348 1592 408 III—VI.

494 474 581 533 De
618 475 797 534 rebus
832 475 927 532 his
964 473 1134 533 libris
1169 474 1450 534 tractatis
1480 493 1843 552 quamquam
1871 477 2022 536 nihil
2051 479 2339 538 traditum

318 565 592 642 videtur,
654 582 815 638 cum,
887 561 1047 639 quod
1111 562 1408 638 Ulpianus
1481 563 1553 624 D.
1595 565 1705 642 26,
1749 568 1810 640 1,
1851 567 1918 641 3,
1957 568 1994 624 2
2071 565 2342 628 Cassium

317 653 473 714 libro
512 652 601 712 VI
645 651 954 728 scripsisse
1002 651 1105 726 ait,
1150 652 1342 710 errori
1377 651 1610 711 librarii
1646 652 2030 714 tribuendum
2067 655 2342 716 videatur

319 735 405 820 (v.
442 763 503 819 p.
540 733 683 820 58),
738 744 941 801 tamen
995 741 1142 800 haec
1201 741 1328 800 fere
1371 741 1668 817 probabili
1713 742 2056 803 coniectura
2103 745 2344 823 assequi

317 831 476 892 licet.
594 829 857 907 primum
929 827 1169 889 Cassius
1248 847 1370 889 non
1450 830 1625 890 modo
1706 833 2134 891 testamentum
2212 834 2342 894 iure

318 919 480 981 civili
540 918 795 997 factum,
870 918 975 978 sed
1035 917 1187 978 illud
1251 936 1488 995 quoque
1551 919 1878 994 explicasse
1941 921 2203 1000 videtur,
2274 941 2347 982 ex

318 1028 435 1087 quo
506 1011 753 1085 praetor
823 1006 1194 1067 bonorum
1267 1007 1854 1084 possessionem
1928 1011 2346 1070 secundum

318 1099 607 1159 tabulas
670 1096 1015 1173 pollicetur,
1089 1096 1162 1155 de
1227 1115 1344 1174 quo
1410 1094 1541 1156 Gai.
1591 1099 1658 1173 2,
1709 1100 1855 1158 119.
1904 1101 2057 1175 1473
2132 1099 2347 1159 deinde

322 1186 751 1246 intestatorum
810 1184 1203 1265 hereditates,
1266 1185 1341 1243 de
1396 1184 1610 1260 quibus
1668 1184 1797 1245 Gai.
1839 1189 1905 1262 3,
1959 1189 2169 1247 1—17
2229 1189 2349 1249 dis·

320 1275 499 1353 serit,
571 1274 867 1352 explicare
941 1273 1159 1333 debuit.
1272 1277 1453 1350 atque
1524 1273 1745 1333 iterum
1818 1293 1941 1334 non
2011 1278 2188 1336 modo
2265 1279 2348 1337 de

319 1363 679 1440 legitimis
733 1362 1151 1437 heredibus,
1210 1363 1316 1422 sed
1363 1362 1544 1421 etiam
1592 1362 1666 1420 de
1711 1363 1787 1422 iis
1836 1362 2078 1424 Cassius
2128 1365 2349 1427 dixisse

317 1453 587 1526 videtur,
658 1469 835 1530 quos
903 1455 1198 1528 praetor
1262 1451 1349 1510 ad
1412 1450 1894 1511 hereditatem
1957 1457 2199 1528 vocat,
2275 1456 2350 1516 de

320 1541 536 1618 quibus
577 1539 706 1600 Gai.
736 1542 795 1617 3,
827 1541 1113 1616 18—383
1158 1542 1473 1614 praeterea
1519 1540 1599 1599 de
1645 1539 2082 1601 libertorum
2118 1542 2349 1603 liber-

318 1630 779 1706 tinarumque
837 1629 1195 1688 intestato
1251 1630 1695 1688 mortuorum
1750 1634 2346 1709 mortuarumque

318 1719 554 1796 boniS,
601 1719 674 1777 de
722 1717 940 1796 quibus
989 1716 1115 1777 Gai.
1138 1719 1196 1794 3,
1218 1719 1507 1792 39—533
1555 1717 1637 1776 de
1684 1717 1888 1778 bonis
1925 1719 2349 1780 Latinorum

317 1807 857 1880 libertinorum,
922 1806 992 1865 de
1058 1806 1272 1884 quibus
1339 1805 1466 1866 Grai.
1521 1808 1587 1883 3,
1637 1807 1928 1884 55—733
1993 1808 2075 1868 de
2140 1809 2351 1870 bonis

321 1916 586 1975 eorum,
625 1913 799 1975 quos
836 1895 951 1955 lex
975 1895 1185 1956 Aelia
1214 1893 1468 1955 Sentia
1506 1895 2024 1957 dediticiorum
2050 1917 2348 1960 numero

320 1988 527 2062 facit,
579 1987 650 2045 de
697 1986 914 2064 quibus
962 1984 1091 2045 Gai.
1123 1987 1188 2061 3,
1222 1986 1511 2061 74—763
1570 1985 1822 2063 denique
1869 1986 1952 2045 de
1998 1987 2351 2047 bonorum

320 2075 807 2153 possessione,
879 2092 1083 2151 quam
1156 2077 1452 2151 praetor
1515 2077 1769 2133 contra
1833 2076 2124 2135 tabulas
2188 2096 2356 2151 pro·

322 2165 583 2240 mittit,
630 2164 702 2223 de
748 2182 867 2240 qua
913 2162 1042 2222 Gai.
1073 2166 1138 2241 2,
1172 2164 1319 2223 125.
1351 2166 1496 2223 129.
1530 2164 1672 2222 135.

498 2253 664 2312 Haec
708 2252 873 2330 iura,
927 2270 1080 2329 quae
1128 2251 1314 2312 Gaius
1358 2254 1423 2312 in
1466 2252 1955 2312 Institutionibus
2003 2245 2199 2330 ‘quasi
2241 2274 2358 2330 per

320 2341 577 2401 indicem
640 2334 939 2418 tetigisse'
1005 2340 1153 2400 satis
1217 2339 1430 2399 habuit
1491 2333 1591 2419 (3,
1623 2334 1764 2418 51),
1828 2340 2182 2417 diligentius
2235 2344 2357 2403 nisi

321 2431 597 2508 pluribus
653 2430 823 2490 libris
868 2430 1117 2489 tractari
1162 2448 1281 2489 non
1325 2428 1592 2505 potuisse
1640 2429 1786 2488 satis
1833 2434 2098 2505 apparet.
2188 2432 2358 2510 quod

322 2520 476 2580 libro
530 2518 651 2578 VII
705 2517 976 2579 Cassium
1039 2519 1111 2578 de
1175 2518 1468 2579 bonorum
1530 2518 1904 2594 possessione
1962 2520 2356 2595 emancipatis

322 2609 529 2671 liberis
596 2628 633 2671 a
684 2612 962 2686 praetore
1024 2609 1165 2667 data
1223 2607 1560 2686 disputasse
1621 2607 1909 2687 traditur,
1970 2608 2354 2686 aliquatenus

326 2715 401 2758 ea
484 2699 940 2775 confirmantur,
1014 2715 1165 2773 quae
1239 2698 1314 2756 de
1384 2698 1565 2757 rebus
1637 2696 1937 2771 prioribus
2009 2697 2180 2757 libris
2254 2717 2356 2757 ex-

325 2788 562 2863 plicatis
609 2786 1047 2846 constituimus,

936 2973 1039 3039 De
1084 2974 1369 3057 leyitimis
1411 2972 1743 3038 heredibus.

901 3105 995 3163 De
1038 3106 1418 3179 inqenuorum
1461 3104 1778 3165 heredibus.

1060 3220 1149 3275 De
1183 3221 1619 3291 comanyuineis.

509 3330 609 3395 11.
674 3328 755 3396 D.
794 3330 905 3411 38,
941 3330 1048 3412 16,
1082 3331 1143 3411 1,
1180 3329 1278 3394 10.
1379 3329 1696 3416 Ulpianus
1751 3330 1917 3395 libro
1975 3330 2354 3397 duodecimo

330 3420 409 3485 ad
466 3416 779 3485 Sabinum
833 3419 931 3505 (P.
972 3415 1196 3507 2513).
1248 3455 1334 3466 —
1383 3417 1915 3506 Consanguineos
1972 3470 1986 3484 .
2016 3470 2031 3485 .
2086 3417 2354 3486 Cassius

331 3508 555 3575 definit
600 3530 737 3594 eos,
786 3512 896 3594 qui
944 3509 1261 3593 sanguine
1309 3510 1478 3575 inter
1525 3530 1593 3574 se
1641 3509 1866 3574 conexi
1914 3512 2082 3574 sunt.
