<?xml version="1.0" encoding="UTF-8"?>
<!DOCTYPE html PUBLIC "-//W3C//DTD XHTML 1.0 Transitional//EN"
    "http://www.w3.org/TR/xhtml1/DTD/xhtml1-transitional.dtd">
<html xmlns="http://www.w3.org/1999/xhtml" xml:lang="en" lang="en">
 <head>
  <title>
</title>
<meta http-equiv="Content-Type" content="text/html;charset=utf-8" />
  <meta name='ocr-system' content='tesseract 3.04.00' />
  <meta name='ocr-capabilities' content='ocr_page ocr_carea ocr_par ocr_line ocrx_word'/>
</head>
<body>
  <div class='ocr_page' id='page_1' title='image "./iurisprudentiae00unkngoog_0189.png"; bbox 0 0 2575 3900; ppageno 0'>
   <div class='ocr_carea' id='block_1_1' title="bbox 1008 194 2256 261">
    <p class='ocr_par' dir='ltr' id='par_1_1' title="bbox 1008 194 2256 261">
     <span class='ocr_line' id='line_1_1' title="bbox 1008 194 2256 261; baseline 0.008 -10"><span class='ocrx_word' id='word_1_1' title='bbox 1008 203 1057 252; x_wconf 81' lang='grc'><strong>7.</strong></span> <span class='ocrx_word' id='word_1_2' title='bbox 1094 194 1476 252; x_wconf 85' lang='lat' dir='ltr'>PROCULUS</span> <span class='ocrx_word' id='word_1_3' title='bbox 2128 197 2256 261; x_wconf 84' lang='lat'><strong>153</strong></span> 
     </span>
    </p>
   </div>
   <div class='ocr_carea' id='block_1_2' title="bbox 228 357 2262 1328">
    <p class='ocr_par' dir='ltr' id='par_1_2' title="bbox 230 357 2258 886">
     <span class='ocr_line' id='line_1_2' title="bbox 236 357 2258 444; baseline 0.001 -22"><span class='ocrx_word' id='word_1_4' title='bbox 236 362 350 422; x_wconf 86' lang='lat' dir='ltr'><strong>aut</strong></span> <span class='ocrx_word' id='word_1_5' title='bbox 393 357 775 424; x_wconf 87' lang='lat' dir='ltr'><strong>hereditatis</strong></span> <span class='ocrx_word' id='word_1_6' title='bbox 822 359 1084 424; x_wconf 90' lang='lat' dir='ltr'><strong>nomine</strong></span> <span class='ocrx_word' id='word_1_7' title='bbox 1129 359 1476 424; x_wconf 88' lang='lat' dir='ltr'><strong>relicturus</strong></span> <span class='ocrx_word' id='word_1_8' title='bbox 1523 381 1617 444; x_wconf 77' lang='lat' dir='ltr'><strong>eS,</strong></span> <span class='ocrx_word' id='word_1_9' title='bbox 1668 362 1854 443; x_wconf 85' lang='lat' dir='ltr'><strong>potes</strong></span> <span class='ocrx_word' id='word_1_10' title='bbox 1898 364 2166 444; x_wconf 80' lang='lat' dir='ltr'><strong>rogatus</strong></span> <span class='ocrx_word' id='word_1_11' title='bbox 2218 382 2258 425; x_wconf 86' lang='lat' dir='ltr'><strong>a</strong></span> 
     </span>
     <span class='ocr_line' id='line_1_3' title="bbox 230 447 2258 532; baseline 0.002 -22"><span class='ocrx_word' id='word_1_12' title='bbox 230 467 333 510; x_wconf 87' lang='lat' dir='ltr'><strong>me</strong></span> <span class='ocrx_word' id='word_1_13' title='bbox 405 447 591 511; x_wconf 87' lang='lat' dir='ltr'><strong>uxori</strong></span> <span class='ocrx_word' id='word_1_14' title='bbox 663 468 845 512; x_wconf 86' lang='lat' dir='ltr'><strong>meae</strong></span> <span class='ocrx_word' id='word_1_15' title='bbox 921 448 1279 532; x_wconf 83' lang='lat' dir='ltr'><strong>relinquere</strong></span> <span class='ocrx_word' id='word_1_16' title='bbox 1344 451 1410 512; x_wconf 92' lang='lat' dir='ltr'><strong>et</strong></span> <span class='ocrx_word' id='word_1_17' title='bbox 1471 470 1604 513; x_wconf 90' lang='lat' dir='ltr'><strong>non</strong></span> <span class='ocrx_word' id='word_1_18' title='bbox 1669 448 1916 513; x_wconf 85' lang='lat' dir='ltr'><strong>videtur</strong></span> <span class='ocrx_word' id='word_1_19' title='bbox 1977 470 2054 513; x_wconf 85' lang='lat' dir='ltr'><strong>ea</strong></span> <span class='ocrx_word' id='word_1_20' title='bbox 2117 471 2258 514; x_wconf 88' lang='lat' dir='ltr'><strong>esse</strong></span> 
     </span>
     <span class='ocr_line' id='line_1_4' title="bbox 231 535 2256 625; baseline 0.002 -26"><span class='ocrx_word' id='word_1_21' title='bbox 231 535 509 615; x_wconf 85' lang='lat' dir='ltr'><strong>donatio,</strong></span> <span class='ocrx_word' id='word_1_22' title='bbox 545 535 701 619; x_wconf 84' lang='lat' dir='ltr'><strong>quia</strong></span> <span class='ocrx_word' id='word_1_23' title='bbox 748 535 913 600; x_wconf 88' lang='lat' dir='ltr'><strong>nihil</strong></span> <span class='ocrx_word' id='word_1_24' title='bbox 960 558 1038 601; x_wconf 85' lang='lat' dir='ltr'><strong>ex</strong></span> <span class='ocrx_word' id='word_1_25' title='bbox 1084 537 1271 602; x_wconf 88' lang='lat' dir='ltr'><strong>bonis</strong></span> <span class='ocrx_word' id='word_1_26' title='bbox 1319 536 1478 602; x_wconf 86' lang='lat' dir='ltr'><strong>meis</strong></span> <span class='ocrx_word' id='word_1_27' title='bbox 1525 537 1936 604; x_wconf 88' lang='lat' dir='ltr'><strong>deminuitur.</strong></span> <span class='ocrx_word' id='word_1_28' title='bbox 2013 537 2081 602; x_wconf 91' lang='lat' dir='ltr'><strong>in</strong></span> <span class='ocrx_word' id='word_1_29' title='bbox 2129 561 2256 625; x_wconf 90' lang='lat' dir='ltr'><strong>quo</strong></span> 
     </span>
     <span class='ocr_line' id='line_1_5' title="bbox 232 624 2258 706; baseline 0.002 -18"><span class='ocrx_word' id='word_1_30' title='bbox 232 625 510 689; x_wconf 82' lang='lat' dir='ltr'><strong>maxime</strong></span> <span class='ocrx_word' id='word_1_31' title='bbox 561 625 837 690; x_wconf 87' lang='lat' dir='ltr'><strong>maiores</strong></span> <span class='ocrx_word' id='word_1_32' title='bbox 886 624 1159 690; x_wconf 76' lang='lat' dir='ltr'><strong>donanti</strong></span> <span class='ocrx_word' id='word_1_33' title='bbox 1204 626 1594 690; x_wconf 79' lang='lat' dir='ltr'><strong>succurrisse</strong></span> <span class='ocrx_word' id='word_1_34' title='bbox 1638 625 1951 691; x_wconf 88' lang='lat' dir='ltr'><strong>Proculus</strong></span> <span class='ocrx_word' id='word_1_35' title='bbox 2000 627 2120 706; x_wconf 85' lang='lat' dir='ltr'><strong>ait,</strong></span> <span class='ocrx_word' id='word_1_36' title='bbox 2173 649 2258 692; x_wconf 90' lang='lat' dir='ltr'><strong>ne</strong></span> 
     </span>
     <span class='ocr_line' id='line_1_6' title="bbox 234 677 2255 800; baseline 0.001 -23"><span class='ocrx_word' id='word_1_37' title='bbox 234 735 451 778; x_wconf 87' lang='lat' dir='ltr'><strong>amore</strong></span> <span class='ocrx_word' id='word_1_38' title='bbox 482 712 751 778; x_wconf 87' lang='lat' dir='ltr'><strong>alterius</strong></span> <span class='ocrx_word' id='word_1_39' title='bbox 779 714 943 778; x_wconf 86' lang='lat' dir='ltr'><strong>alter</strong></span> <span class='ocrx_word' id='word_1_40' title='bbox 972 713 1460 798; x_wconf 77' lang='lat' dir='ltr'><strong>despoliaretur,</strong></span> <span class='ocrx_word' id='word_1_41' title='bbox 1486 736 1618 781; x_wconf 90' lang='lat' dir='ltr'><strong>non</strong></span> <span class='ocrx_word' id='word_1_42' title='bbox 1649 713 1834 800; x_wconf 83' lang='lat' dir='ltr'><strong>quasi</strong></span> <span class='ocrx_word' id='word_1_43' title='bbox 1859 677 2236 780; x_wconf 83' lang='lat' dir='ltr'><strong>malivolos¹</strong></span> <span class='ocrx_word' id='word_1_44' title='bbox 2238 765 2255 797; x_wconf 90' lang='lat'><strong>,</strong></span> 
     </span>
     <span class='ocr_line' id='line_1_7' title="bbox 230 802 1196 886; baseline 0.003 -21"><span class='ocrx_word' id='word_1_45' title='bbox 230 824 311 866; x_wconf 92' lang='lat' dir='ltr'><strong>ne</strong></span> <span class='ocrx_word' id='word_1_46' title='bbox 360 803 523 866; x_wconf 87' lang='lat' dir='ltr'><strong>alter</strong></span> <span class='ocrx_word' id='word_1_47' title='bbox 567 802 955 886; x_wconf 76' lang='lat' dir='ltr'><strong>locupletior</strong></span> <span class='ocrx_word' id='word_1_48' title='bbox 998 802 1196 868; x_wconf 87' lang='lat' dir='ltr'><strong>fieret.</strong></span> 
     </span>
    </p>

    <p class='ocr_par' dir='ltr' id='par_1_3' title="bbox 228 889 2262 1245">
     <span class='ocr_line' id='line_1_8' title="bbox 410 889 2262 958; baseline 0.001 -2"><span class='ocrx_word' id='word_1_49' title='bbox 410 889 539 956; x_wconf 80' lang='lat'><strong>56?</strong></span> <span class='ocrx_word' id='word_1_50' title='bbox 606 895 674 956; x_wconf 86' lang='lat' dir='ltr'><strong>Si</strong></span> <span class='ocrx_word' id='word_1_51' title='bbox 730 895 891 956; x_wconf 88' lang='lat' dir='ltr'><strong>filiae</strong></span> <span class='ocrx_word' id='word_1_52' title='bbox 945 896 1206 956; x_wconf 86' lang='lat' dir='ltr'><strong>familias</strong></span> <span class='ocrx_word' id='word_1_53' title='bbox 1269 897 1445 957; x_wconf 89' lang='lat' dir='ltr'><strong>uxori</strong></span> <span class='ocrx_word' id='word_1_54' title='bbox 1502 897 1757 957; x_wconf 87' lang='lat' dir='ltr'><strong>maritus</strong></span> <span class='ocrx_word' id='word_1_55' title='bbox 1811 897 2023 957; x_wconf 88' lang='lat' dir='ltr'><strong>mortis</strong></span> <span class='ocrx_word' id='word_1_56' title='bbox 2079 915 2262 958; x_wconf 83' lang='lat' dir='ltr'><strong>causa</strong></span> 
     </span>
     <span class='ocr_line' id='line_1_9' title="bbox 228 984 2256 1062; baseline 0.002 -19"><span class='ocrx_word' id='word_1_57' title='bbox 228 985 454 1062; x_wconf 82' lang='lat' dir='ltr'><strong>tradet,</strong></span> <span class='ocrx_word' id='word_1_58' title='bbox 512 984 892 1045; x_wconf 75' lang='lat' dir='ltr'><strong>donationem</strong></span> <span class='ocrx_word' id='word_1_59' title='bbox 944 1004 1067 1045; x_wconf 92' lang='lat' dir='ltr'><strong>non</strong></span> <span class='ocrx_word' id='word_1_60' title='bbox 1120 986 1351 1062; x_wconf 82' lang='lat' dir='ltr'><strong>valere,</strong></span> <span class='ocrx_word' id='word_1_61' title='bbox 1418 986 1532 1046; x_wconf 86' lang='lat' dir='ltr'><strong>etsi</strong></span> <span class='ocrx_word' id='word_1_62' title='bbox 1590 985 1732 1048; x_wconf 81' lang='lat' dir='ltr'><strong>vivo</strong></span> <span class='ocrx_word' id='word_1_63' title='bbox 1787 986 1984 1045; x_wconf 85' lang='lat' dir='ltr'><strong>adhuc</strong></span> <span class='ocrx_word' id='word_1_64' title='bbox 2038 987 2256 1047; x_wconf 86' lang='lat' dir='ltr'><strong>marito</strong></span> 
     </span>
     <span class='ocr_line' id='line_1_10' title="bbox 233 1072 2255 1144; baseline 0.001 -12"><span class='ocrx_word' id='word_1_65' title='bbox 233 1073 325 1132; x_wconf 86' lang='lat' dir='ltr'><strong>sui</strong></span> <span class='ocrx_word' id='word_1_66' title='bbox 372 1073 521 1132; x_wconf 87' lang='lat' dir='ltr'><strong>iuris</strong></span> <span class='ocrx_word' id='word_1_67' title='bbox 567 1072 753 1133; x_wconf 85' lang='lat' dir='ltr'><strong>fuerit</strong></span> <span class='ocrx_word' id='word_1_68' title='bbox 799 1073 1022 1144; x_wconf 82' lang='lat' dir='ltr'><strong>effecta,</strong></span> <span class='ocrx_word' id='word_1_69' title='bbox 1070 1073 1366 1134; x_wconf 87' lang='lat' dir='ltr'><strong>Proculus</strong></span> <span class='ocrx_word' id='word_1_70' title='bbox 1411 1074 1672 1135; x_wconf 82' lang='lat' dir='ltr'><strong>fortasse</strong></span> <span class='ocrx_word' id='word_1_71' title='bbox 1719 1075 2106 1135; x_wconf 83' lang='lat' dir='ltr'><strong>existimavit.</strong></span> <span class='ocrx_word' id='word_1_72' title='bbox 2182 1076 2255 1136; x_wconf 88' lang='lat' dir='ltr'><strong>cf.</strong></span> 
     </span>
     <span class='ocr_line' id='line_1_11' title="bbox 230 1154 1375 1245; baseline 0.003 -25"><span class='ocrx_word' id='word_1_73' title='bbox 230 1161 306 1221; x_wconf 89' lang='lat' dir='ltr'><strong>D.</strong></span> <span class='ocrx_word' id='word_1_74' title='bbox 337 1163 441 1238; x_wconf 85' lang='lat'><strong>24,</strong></span> <span class='ocrx_word' id='word_1_75' title='bbox 473 1165 529 1240; x_wconf 89' lang='lat'><strong>1,</strong></span> <span class='ocrx_word' id='word_1_76' title='bbox 562 1165 665 1240; x_wconf 89' lang='lat'><strong>11,</strong></span> <span class='ocrx_word' id='word_1_77' title='bbox 694 1163 731 1222; x_wconf 89' lang='lat'><strong>3</strong></span> <span class='ocrx_word' id='word_1_78' title='bbox 781 1154 865 1244; x_wconf 85' lang='lat' dir='ltr'><strong>(v.</strong></span> <span class='ocrx_word' id='word_1_79' title='bbox 902 1162 981 1241; x_wconf 88' lang='grc' dir='ltr'><strong>Π,</strong></span> <span class='ocrx_word' id='word_1_80' title='bbox 1025 1165 1057 1222; x_wconf 97' lang='grc'><strong>1</strong></span> <span class='ocrx_word' id='word_1_81' title='bbox 1108 1184 1166 1239; x_wconf 88' lang='lat' dir='ltr'><strong>p.</strong></span> <span class='ocrx_word' id='word_1_82' title='bbox 1195 1155 1375 1245; x_wconf 85' lang='lat'><strong>499).</strong></span> 
     </span>
    </p>

    <p class='ocr_par' dir='ltr' id='par_1_4' title="bbox 409 1247 2256 1328">
     <span class='ocr_line' id='line_1_12' title="bbox 409 1247 2256 1328; baseline 0 -17"><span class='ocrx_word' id='word_1_83' title='bbox 409 1247 539 1311; x_wconf 80' lang='lat'><strong>57?</strong></span> <span class='ocrx_word' id='word_1_84' title='bbox 584 1251 747 1310; x_wconf 87' lang='lat' dir='ltr'><strong>Num</strong></span> <span class='ocrx_word' id='word_1_85' title='bbox 780 1251 940 1327; x_wconf 90' lang='lat' dir='ltr'><strong>quod</strong></span> <span class='ocrx_word' id='word_1_86' title='bbox 974 1251 1027 1311; x_wconf 92' lang='lat' dir='ltr'><strong>is</strong></span> <span class='ocrx_word' id='word_1_87' title='bbox 1064 1252 1169 1328; x_wconf 86' lang='lat' dir='ltr'><strong>qui</strong></span> <span class='ocrx_word' id='word_1_88' title='bbox 1205 1251 1480 1311; x_wconf 86' lang='lat' dir='ltr'><strong>infirmae</strong></span> <span class='ocrx_word' id='word_1_89' title='bbox 1518 1252 1880 1313; x_wconf 84' lang='lat' dir='ltr'><strong>valetudinis</strong></span> <span class='ocrx_word' id='word_1_90' title='bbox 1918 1255 2012 1312; x_wconf 88' lang='lat' dir='ltr'><strong>est</strong></span> <span class='ocrx_word' id='word_1_91' title='bbox 2046 1252 2256 1313; x_wconf 89' lang='lat' dir='ltr'><strong>mortis</strong></span> 
     </span>
    </p>
   </div>
   <div class='ocr_carea' id='block_1_3' title="bbox 234 1338 2259 1511">
    <p class='ocr_par' dir='ltr' id='par_1_5' title="bbox 234 1338 2259 1511">
     <span class='ocr_line' id='line_1_13' title="bbox 236 1338 2256 1418; baseline 0 -19"><span class='ocrx_word' id='word_1_92' title='bbox 236 1357 373 1399; x_wconf 81' lang='lat' dir='ltr'><strong>caus</strong></span> <span class='ocrx_word' id='word_1_93' title='bbox 384 1358 421 1399; x_wconf 87' lang='lat' dir='ltr'><strong>a</strong></span> <span class='ocrx_word' id='word_1_94' title='bbox 466 1338 669 1416; x_wconf 87' lang='lat' dir='ltr'><strong>donat,</strong></span> <span class='ocrx_word' id='word_1_95' title='bbox 717 1339 1090 1400; x_wconf 85' lang='lat' dir='ltr'><strong>condictione</strong></span> <span class='ocrx_word' id='word_1_96' title='bbox 1138 1343 1409 1416; x_wconf 88' lang='lat' dir='ltr'><strong>repetere</strong></span> <span class='ocrx_word' id='word_1_97' title='bbox 1455 1341 1648 1418; x_wconf 88' lang='lat' dir='ltr'><strong>possit</strong></span> <span class='ocrx_word' id='word_1_98' title='bbox 1694 1360 1826 1400; x_wconf 89' lang='lat' dir='ltr'><strong>cum</strong></span> <span class='ocrx_word' id='word_1_99' title='bbox 1865 1341 2256 1416; x_wconf 81' lang='lat' dir='ltr'><strong>convaluerit,</strong></span> 
     </span>
     <span class='ocr_line' id='line_1_14' title="bbox 234 1420 2259 1511; baseline 0 -24"><span class='ocrx_word' id='word_1_100' title='bbox 234 1428 526 1488; x_wconf 90' lang='lat' dir='ltr'><strong>Proculus</strong></span> <span class='ocrx_word' id='word_1_101' title='bbox 573 1428 813 1488; x_wconf 86' lang='lat' dir='ltr'><strong>videtur</strong></span> <span class='ocrx_word' id='word_1_102' title='bbox 858 1428 1183 1490; x_wconf 84' lang='lat' dir='ltr'><strong>dubitasse.</strong></span> <span class='ocrx_word' id='word_1_103' title='bbox 1276 1430 1350 1491; x_wconf 88' lang='lat' dir='ltr'><strong>cf.</strong></span> <span class='ocrx_word' id='word_1_104' title='bbox 1397 1429 1469 1488; x_wconf 89' lang='lat' dir='ltr'><strong>D.</strong></span> <span class='ocrx_word' id='word_1_105' title='bbox 1501 1431 1603 1508; x_wconf 84' lang='lat'><strong>39,</strong></span> <span class='ocrx_word' id='word_1_106' title='bbox 1635 1432 1692 1505; x_wconf 87' lang='grc'><strong>6,</strong></span> <span class='ocrx_word' id='word_1_107' title='bbox 1723 1432 1822 1503; x_wconf 85' lang='grc'><strong>35,</strong></span> <span class='ocrx_word' id='word_1_108' title='bbox 1856 1432 1894 1490; x_wconf 85' lang='grc'>3</span> <span class='ocrx_word' id='word_1_109' title='bbox 1941 1420 2026 1511; x_wconf 82' lang='lat' dir='ltr'><strong>(v.</strong></span> <span class='ocrx_word' id='word_1_110' title='bbox 2072 1448 2259 1506; x_wconf 84' lang='lat' dir='ltr'><strong>supra</strong></span> 
     </span>
    </p>
   </div>
   <div class='ocr_carea' id='block_1_4' title="bbox 233 1507 1740 1685">
    <p class='ocr_par' dir='ltr' id='par_1_6' title="bbox 233 1507 1740 1685">
     <span class='ocr_line' id='line_1_15' title="bbox 322 1519 402 1577; baseline 0 0"><span class='ocrx_word' id='word_1_111' title='bbox 322 1519 402 1577; x_wconf 88' lang='grc'><strong>68</strong></span> 
     </span>
     <span class='ocr_line' id='line_1_16' title="bbox 233 1507 1740 1685; baseline 0.003 -5"><span class='ocrx_word' id='word_1_112' title='bbox 233 1536 288 1593; x_wconf 74' lang='lat' dir='ltr'>p</span> <span class='ocrx_word' id='word_1_113' title='bbox 406 1507 454 1598; x_wconf 72' lang='lat'><em>)</em></span> <span class='ocrx_word' id='word_1_114' title='bbox 754 1623 849 1683; x_wconf 85' lang='lat' dir='ltr'><strong>De</strong></span> <span class='ocrx_word' id='word_1_115' title='bbox 890 1639 1091 1684; x_wconf 77' lang='lat' dir='ltr'><strong>rerum</strong></span> <span class='ocrx_word' id='word_1_116' title='bbox 1135 1629 1464 1684; x_wconf 78' lang='lat' dir='ltr'><strong>amotarum</strong></span> <span class='ocrx_word' id='word_1_117' title='bbox 1508 1625 1740 1685; x_wconf 65' lang='lat' dir='ltr'><strong>iudendo.</strong></span> 
     </span>
    </p>
   </div>
   <div class='ocr_carea' id='block_1_5' title="bbox 198 1730 2259 2538">
    <p class='ocr_par' dir='ltr' id='par_1_7' title="bbox 198 1730 2259 2429">
     <span class='ocr_line' id='line_1_17' title="bbox 408 1730 2259 1827; baseline -0.001 -19"><span class='ocrx_word' id='word_1_118' title='bbox 408 1743 511 1809; x_wconf 90' lang='grc'><strong>58.</strong></span> <span class='ocrx_word' id='word_1_119' title='bbox 557 1740 639 1806; x_wconf 91' lang='lat' dir='ltr'><strong>D.</strong></span> <span class='ocrx_word' id='word_1_120' title='bbox 668 1741 773 1825; x_wconf 84' lang='lat'><strong>25,</strong></span> <span class='ocrx_word' id='word_1_121' title='bbox 800 1743 861 1826; x_wconf 83' lang='lat'><strong>2,</strong></span> <span class='ocrx_word' id='word_1_122' title='bbox 892 1743 948 1808; x_wconf 91' lang='lat'><strong>1.</strong></span> <span class='ocrx_word' id='word_1_123' title='bbox 1021 1742 1261 1808; x_wconf 86' lang='lat' dir='ltr'><strong>Paulus</strong></span> <span class='ocrx_word' id='word_1_124' title='bbox 1298 1742 1465 1808; x_wconf 92' lang='lat' dir='ltr'><strong>libro</strong></span> <span class='ocrx_word' id='word_1_125' title='bbox 1506 1730 1782 1827; x_wconf 78' lang='lat' dir='ltr'><strong>septimo</strong></span> <span class='ocrx_word' id='word_1_126' title='bbox 1822 1742 1901 1809; x_wconf 88' lang='lat' dir='ltr'><strong>ad</strong></span> <span class='ocrx_word' id='word_1_127' title='bbox 1943 1742 2259 1810; x_wconf 86' lang='lat' dir='ltr'><strong>Sabinum</strong></span> 
     </span>
     <span class='ocr_line' id='line_1_18' title="bbox 230 1828 2258 1918; baseline 0.001 -24"><span class='ocrx_word' id='word_1_128' title='bbox 230 1828 330 1918; x_wconf 83' lang='lat' dir='ltr'><strong>(P.</strong></span> <span class='ocrx_word' id='word_1_129' title='bbox 382 1829 600 1918; x_wconf 83' lang='lat'><strong>1733).</strong></span> <span class='ocrx_word' id='word_1_130' title='bbox 665 1867 753 1878; x_wconf 90' lang='lat'>—</span> <span class='ocrx_word' id='word_1_131' title='bbox 818 1830 1057 1896; x_wconf 84' lang='lat' dir='ltr'><strong>Rerum</strong></span> <span class='ocrx_word' id='word_1_132' title='bbox 1131 1834 1494 1896; x_wconf 87' lang='lat' dir='ltr'><strong>amotarum</strong></span> <span class='ocrx_word' id='word_1_133' title='bbox 1559 1832 1864 1897; x_wconf 91' lang='lat' dir='ltr'><strong>iudicium</strong></span> <span class='ocrx_word' id='word_1_134' title='bbox 1931 1833 2258 1918; x_wconf 84' lang='lat' dir='ltr'><strong>singulare</strong></span> 
     </span>
     <span class='ocr_line' id='line_1_19' title="bbox 232 1919 2258 2007; baseline 0.001 -22"><span class='ocrx_word' id='word_1_135' title='bbox 232 1921 671 1987; x_wconf 78' lang='lat' dir='ltr'><strong>introductum</strong></span> <span class='ocrx_word' id='word_1_136' title='bbox 728 1923 829 1986; x_wconf 91' lang='lat' dir='ltr'><strong>est</strong></span> <span class='ocrx_word' id='word_1_137' title='bbox 885 1921 1192 1987; x_wconf 84' lang='lat' dir='ltr'><strong>adversus</strong></span> <span class='ocrx_word' id='word_1_138' title='bbox 1254 1942 1398 1985; x_wconf 86' lang='lat' dir='ltr'><strong>eam</strong></span> <span class='ocrx_word' id='word_1_139' title='bbox 1454 1942 1618 2007; x_wconf 89' lang='lat' dir='ltr'><strong>quae</strong></span> <span class='ocrx_word' id='word_1_140' title='bbox 1673 1944 1835 1989; x_wconf 86' lang='lat' dir='ltr'><strong>uxor</strong></span> <span class='ocrx_word' id='word_1_141' title='bbox 1887 1919 2040 2004; x_wconf 80' lang='lat' dir='ltr'><strong>fuit,</strong></span> <span class='ocrx_word' id='word_1_142' title='bbox 2106 1923 2258 2007; x_wconf 87' lang='lat' dir='ltr'><strong>quia</strong></span> 
     </span>
     <span class='ocr_line' id='line_1_20' title="bbox 228 2009 2255 2096; baseline 0.001 -23"><span class='ocrx_word' id='word_1_143' title='bbox 228 2030 361 2074; x_wconf 90' lang='lat' dir='ltr'><strong>non</strong></span> <span class='ocrx_word' id='word_1_144' title='bbox 433 2011 681 2095; x_wconf 87' lang='lat' dir='ltr'><strong>placuit</strong></span> <span class='ocrx_word' id='word_1_145' title='bbox 742 2032 890 2075; x_wconf 90' lang='lat' dir='ltr'><strong>cum</strong></span> <span class='ocrx_word' id='word_1_146' title='bbox 955 2032 1033 2075; x_wconf 91' lang='lat' dir='ltr'><strong>ea</strong></span> <span class='ocrx_word' id='word_1_147' title='bbox 1094 2009 1252 2075; x_wconf 86' lang='lat' dir='ltr'><strong>furti</strong></span> <span class='ocrx_word' id='word_1_148' title='bbox 1317 2030 1507 2095; x_wconf 85' lang='lat' dir='ltr'><strong>agere</strong></span> <span class='ocrx_word' id='word_1_149' title='bbox 1570 2032 1791 2095; x_wconf 86' lang='lat' dir='ltr'><strong>posse,</strong></span> <span class='ocrx_word' id='word_1_150' title='bbox 1865 2012 2255 2096; x_wconf 86' lang='lat' dir='ltr'><strong>quibusdam</strong></span> 
     </span>
     <span class='ocr_line' id='line_1_21' title="bbox 232 2098 2258 2185; baseline 0.001 -22"><span class='ocrx_word' id='word_1_151' title='bbox 232 2098 753 2173; x_wconf 83' lang='lat' dir='ltr'><strong>existimantibus</strong></span> <span class='ocrx_word' id='word_1_152' title='bbox 800 2120 881 2163; x_wconf 93' lang='lat' dir='ltr'><strong>ne</strong></span> <span class='ocrx_word' id='word_1_153' title='bbox 920 2100 1179 2183; x_wconf 91' lang='lat' dir='ltr'><strong>quidem</strong></span> <span class='ocrx_word' id='word_1_154' title='bbox 1217 2098 1464 2163; x_wconf 83' lang='lat' dir='ltr'><strong>furtum</strong></span> <span class='ocrx_word' id='word_1_155' title='bbox 1503 2122 1647 2165; x_wconf 87' lang='lat' dir='ltr'><strong>eam</strong></span> <span class='ocrx_word' id='word_1_156' title='bbox 1683 2100 1912 2183; x_wconf 86' lang='lat' dir='ltr'><strong>facere,</strong></span> <span class='ocrx_word' id='word_1_157' title='bbox 1959 2148 1975 2164; x_wconf 93' lang='lat'><strong>.</strong></span> <span class='ocrx_word' id='word_1_158' title='bbox 2005 2150 2021 2167; x_wconf 92' lang='lat'><strong>.</strong></span> <span class='ocrx_word' id='word_1_159' title='bbox 2050 2150 2065 2165; x_wconf 90' lang='lat'><strong>.</strong></span> <span class='ocrx_word' id='word_1_160' title='bbox 2095 2101 2258 2185; x_wconf 80' lang='lat' dir='ltr'><strong>aliiS,</strong></span> 
     </span>
     <span class='ocr_line' id='line_1_22' title="bbox 229 2185 2259 2273; baseline 0.001 -22"><span class='ocrx_word' id='word_1_161' title='bbox 229 2191 305 2251; x_wconf 89' lang='lat' dir='ltr'><strong>ut</strong></span> <span class='ocrx_word' id='word_1_162' title='bbox 366 2185 609 2253; x_wconf 80' lang='lat' dir='ltr'><strong>Sabino</strong></span> <span class='ocrx_word' id='word_1_163' title='bbox 675 2191 741 2251; x_wconf 91' lang='lat' dir='ltr'><strong>et</strong></span> <span class='ocrx_word' id='word_1_164' title='bbox 793 2187 1097 2269; x_wconf 86' lang='lat' dir='ltr'><strong>Proculo,</strong></span> <span class='ocrx_word' id='word_1_165' title='bbox 1158 2185 1442 2253; x_wconf 79' lang='lat' dir='ltr'><strong>furtum²</strong></span> <span class='ocrx_word' id='word_1_166' title='bbox 1505 2187 1762 2273; x_wconf 86' lang='lat' dir='ltr'><strong>quidem</strong></span> <span class='ocrx_word' id='word_1_167' title='bbox 1829 2210 1972 2254; x_wconf 86' lang='lat' dir='ltr'><strong>eam</strong></span> <span class='ocrx_word' id='word_1_168' title='bbox 2028 2188 2259 2273; x_wconf 86' lang='lat' dir='ltr'><strong>facere,</strong></span> 
     </span>
     <span class='ocr_line' id='line_1_23' title="bbox 198 2276 2256 2360; baseline 0.001 -20"><span class='ocrx_word' id='word_1_169' title='bbox 198 2276 422 2341; x_wconf 74' lang='lat' dir='ltr'><strong>&#39;sicuti</strong></span> <span class='ocrx_word' id='word_1_170' title='bbox 475 2276 609 2341; x_wconf 89' lang='lat' dir='ltr'><strong>filia</strong></span> <span class='ocrx_word' id='word_1_171' title='bbox 665 2277 836 2357; x_wconf 86' lang='lat' dir='ltr'><strong>patri</strong></span> <span class='ocrx_word' id='word_1_172' title='bbox 892 2277 1119 2360; x_wconf 84' lang='lat' dir='ltr'><strong>faciat,</strong></span> <span class='ocrx_word' id='word_1_173' title='bbox 1174 2277 1286 2341; x_wconf 89' lang='lat' dir='ltr'><strong>sed</strong></span> <span class='ocrx_word' id='word_1_174' title='bbox 1341 2276 1500 2341; x_wconf 80' lang='lat' dir='ltr'><strong>furti</strong></span> <span class='ocrx_word' id='word_1_175' title='bbox 1553 2299 1686 2342; x_wconf 90' lang='lat' dir='ltr'><strong>non</strong></span> <span class='ocrx_word' id='word_1_176' title='bbox 1743 2298 1881 2342; x_wconf 87' lang='lat' dir='ltr'><strong>esse</strong></span> <span class='ocrx_word' id='word_1_177' title='bbox 1939 2278 2256 2342; x_wconf 87' lang='lat' dir='ltr'><strong>actionem</strong></span> 
     </span>
     <span class='ocr_line' id='line_1_24' title="bbox 233 2364 792 2429; baseline 0 0"><span class='ocrx_word' id='word_1_178' title='bbox 233 2366 587 2429; x_wconf 84' lang='lat' dir='ltr'><strong>constituto</strong></span> <span class='ocrx_word' id='word_1_179' title='bbox 634 2364 792 2429; x_wconf 90' lang='lat' dir='ltr'><strong>iure.</strong></span> 
     </span>
    </p>

    <p class='ocr_par' dir='ltr' id='par_1_8' title="bbox 408 2458 2071 2538">
     <span class='ocr_line' id='line_1_25' title="bbox 408 2458 2071 2538; baseline 0.002 -20"><span class='ocrx_word' id='word_1_180' title='bbox 408 2459 481 2519; x_wconf 88' lang='lat' dir='ltr'><strong>cf.</strong></span> <span class='ocrx_word' id='word_1_181' title='bbox 528 2459 791 2520; x_wconf 87' lang='lat' dir='ltr'><strong>Nervam</strong></span> <span class='ocrx_word' id='word_1_182' title='bbox 834 2458 999 2537; x_wconf 91' lang='lat'><strong>11,1</strong></span> <span class='ocrx_word' id='word_1_183' title='bbox 1047 2479 1104 2536; x_wconf 93' lang='lat' dir='ltr'><strong>p.</strong></span> <span class='ocrx_word' id='word_1_184' title='bbox 1137 2460 1285 2538; x_wconf 87' lang='grc'>306,</span> <span class='ocrx_word' id='word_1_185' title='bbox 1333 2458 1605 2519; x_wconf 85' lang='lat' dir='ltr'><strong>Cassium</strong></span> <span class='ocrx_word' id='word_1_186' title='bbox 1651 2478 1835 2537; x_wconf 86' lang='lat' dir='ltr'><strong>supra</strong></span> <span class='ocrx_word' id='word_1_187' title='bbox 1879 2480 1938 2535; x_wconf 91' lang='lat' dir='ltr'><strong>p.</strong></span> <span class='ocrx_word' id='word_1_188' title='bbox 1967 2461 2071 2521; x_wconf 85' lang='lat'><strong>57.</strong></span> 
     </span>
    </p>
   </div>
   <div class='ocr_carea' id='block_1_6' title="bbox 228 2505 2262 3266">
    <p class='ocr_par' dir='ltr' id='par_1_9' title="bbox 228 2505 2262 3266">
     <span class='ocr_line' id='line_1_26' title="bbox 410 2505 2258 2713; baseline 0.001 -88"><span class='ocrx_word' id='word_1_189' title='bbox 410 2560 513 2625; x_wconf 87' lang='grc'><strong>59.</strong></span> <span class='ocrx_word' id='word_1_190' title='bbox 574 2559 651 2625; x_wconf 92' lang='lat' dir='ltr'><strong>D.</strong></span> <span class='ocrx_word' id='word_1_191' title='bbox 688 2558 798 2645; x_wconf 83' lang='lat'><strong>25,</strong></span> <span class='ocrx_word' id='word_1_192' title='bbox 835 2560 896 2645; x_wconf 90' lang='grc'><strong>2,</strong></span> <span class='ocrx_word' id='word_1_193' title='bbox 933 2560 993 2643; x_wconf 87' lang='lat'><strong>3,</strong></span> <span class='ocrx_word' id='word_1_194' title='bbox 1030 2561 1092 2624; x_wconf 91' lang='lat'><strong>4.</strong></span> <span class='ocrx_word' id='word_1_195' title='bbox 1182 2505 1426 2624; x_wconf 59' lang='lat' dir='ltr'><strong>Pa’ulus</strong></span> <span class='ocrx_word' id='word_1_196' title='bbox 1481 2561 1645 2625; x_wconf 90' lang='lat' dir='ltr'><strong>libro</strong></span> <span class='ocrx_word' id='word_1_197' title='bbox 1696 2562 1970 2713; x_wconf 75' lang='lat' dir='ltr'><strong>septimo</strong></span> <span class='ocrx_word' id='word_1_198' title='bbox 2018 2560 2099 2625; x_wconf 88' lang='lat' dir='ltr'><strong>ad</strong></span> <span class='ocrx_word' id='word_1_199' title='bbox 2148 2560 2258 2627; x_wconf 86' lang='lat' dir='ltr'><strong>Sa-</strong></span> 
     </span>
     <span class='ocr_line' id='line_1_27' title="bbox 231 2611 2262 2736; baseline 0 -23"><span class='ocrx_word' id='word_1_200' title='bbox 231 2647 459 2713; x_wconf 91' lang='lat' dir='ltr'><strong>binum</strong></span> <span class='ocrx_word' id='word_1_201' title='bbox 498 2647 598 2735; x_wconf 85' lang='lat' dir='ltr'><strong>(P.</strong></span> <span class='ocrx_word' id='word_1_202' title='bbox 642 2611 858 2735; x_wconf 64' lang='lat'><strong>1774).</strong></span> <span class='ocrx_word' id='word_1_203' title='bbox 905 2684 981 2697; x_wconf 90' lang='lat'>—</span> <span class='ocrx_word' id='word_1_204' title='bbox 1024 2647 1198 2713; x_wconf 85' lang='lat' dir='ltr'><strong>Mela</strong></span> <span class='ocrx_word' id='word_1_205' title='bbox 1234 2647 1564 2714; x_wconf 89' lang='lat' dir='ltr'><strong>Fulcinius</strong></span> <span class='ocrx_word' id='word_1_206' title='bbox 1610 2649 1851 2715; x_wconf 87' lang='lat' dir='ltr'><strong>aiunt.</strong></span> <span class='ocrx_word' id='word_1_207' title='bbox 1925 2650 2035 2715; x_wconf 77' lang='lat' dir='ltr'><strong>,si</strong></span> <span class='ocrx_word' id='word_1_208' title='bbox 2072 2654 2262 2736; x_wconf 89' lang='lat' dir='ltr'><strong>pater</strong></span> 
     </span>
     <span class='ocr_line' id='line_1_28' title="bbox 234 2733 2257 2823; baseline 0 -22"><span class='ocrx_word' id='word_1_209' title='bbox 234 2737 539 2803; x_wconf 86' lang='lat' dir='ltr'><strong>adiuncta</strong></span> <span class='ocrx_word' id='word_1_210' title='bbox 582 2738 719 2803; x_wconf 91' lang='lat' dir='ltr'><strong>filia</strong></span> <span class='ocrx_word' id='word_1_211' title='bbox 764 2739 856 2803; x_wconf 81' lang='lat' dir='ltr'><strong>rei</strong></span> <span class='ocrx_word' id='word_1_212' title='bbox 898 2733 1193 2803; x_wconf 56' lang='grc' dir='ltr'><strong>αειῑοντάιε8</strong></span> <span class='ocrx_word' id='word_1_213' title='bbox 1240 2735 1415 2823; x_wconf 72' lang='lat' dir='ltr'><strong>agat,</strong></span> <span class='ocrx_word' id='word_1_214' title='bbox 1459 2760 1589 2804; x_wconf 92' lang='lat' dir='ltr'><strong>non</strong></span> <span class='ocrx_word' id='word_1_215' title='bbox 1637 2738 1826 2803; x_wconf 88' lang='lat' dir='ltr'><strong>aliter</strong></span> <span class='ocrx_word' id='word_1_216' title='bbox 1872 2739 1932 2803; x_wconf 90' lang='lat' dir='ltr'><strong>ei</strong></span> <span class='ocrx_word' id='word_1_217' title='bbox 1978 2738 2257 2802; x_wconf 90' lang='lat' dir='ltr'><strong>dandam</strong></span> 
     </span>
     <span class='ocr_line' id='line_1_29' title="bbox 233 2824 2257 2912; baseline 0 -21"><span class='ocrx_word' id='word_1_218' title='bbox 233 2826 580 2907; x_wconf 89' lang='lat' dir='ltr'><strong>actionem,</strong></span> <span class='ocrx_word' id='word_1_219' title='bbox 626 2849 821 2912; x_wconf 86' lang='lat' dir='ltr'><strong>quam</strong></span> <span class='ocrx_word' id='word_1_220' title='bbox 867 2826 922 2891; x_wconf 86' lang='lat' dir='ltr'><strong>si</strong></span> <span class='ocrx_word' id='word_1_221' title='bbox 940 2824 1183 2891; x_wconf 84' lang='lat' dir='ltr'><strong>filiam</strong></span> <span class='ocrx_word' id='word_1_222' title='bbox 1237 2848 1451 2892; x_wconf 89' lang='lat' dir='ltr'><strong>rerum</strong></span> <span class='ocrx_word' id='word_1_223' title='bbox 1500 2831 1862 2893; x_wconf 87' lang='lat' dir='ltr'><strong>amotarum</strong></span> <span class='ocrx_word' id='word_1_224' title='bbox 1907 2827 2141 2892; x_wconf 89' lang='lat' dir='ltr'><strong>iudicio</strong></span> <span class='ocrx_word' id='word_1_225' title='bbox 2187 2828 2257 2891; x_wconf 92' lang='lat' dir='ltr'><strong>in</strong></span> 
     </span>
     <span class='ocr_line' id='line_1_30' title="bbox 234 2913 2258 2982; baseline 0.001 -3"><span class='ocrx_word' id='word_1_226' title='bbox 234 2913 512 2980; x_wconf 86' lang='lat' dir='ltr'><strong>solidum</strong></span> <span class='ocrx_word' id='word_1_227' title='bbox 577 2919 643 2980; x_wconf 87' lang='lat' dir='ltr'><strong>et</strong></span> <span class='ocrx_word' id='word_1_228' title='bbox 707 2937 853 2981; x_wconf 86' lang='lat' dir='ltr'><strong>cum</strong></span> <span class='ocrx_word' id='word_1_229' title='bbox 910 2913 1334 2980; x_wconf 82' lang='lat' dir='ltr'><strong>satisdatione</strong></span> <span class='ocrx_word' id='word_1_230' title='bbox 1391 2915 1710 2982; x_wconf 87' lang='lat' dir='ltr'><strong>defendat.</strong></span> <span class='ocrx_word' id='word_1_231' title='bbox 1820 2916 1933 2981; x_wconf 87' lang='lat' dir='ltr'><strong>sed</strong></span> <span class='ocrx_word' id='word_1_232' title='bbox 1999 2920 2258 2982; x_wconf 86' lang='lat' dir='ltr'><strong>mortua</strong></span> 
     </span>
     <span class='ocr_line' id='line_1_31' title="bbox 228 3003 2258 3089; baseline 0.001 -22"><span class='ocrx_word' id='word_1_233' title='bbox 228 3003 366 3067; x_wconf 85' lang='lat' dir='ltr'><strong>filia</strong></span> <span class='ocrx_word' id='word_1_234' title='bbox 421 3005 492 3068; x_wconf 93' lang='lat' dir='ltr'><strong>in</strong></span> <span class='ocrx_word' id='word_1_235' title='bbox 550 3009 803 3089; x_wconf 89' lang='lat' dir='ltr'><strong>patrem</strong></span> <span class='ocrx_word' id='word_1_236' title='bbox 858 3025 1074 3069; x_wconf 89' lang='lat' dir='ltr'><strong>rerum</strong></span> <span class='ocrx_word' id='word_1_237' title='bbox 1129 3008 1492 3070; x_wconf 85' lang='lat' dir='ltr'><strong>amotarum</strong></span> <span class='ocrx_word' id='word_1_238' title='bbox 1549 3004 1868 3071; x_wconf 85' lang='lat' dir='ltr'><strong>actionem</strong></span> <span class='ocrx_word' id='word_1_239' title='bbox 1931 3004 2069 3070; x_wconf 90' lang='lat' dir='ltr'><strong>dari</strong></span> <span class='ocrx_word' id='word_1_240' title='bbox 2127 3028 2258 3071; x_wconf 92' lang='lat' dir='ltr'><strong>non</strong></span> 
     </span>
     <span class='ocr_line' id='line_1_32' title="bbox 232 3092 2258 3180; baseline 0.001 -23"><span class='ocrx_word' id='word_1_241' title='bbox 232 3096 533 3177; x_wconf 90' lang='lat' dir='ltr'><strong>oportere</strong></span> <span class='ocrx_word' id='word_1_242' title='bbox 587 3092 899 3158; x_wconf 85' lang='lat' dir='ltr'><strong>Proculus</strong></span> <span class='ocrx_word' id='word_1_243' title='bbox 957 3094 1074 3174; x_wconf 85' lang='lat' dir='ltr'><strong>ait,</strong></span> <span class='ocrx_word' id='word_1_244' title='bbox 1125 3094 1256 3159; x_wconf 90' lang='lat' dir='ltr'><strong>nisi</strong></span> <span class='ocrx_word' id='word_1_245' title='bbox 1312 3096 1626 3179; x_wconf 85' lang='lat' dir='ltr'><strong>quatenus</strong></span> <span class='ocrx_word' id='word_1_246' title='bbox 1683 3114 1759 3158; x_wconf 87' lang='lat' dir='ltr'><strong>ex</strong></span> <span class='ocrx_word' id='word_1_247' title='bbox 1818 3116 1894 3160; x_wconf 91' lang='lat' dir='ltr'><strong>ea</strong></span> <span class='ocrx_word' id='word_1_248' title='bbox 1947 3116 2016 3159; x_wconf 88' lang='lat' dir='ltr'><strong>re</strong></span> <span class='ocrx_word' id='word_1_249' title='bbox 2070 3101 2258 3180; x_wconf 86' lang='lat' dir='ltr'><strong>pater</strong></span> 
     </span>
     <span class='ocr_line' id='line_1_33' title="bbox 233 3180 771 3266; baseline 0 -21"><span class='ocrx_word' id='word_1_250' title='bbox 233 3180 620 3266; x_wconf 91' lang='lat' dir='ltr'><strong>locupletior</strong></span> <span class='ocrx_word' id='word_1_251' title='bbox 667 3184 771 3247; x_wconf 87' lang='lat' dir='ltr'><strong>sit.</strong></span> 
     </span>
    </p>
   </div>
   <div class='ocr_carea' id='block_1_7' title="bbox 232 3355 2258 3495">
    <p class='ocr_par' dir='ltr' id='par_1_10' title="bbox 232 3355 2258 3495">
     <span class='ocr_line' id='line_1_34' title="bbox 232 3355 2258 3495; baseline 0.002 -85"><span class='ocrx_word' id='word_1_252' title='bbox 232 3424 311 3481; x_wconf 55' lang='lat' dir='ltr'><strong>Sb</strong></span> <span class='ocrx_word' id='word_1_253' title='bbox 349 3361 429 3481; x_wconf 73' lang='lat' dir='ltr'><strong>XII</strong></span> <span class='ocrx_word' id='word_1_254' title='bbox 450 3355 758 3495; x_wconf 54' lang='grc' dir='ltr'><strong>Μοῖτωεοη</strong></span> <span class='ocrx_word' id='word_1_255' title='bbox 796 3357 1059 3413; x_wconf 86' lang='lat' dir='ltr'><strong>emendat</strong></span> <span class='ocrx_word' id='word_1_256' title='bbox 1096 3355 1433 3426; x_wconf 49' lang='lat' dir='ltr'><strong>‘malivoloss</strong></span> <span class='ocrx_word' id='word_1_257' title='bbox 1471 3360 1532 3412; x_wconf 82' lang='lat' dir='ltr'><strong>at</strong></span> <span class='ocrx_word' id='word_1_258' title='bbox 1567 3376 1620 3414; x_wconf 85' lang='lat' dir='ltr'><strong>v.</strong></span> <span class='ocrx_word' id='word_1_259' title='bbox 1654 3357 1899 3414; x_wconf 89' lang='lat' dir='ltr'><strong>Kuebler</strong></span> <span class='ocrx_word' id='word_1_260' title='bbox 1934 3360 1991 3413; x_wconf 91' lang='lat' dir='ltr'><strong>Z.</strong></span> <span class='ocrx_word' id='word_1_261' title='bbox 2022 3358 2075 3413; x_wconf 92' lang='lat' dir='ltr'><strong>d.</strong></span> <span class='ocrx_word' id='word_1_262' title='bbox 2107 3358 2258 3413; x_wconf 85' lang='lat' dir='ltr'><strong>Sav.·</strong></span> 
     </span>
    </p>
   </div>
   <div class='ocr_carea' id='block_1_8' title="bbox 374 3496 895 3627">
    <p class='ocr_par' dir='ltr' id='par_1_11' title="bbox 374 3496 895 3627">
     <span class='ocr_line' id='line_1_35' title="bbox 374 3496 746 3555; baseline 0.008 -3"><span class='ocrx_word' id='word_1_263' title='bbox 374 3504 406 3552; x_wconf 80' lang='lat'>2</span> <span class='ocrx_word' id='word_1_264' title='bbox 446 3496 539 3553; x_wconf 83' lang='lat' dir='ltr'><strong>Fz.</strong></span> <span class='ocrx_word' id='word_1_265' title='bbox 579 3496 746 3555; x_wconf 80' lang='lat' dir='ltr'><strong>furtO.</strong></span> 
     </span>
     <span class='ocr_line' id='line_1_36' title="bbox 376 3568 895 3627; baseline 0.008 -4"><span class='ocrx_word' id='word_1_266' title='bbox 376 3572 409 3623; x_wconf 81' lang='lat'><strong>3</strong></span> <span class='ocrx_word' id='word_1_267' title='bbox 452 3568 599 3625; x_wconf 75' lang='lat' dir='ltr'><strong>Trib.</strong></span> <span class='ocrx_word' id='word_1_268' title='bbox 640 3570 709 3625; x_wconf 88' lang='lat' dir='ltr'><strong>de</strong></span> <span class='ocrx_word' id='word_1_269' title='bbox 748 3570 895 3627; x_wconf 84' lang='lat' dir='ltr'><strong>dote.</strong></span> 
     </span>
    </p>
   </div>
  </div>
 </body>
</html>
