2575 3900
523 891 1068 960 SIGNORUM
1113 890 1773 958 EXPLIGATIO.

303 1085 486 1140 Uncis
521 1085 774 1140 rotundis
813 1087 834 1154 (
993 1087 1016 1154 )
1052 1085 1482 1154 explicationeS‚

302 1156 453 1210 Uncis
489 1157 776 1226 quadratis
815 1157 840 1228 [
1075 1155 1347 1222 eicienda,

297 1225 452 1280 Uncis
486 1229 721 1296 denique
757 1227 952 1282 fractis
1174 1225 1215 1300 >
1255 1226 1514 1281 addenda
1550 1225 1881 1296 significavi.
1964 1225 2157 1294 itaque

159 1296 238 1350 ad
268 1299 601 1420 pgrentheses
639 1298 1018 1369 insigniendas
1058 1296 1405 1368 virgularum
1443 1299 1561 1352 sive
1598 1301 1941 1352 commatum
1981 1297 2156 1367 signis

157 1371 293 1422 utcu
327 1387 412 1422 um
446 1371 576 1424 erat.

301 1440 545 1496 Puncta
591 1441 702 1496 duo
742 1482 754 1494 .
797 1484 810 1496 .
859 1439 1200 1510 significant,
1259 1438 1319 1494 in
1371 1440 1623 1494 oratione
1667 1439 1942 1494 tradenda
1985 1457 2156 1492 unum

163 1510 382 1564 verbum
415 1512 683 1581 imprimis
723 1511 1164 1580 coniunctivum,
1210 1511 1425 1580 puncta
1468 1511 1579 1565 tria
1626 1553 1638 1565 .
1670 1552 1683 1564 .
1719 1552 1733 1566 .
1778 1511 1943 1580 plura
1985 1512 2157 1565 verba

161 1581 354 1705 onzissa
405 1599 544 1653 esse,
599 1583 661 1637 id
718 1582 870 1652 quod
916 1582 975 1636 in
1019 1584 1206 1651 priore
1251 1584 1415 1653 parte
1459 1597 1572 1635 non
1618 1580 1923 1651 diligenter
1968 1583 2154 1637 obser-

155 1671 226 1706 va
249 1671 338 1706 vmn
371 1657 467 1708 est.

290 1723 488 1779 Linea
539 1725 848 1793 directa!
879 1743 1013 1779 usus
1068 1742 1218 1793 sum,
1271 1723 1608 1792 ubicumque
1663 1725 1773 1778 duo
1824 1723 2155 1792 fragmenta,

156 1810 294 1864 quae
317 1796 372 1849 in
398 1797 638 1865 genuino
665 1795 810 1850 libro
837 1796 986 1850 inter
1014 1813 1073 1850 se
1103 1800 1451 1864 exceperant,
1478 1796 1536 1849 in
1568 1795 1813 1864 Digestis
1842 1795 1955 1850 alio
1983 1797 2154 1850 inter-

151 1866 293 1920 iecto
325 1867 636 1936 fragmento
676 1866 960 1937 discerpta
994 1866 1385 1936 coniungenda.
1422 1867 1595 1920 erant.

283 1936 484 2009 Typis
532 1939 830 1993 cursivis
877 1957 1010 1993 usus
1047 1957 1199 2007 sum,
1237 1937 1335 1991 ubi
1372 1937 1507 1992 iuris
1546 1935 1788 1992 consulti
1824 1937 1949 2007 ipsa
1984 1938 2156 1993 verba

154 2008 397 2063 videntur
443 2009 684 2065 eminere
720 2012 856 2081 (qua
893 2012 952 2063 in
987 2026 1046 2065 re
1095 2008 1476 2064 dubitationes
1518 2025 1719 2078 graves
1756 2025 1822 2062 ac
1857 2025 2034 2079 paene
2070 2010 2129 2063 in

150 2080 500 2150 explicabiles
549 2081 852 2151 oriuntur),
897 2084 1192 2151 praeterea
1229 2098 1339 2135 non
1375 2096 1661 2149 nunquam
1697 2079 1790 2136 vel
1826 2081 1883 2134 in
1920 2080 2154 2135 rubricis

145 2152 234 2205 vel
265 2153 318 2206 in
351 2151 504 2207 notis
541 2151 876 2221 adiciendis3

278 2224 683 2279 Minusculis
733 2226 916 2293 typis
959 2226 1018 2277 in
1055 2224 1124 2277 iis
1162 2240 1306 2292 quae
1344 2221 1633 2277 sententiis
1659 2222 2037 2293 proponendis
2065 2224 2153 2277 vel

144 2297 445 2362 praemissa
481 2298 612 2349 sunt
649 2294 739 2349 vel
774 2294 1014 2350 adiecta.
1033 2295 1050 2325 ¹

273 2365 546 2421 Littera
564 2366 608 2419 P
626 2366 1082 2436 inscriptionibus
1109 2366 1553 2435 fragmentorum
1581 2382 1611 2419 e
1636 2365 1883 2434 Digestis
1903 2367 2155 2435 sumpto-

147 2454 258 2490 rum
293 2454 421 2491 cum
458 2454 690 2492 numero
729 2438 953 2492 adiecta.
988 2436 1268 2505 significat
1302 2436 1517 2491 Lenelii
1552 2436 2020 2505 Palingenesiam.

282 2624 330 2669 1.
375 2614 546 2685 Apud
591 2612 912 2668 Trebatium
961 2614 1238 2669 Ciceronis
1293 2613 1567 2683 epistulae
1618 2630 1803 2667 errore
1850 2613 2153 2667 maioribus

147 2686 336 2741 litteris
363 2701 682 2757 expressae,
720 2701 788 2739 ea.
812 2702 1016 2754 rursus,
1050 2701 1195 2753 quae
1225 2686 1531 2739 maioribus
1558 2684 1764 2738 litteris
1793 2685 2154 2753 proponenda

148 2761 312 2828 erant,
349 2757 664 2828 aliquando
702 2773 881 2811 errore
917 2756 1224 2811 minoribus
1258 2756 1551 2827 proposita
1586 2756 1731 2811 sunt.
