2575 3900
790 220 839 270 4.
886 213 945 268 L.
985 213 1356 270 NERATIUS
1393 213 1689 270 PRISCUS
2116 213 2250 279 345

795 400 890 461 De
931 402 1208 462 mandato
1254 401 1476 460 emendi
1519 403 1688 462 servi.

407 502 512 568 30.
566 499 648 566 D.
690 503 790 587 17,
831 504 887 584 1,
924 503 1031 584 26,
1069 503 1129 567 7.
1219 502 1462 567 Paulus
1517 501 1684 568 libro
1732 503 2109 588 trigensimo
2158 525 2249 568 se·

227 590 437 656 cundo
495 590 575 656 ad
633 591 914 657 edictum
962 590 1061 675 (P.
1098 588 1281 677 488).
1329 627 1414 637 -—
1464 641 1477 655 .
1507 642 1522 656 .
1561 612 1705 656 cum
1758 613 2003 675 servus,
2060 615 2249 676 quem

230 679 543 745 mandatu
598 702 741 745 meo
799 701 1077 764 emeras,
1130 680 1373 744 furtum
1430 679 1553 744 tibi
1601 680 1891 765 fecisset,
1942 678 2249 746 Neratius

231 769 325 834 ait
380 768 671 834 mandati
727 769 982 833 actione
1036 772 1104 833 te
1160 773 1677 851 consecuturum,
1731 773 1805 834 ut
1859 791 2081 834 servus
2127 770 2250 834 tibi

228 878 437 922 noxas
492 857 790 940 dedatur,
845 857 903 922 si
958 861 1180 922 tamen
1225 857 1364 922 sine
1411 858 1602 943 culpa
1645 862 1760 923 tua
1804 859 1871 924 id
1917 859 2250 942 acciderit3

231 946 404 1030 quod
468 947 527 1011 si
591 968 713 1034 ego
780 947 1045 1012 scissem
1109 947 1306 1011 talem
1371 967 1512 1012 esse
1579 969 1833 1012 servum
1896 968 2016 1012 nec
2069 969 2252 1031 prae-

230 1035 555 1119 dixissem,
590 1041 667 1100 ut
700 1035 915 1122 possis
950 1056 1352 1119 praecavere,
1387 1039 1545 1100 tunc
1575 1036 1803 1119 quanti
1831 1039 1946 1101 tua
1972 1036 2250 1120 intersit,

230 1128 487 1189 tantum
534 1124 657 1190 tibi
701 1124 1023 1208 praestari
1070 1129 1344 1209 oportet.

410 1231 515 1296 31.
560 1230 640 1295 D.
669 1233 774 1315 21,
810 1234 865 1315 1,
890 1231 998 1314 25,
1026 1231 1086 1295 3.
1157 1228 1478 1315 Ulpianus
1515 1231 1680 1297 libro
1719 1231 1930 1316 primo
1969 1232 2048 1296 ad
2088 1231 2262 1296 edic-·

229 1323 370 1384 tum
428 1319 734 1384 aedilium
756 1281 1097 1385 ciirulium
1144 1317 1242 1406 (P.
1244 1253 1503 1405 p.1773)
1551 1354 1634 1366 —-
1679 1318 2133 1385 Procuratoris
2176 1320 2254 1384 fit

231 1408 476 1474 mentio
522 1409 591 1473 in
637 1408 760 1474 hac
798 1408 1053 1473 actione
1091 1406 1206 1493 (sc.
1248 1407 1720 1510 redhibitoria).
1795 1409 1905 1474 sed
1942 1408 2252 1474 Neratius

230 1501 720 1600 procuratore-m
756 1497 863 1562 hic
902 1519 1045 1561 eum
1084 1497 1526 1599 accipiendum
1565 1497 1678 1585 ait,
1709 1519 1841 1563 non
1882 1498 2252 1584 quemlibet,

234 1586 346 1652 sed
404 1586 508 1651 cui
553 1586 851 1651 universa
895 1586 1163 1671 negotia
1208 1589 1324 1650 aut
1365 1584 1430 1649 id
1477 1586 1720 1672 ipsum,
1773 1590 2040 1672 propter
2085 1587 2254 1672 quod

234 1675 517 1740 deterius
572 1675 816 1740 factum
879 1676 966 1739 sit
1020 1674 1133 1760 (sc.
1188 1672 1642 1762 mancipium),
1705 1675 2082 1741 mandatum
2138 1681 2254 1740 est.

952 1869 1053 1936 De
1094 1872 1536 1936 communione.

880 2002 1175 2062 Famih’ac
1220 2002 1608 2062 erciscundae.

424 2104 528 2170 32.
583 2100 663 2168 D‘.
696 2103 799 2184 10,
826 2104 887 2188 2,
921 2103 1021 2183 18,
1052 2104 1111 2168 7.
1201 2100 1523 2188 Ulpianus
1568 2104 1737 2169 libro
1784 2125 1957 2169 nono
2005 2102 2254 2169 decimo

238 2192 317 2257 ad
383 2193 660 2259 edictum
730 2191 827 2277 (P.
864 2189 1073 2279 6331’).
1130 2228 1216 2239 -
1272 2242 1288 2257 .
1317 2243 1334 2259 .
1361 2240 1378 2258 .
1418 2192 1476 2257 si
1540 2193 1682 2278 quis
1747 2190 1864 2279 (sc.
1917 2191 2254 2280 heredum)

237 2280 411 2347 Titio
477 2281 767 2351 debitum
825 2282 1123 2366 solverit,
1184 2303 1264 2345 ne
1319 2282 1559 2367 pignus
1617 2281 1886 2366 veniret,
1947 2281 2254 2348 Neratius

242 2370 469 2435 scribit
502 2369 793 2434 familiae
832 2370 1239 2435 erciscundae
1276 2369 1515 2434 iudicio
1552 2392 1697 2434 eum
1733 2392 1926 2454 posse
1964 2370 2257 2456 experiri.

911 2532 1215 2593 Communi
1258 2534 1593 2595 dividunda

420 2634 527 2698 33.
572 2632 651 2699 D.
674 2636 778 2718 10,
805 2635 865 2719 3,
896 2635 955 2713 7,
988 2636 1043 2699 1.
1116 2632 1296 2698 Idem
1325 2632 1439 2719 (sc
1467 2631 1818 2721 Ulpianus)
1846 2635 2014 2700 libro
2052 2636 2259 2701 vicen-

241 2723 406 2789 simo
445 2721 526 2787 ad
566 2684 865 2787 edictlim
882 2684 982 2809 (P.
1011 2722 1191 2808 642).
1227 2758 1304 2770 -
1336 2722 1642 2788 Neratius
1672 2723 1900 2789 scribit
1926 2724 2258 2807 arbitrum,

240 2813 297 2878 si
342 2812 719 2899 regionibus
765 2811 1035 2877 fundum
1082 2833 1211 2876 non
1257 2812 1643 2895 vectigalem
1692 2812 1965 2877 divisum
2009 2811 2258 2877 duobus

240 2901 720 2984 adiudicaverit,
763 2922 959 2986 posse
1007 2900 1191 2987 quasi
1235 2900 1306 2965 in
1343 2900 1590 2966 duobus
1627 2900 1844 2966 fundis
1883 2901 2257 2968 servitutem

240 3012 675 3145 lmpoglilgeeb·
702 3078 858 3144 ibid.
885 3081 926 3159 ξ
955 3078 1012 3144 3.
1055 3114 1133 3127 -
1172 3078 1275 3144 Ex
1315 3077 1694 3163 quibusdam
1724 3128 1738 3143 .
1767 3127 1783 3144 .
1811 3080 2021 3155 causis
2058 3080 2258 3164 (ubi)

239 3168 588 3235 vindicatio
633 3172 861 3251 cessat,
909 3168 965 3232 si
1010 3173 1230 3233 tamen
1275 3169 1452 3233 iusta
1497 3190 1688 3234 causa
1734 3173 1834 3233 est
1867 3169 2258 3254 possidendi,

156 3319 177 3337 ,
238 3258 398 3324 utile
446 3257 767 3323 communi
806 3256 1156 3322 dividundo
1193 3258 1524 3341 competit,
1557 3262 1633 3322 ut
1667 3261 1826 3341 puta
1864 3259 1919 3323 si
1956 3280 2032 3323 ex
2061 3279 2260 3324 causa

240 3345 445 3412 debiti
492 3346 690 3411 soluti
730 3343 998 3429 fiducia¹
1041 3346 1467 3430 possideatur.

420 3434 539 3500 ‘Fu
574 3444 608 3500 7
641 3438 682 3515 ἓ
714 3442 751 3500 3
783 3459 992 3500 comm.
1023 3440 1141 3500 div.
1176 3442 1275 3518 10,
1307 3442 1344 3499 3
1392 3440 1475 3500 ist
1519 3440 1698 3499 allem
1735 3440 2071 3501 Anscheine
2108 3440 2260 3499 nach

392 3599 419 3646 1
462 3592 616 3649 Trib.
654 3609 721 3648 ex
757 3608 927 3647 eausa
960 3592 1199 3648 indebiti
1236 3591 1407 3648 soluti
1442 3566 1547 3649 ηε.
1619 3592 1820 3649 amena.
1861 3592 2063 3648 Keller.
