2575 3900
369 204 504 270 456
583 206 650 264 V.
692 206 995 261 NERVAE
1029 208 1125 261 ΕΤ
1161 206 1465 263 ΤΒΔῙΑΝΙ
1500 210 1713 267 ΤΕΜΡ.
1749 211 1941 267 IURIS
1981 215 2392 276 CONSULTI

364 370 426 433 is
495 370 606 449 qui
676 371 893 435 oceidit
959 372 1188 436 iudicio
1260 372 1407 454 leyis
1475 374 1793 458 Aquiliae,
1870 380 2105 457 quanti
2178 386 2433 451 adoris

365 458 618 560 interest
667 479 868 523 noxae
910 462 1123 541 potius
1171 461 1471 525 deditione
1512 462 1761 545 defungi
1803 485 1997 545 quam
2045 467 2181 534 litis
2230 474 2429 537 aesti-

363 551 650 700 matwyg..
712 635 789 699 D.
825 637 936 718 50,
982 637 1091 713 16,
1139 638 1287 703 113.
1387 636 1565 701 Idem
1622 636 1737 722 (se.
1785 638 2175 733 Iavolenus)
2241 648 2425 715 hbro

367 728 600 806 quarto
647 724 895 789 decimo
943 748 1022 789 ex
1068 723 1310 790 cassin.
1348 761 1433 771 —
1472 725 1753 792 ‘Morbus
1796 732 2092 797 sonticus'
2140 743 2251 815 est,
2298 740 2427 820 qui

362 814 578 894 cuique
619 814 713 877 rei
754 818 938 879 nocet.

1185 959 1405 1019 Liber
1441 960 1570 1019 XV.

537 1083 670 1143 Hoc
695 1083 851 1142 libro
878 1083 1196 1143 Iavolenus
1223 1083 1299 1141 de
1328 1084 1508 1144 furtis
1546 1088 1624 1163 et,
1661 1085 1725 1143 id
1757 1088 1920 1163 quod
1950 1090 2149 1151 Lenel
2172 1092 2421 1173 docuit,

361 1173 436 1231 de
481 1172 774 1232 bonorum
820 1172 1159 1232 venditione
1206 1172 1347 1249 egit.

1203 1343 1303 1408 De
1341 1344 1551 1424 furtis.

543 1460 645 1523 77.
710 1458 788 1521 D.
831 1459 931 1537 12,
969 1458 1032 1541 3,
1070 1458 1128 1522 9.
1228 1457 1570 1524 Iavolenus
1623 1460 1792 1525 libro
1848 1464 2080 1545 quinto
2141 1467 2414 1537 decimo

362 1568 443 1611 ex
489 1544 735 1611 CassiO.
771 1582 859 1593 --
897 1545 1056 1613 Cum
1093 1545 1256 1626 furti
1291 1548 1517 1629 ayitur,
1561 1549 1775 1612 iurare
1809 1551 1904 1615 ita
1940 1560 2177 1634 oportet
2210 1556 2414 1625 ‘tanti

359 1656 491 1715 rem
523 1634 718 1715 fnisse
751 1656 890 1699 eum
921 1634 1164 1715 furtum
1197 1634 1433 1715 factum
1467 1636 1592 1717 sit',
1626 1658 1753 1701 non
1778 1640 1948 1704 adici
1978 1640 2068 1707 ‘eo
2080 1646 2407 1726 pluresve

360 1726 512 1807 quia
554 1724 719 1805 quod
759 1743 855 1786 res
887 1725 1100 1803 pluris
1143 1728 1252 1805 est,
1299 1725 1505 1805 utique
1550 1727 1712 1788 tanti
1754 1732 1851 1791 est.

537 1842 860 1901 Zachariae
887 1862 1000 1901 von
1029 1844 1393 1919 Lingenthal
1424 1844 1488 1904 Z.
1508 1844 1564 1903 d.
1585 1844 1836 1907 Sam-St.
1856 1847 2010 1909 VIII
2026 1872 2086 1926 p.
2109 1856 2243 1915 207
2269 1876 2407 1934 sqq.

355 1952 467 2008 pro
525 1925 643 1991 ‘eo'
696 1930 899 2006 potius
956 1924 1092 1991 ‘tot'
1149 1932 1248 1992 vel
1303 1933 1559 1993 fortasse
1606 1926 1751 1991 ‘00'
1796 1926 2025 2021 (mille)
2083 1944 2187 2004 vel
2241 1938 2316 2006 ‘C
2328 1940 2407 2008 O’

354 2022 587 2187 ἓοῦἑεὲθέ
615 2013 957 2078 ‘sestertiis'
985 2022 1365 2080 scribendum
1391 2021 1634 2082 iudicat.
1680 2028 1946 2085 ceterum
1969 2030 2044 2089 cf.
2066 2029 2265 2092 Lenel
2284 2035 2407 2096 Ed.

537 2219 636 2283 78.
685 2215 762 2282 D.
792 2217 898 2301 47,
926 2219 986 2300 2,
1017 2219 1100 2282 72
1127 2244 1217 2300 pr.
1299 2217 1643 2285 Iavolenus
1671 2221 1841 2288 libro
1871 2225 2104 2309 quinto
2136 2230 2407 2300 decimo

356 2329 436 2372 ex
492 2303 738 2371 Cassio.
793 2343 876 2351 -
934 2305 1012 2371 Si
1062 2309 1144 2390 is,
1197 2307 1300 2372 oui
1350 2311 1731 2374 commodata
1780 2332 1881 2377 res
1924 2321 2091 2399 erat,
2142 2320 2405 2399 furtum

355 2398 556 2478 ipsius
599 2396 876 2476 admisit,
922 2397 1029 2478 ayt
1071 2417 1208 2460 eum
1253 2415 1320 2459 eo
1365 2401 1424 2458 et
1460 2395 1623 2476 furti
1665 2403 1725 2463 et
1764 2405 2138 2470 commodati
2172 2415 2402 2495 potest,

354 2490 436 2568 et,
489 2485 549 2548 si
597 2484 760 2565 furti
811 2489 1016 2548 actum
1069 2490 1180 2563 est,
1233 2486 1597 2550 commodati
1649 2489 1807 2553 actio
1860 2493 2283 2584 extinyuitur,
2338 2503 2405 2566 si

355 2574 748 2654 commodati,
794 2573 1024 2637 actioni
1062 2573 1224 2653 furti
1266 2574 1528 2654 exceptio
1574 2575 1849 2642 obicitur.

537 2671 639 2735 79.
713 2668 791 2733 D.
833 2670 988 2732 ibid.
1031 2675 1071 2748 ἓ
1123 2669 1178 2734 1.
1233 2705 1319 2716 --
1372 2671 1539 2735 Eius
1599 2673 1716 2752 rei,
1780 2695 1935 2756 quae
1986 2700 2115 2760 pro
2178 2683 2405 2751 herede

347 2761 714 2841 possidetur,
756 2757 920 2838 furti
953 2759 1109 2822 actio
1144 2759 1232 2822 ad
1250 2778 1657 2840 possessorem
1692 2782 1816 2826 non
1844 2769 2135 2849 pertinet,
2173 2793 2401 2853 quam-

354 2850 448 2912 vis
484 2866 819 2927 usucapere
852 2846 992 2926 quis
1015 2848 1232 2930 possit,
1275 2847 1429 2928 quia
1460 2846 1623 2926 furti
1656 2870 1834 2931 ayere
1859 2859 2063 2933 potest
2095 2861 2173 2936 is,
2216 2865 2402 2929 euius

355 2935 608 2999 interest
655 2954 787 2998 rem
838 2953 965 2998 non
1015 2933 1278 3017 subripi,
1343 2935 1627 3000 interesse
1678 2944 1884 3002 autem
1937 2944 2073 3008 eius
2127 2950 2401 3030 videtur,

354 3025 465 3104 qui
526 3023 826 3087 damnum
878 3041 1188 3102 passurus
1247 3027 1359 3105 est,
1421 3043 1546 3086 non
1610 3025 1743 3089 eius
1793 3029 1905 3107 qui
1958 3031 2211 3100 lucrum
2262 3039 2399 3120 fac-

355 3116 536 3176 turus
579 3116 743 3174 esset.

535 3199 639 3263 80.
692 3196 773 3260 D.
801 3197 908 3279 47,
936 3197 996 3276 2,
1027 3196 1127 3260 74.
1216 3197 1564 3262 Iavolenus
1619 3200 1787 3265 libro
1848 3207 2081 3286 quinto
2132 3211 2397 3282 decimo

354 3307 434 3350 ex
488 3285 733 3351 Cassio.
792 3320 876 3330 —
935 3283 1011 3348 Si
1062 3286 1145 3365 is,
1197 3286 1307 3366 qui
1340 3285 1598 3367 piynori
1641 3309 1770 3352 rem
1814 3297 2070 3379 aceepit,
2128 3321 2279 3367 oum
2324 3307 2403 3370 de

351 3373 664 3439 vendendo
721 3373 976 3455 piqnore
1037 3372 1198 3436 nihil
1249 3373 1638 3456 convenisset,
1701 3381 1998 3462 vendidit,
2054 3394 2177 3452 aut
2229 3399 2382 3458 ante

352 3482 543 3542 quam
607 3460 736 3524 dies
797 3460 1161 3524 venditionis
1221 3461 1449 3524 veniret
1498 3465 1766 3540 pecunia
1826 3487 1955 3533 non
2018 3475 2232 3542 soluta
2240 3529 2260 3562 ,
2326 3446 2405 3548 ἰᾶ

369 3551 522 3633 ’νείῄ
561 3549 726 3629 furti
768 3567 830 3612 se
874 3547 1114 3628 obliyat.
