<?xml version="1.0" encoding="UTF-8"?>
<!DOCTYPE html PUBLIC "-//W3C//DTD XHTML 1.0 Transitional//EN"
    "http://www.w3.org/TR/xhtml1/DTD/xhtml1-transitional.dtd">
<html xmlns="http://www.w3.org/1999/xhtml" xml:lang="en" lang="en">
 <head>
  <title>
</title>
<meta http-equiv="Content-Type" content="text/html;charset=utf-8" />
  <meta name='ocr-system' content='tesseract 3.04.00' />
  <meta name='ocr-capabilities' content='ocr_page ocr_carea ocr_par ocr_line ocrx_word'/>
</head>
<body>
  <div class='ocr_page' id='page_1' title='image "./iurisprudentiae00unkngoog_0587.png"; bbox 0 0 2575 3900; ppageno 0'>
   <div class='ocr_carea' id='block_1_1' title="bbox 512 152 2254 220">
    <p class='ocr_par' dir='ltr' id='par_1_1' title="bbox 512 152 2254 220">
     <span class='ocr_line' id='line_1_1' title="bbox 512 152 2254 220; baseline 0.003 -14"><span class='ocrx_word' id='word_1_1' title='bbox 512 155 579 210; x_wconf 89' lang='lat' dir='ltr'><strong>II.</strong></span> <span class='ocrx_word' id='word_1_2' title='bbox 616 153 1102 210; x_wconf 76' lang='lat' dir='ltr'>INGERTORUM</span> <span class='ocrx_word' id='word_1_3' title='bbox 1138 152 1599 208; x_wconf 84' lang='lat' dir='ltr'>SENTENTIAE</span> <span class='ocrx_word' id='word_1_4' title='bbox 1637 153 1732 207; x_wconf 86' lang='lat' dir='ltr'><strong>ET</strong></span> <span class='ocrx_word' id='word_1_5' title='bbox 1769 154 1980 210; x_wconf 89' lang='lat' dir='ltr'><strong>LIBRI.</strong></span> <span class='ocrx_word' id='word_1_6' title='bbox 2123 156 2254 220; x_wconf 80' lang='lat'><strong>529</strong></span> 
     </span>
    </p>
   </div>
   <div class='ocr_carea' id='block_1_2' title="bbox 231 317 2255 472">
    <p class='ocr_par' dir='ltr' id='par_1_2' title="bbox 231 317 2255 472">
     <span class='ocr_line' id='line_1_2' title="bbox 232 317 2255 471; baseline 0 -89"><span class='ocrx_word' id='word_1_7' title='bbox 232 323 311 382; x_wconf 87' lang='lat' dir='ltr'><strong>ut</strong></span> <span class='ocrx_word' id='word_1_8' title='bbox 345 340 518 471; x_wconf 53' lang='lat' dir='ltr'><strong>dnlm</strong></span> <span class='ocrx_word' id='word_1_9' title='bbox 581 317 790 404; x_wconf 85' lang='lat' dir='ltr'><strong>magis</strong></span> <span class='ocrx_word' id='word_1_10' title='bbox 857 339 1051 401; x_wconf 90' lang='lat' dir='ltr'><strong>quam</strong></span> <span class='ocrx_word' id='word_1_11' title='bbox 1114 317 1297 382; x_wconf 89' lang='lat' dir='ltr'><strong>litem</strong></span> <span class='ocrx_word' id='word_1_12' title='bbox 1371 318 1438 380; x_wconf 89' lang='lat' dir='ltr'><strong>in</strong></span> <span class='ocrx_word' id='word_1_13' title='bbox 1500 317 1778 381; x_wconf 84' lang='lat' dir='ltr'><strong>militem</strong></span> <span class='ocrx_word' id='word_1_14' title='bbox 1839 318 2255 383; x_wconf 70' lang='lat' dir='ltr'><strong>transtulisse</strong></span> 
     </span>
     <span class='ocr_line' id='line_1_3' title="bbox 231 429 549 472; baseline 0 -1"><span class='ocrx_word' id='word_1_15' title='bbox 231 429 341 472; x_wconf 88' lang='lat' dir='ltr'><strong>cre</strong></span> <span class='ocrx_word' id='word_1_16' title='bbox 388 429 426 471; x_wconf 91' lang='lat' dir='ltr'><strong>a</strong></span> <span class='ocrx_word' id='word_1_17' title='bbox 458 429 549 471; x_wconf 92' lang='lat' dir='ltr'><strong>ur.</strong></span> 
     </span>
    </p>
   </div>
   <div class='ocr_carea' id='block_1_3' title="bbox 698 503 1795 587">
    <p class='ocr_par' dir='ltr' id='par_1_3' title="bbox 698 503 1795 587">
     <span class='ocr_line' id='line_1_4' title="bbox 698 503 1795 587; baseline 0 -18"><span class='ocrx_word' id='word_1_18' title='bbox 698 503 799 570; x_wconf 84' lang='lat' dir='ltr'><strong>De</strong></span> <span class='ocrx_word' id='word_1_19' title='bbox 830 505 1071 587; x_wconf 78' lang='lat' dir='ltr'><strong>peculio</strong></span> <span class='ocrx_word' id='word_1_20' title='bbox 1115 509 1173 569; x_wconf 79' lang='lat' dir='ltr'><strong>et</strong></span> <span class='ocrx_word' id='word_1_21' title='bbox 1210 505 1283 568; x_wconf 83' lang='lat' dir='ltr'><strong>de</strong></span> <span class='ocrx_word' id='word_1_22' title='bbox 1327 505 1396 568; x_wconf 78' lang='lat' dir='ltr'><strong>in</strong></span> <span class='ocrx_word' id='word_1_23' title='bbox 1441 524 1568 567; x_wconf 84' lang='lat' dir='ltr'><strong>rem</strong></span> <span class='ocrx_word' id='word_1_24' title='bbox 1613 525 1795 569; x_wconf 82' lang='lat' dir='ltr'><strong>verso.</strong></span> 
     </span>
    </p>
   </div>
   <div class='ocr_carea' id='block_1_4' title="bbox 233 615 2258 1148">
    <p class='ocr_par' dir='ltr' id='par_1_4' title="bbox 233 615 2258 1148">
     <span class='ocr_line' id='line_1_5' title="bbox 416 615 2256 706; baseline 0.001 -22"><span class='ocrx_word' id='word_1_25' title='bbox 416 619 547 684; x_wconf 74' lang='lat'><strong>54?</strong></span> <span class='ocrx_word' id='word_1_26' title='bbox 595 619 673 684; x_wconf 90' lang='lat' dir='ltr'><strong>D.</strong></span> <span class='ocrx_word' id='word_1_27' title='bbox 704 621 762 702; x_wconf 90' lang='lat'><strong>3,</strong></span> <span class='ocrx_word' id='word_1_28' title='bbox 782 621 842 696; x_wconf 83' lang='lat'><strong>5,</strong></span> <span class='ocrx_word' id='word_1_29' title='bbox 861 621 966 684; x_wconf 89' lang='grc'><strong>41.</strong></span> <span class='ocrx_word' id='word_1_30' title='bbox 1012 619 1189 684; x_wconf 85' lang='lat' dir='ltr'><strong>Idem</strong></span> <span class='ocrx_word' id='word_1_31' title='bbox 1229 616 1346 706; x_wconf 89' lang='lat' dir='ltr'><strong>(sc.</strong></span> <span class='ocrx_word' id='word_1_32' title='bbox 1375 615 1642 704; x_wconf 88' lang='lat' dir='ltr'><strong>Paulus)</strong></span> <span class='ocrx_word' id='word_1_33' title='bbox 1680 618 1846 684; x_wconf 89' lang='lat' dir='ltr'><strong>libro</strong></span> <span class='ocrx_word' id='word_1_34' title='bbox 1875 619 2256 704; x_wconf 83' lang='lat' dir='ltr'><strong>trigensimo</strong></span> 
     </span>
     <span class='ocr_line' id='line_1_6' title="bbox 233 706 2258 793; baseline 0 -21"><span class='ocrx_word' id='word_1_35' title='bbox 233 708 519 773; x_wconf 86' lang='lat' dir='ltr'><strong>secundo</strong></span> <span class='ocrx_word' id='word_1_36' title='bbox 576 708 656 772; x_wconf 90' lang='lat' dir='ltr'><strong>ad</strong></span> <span class='ocrx_word' id='word_1_37' title='bbox 712 709 1008 775; x_wconf 90' lang='lat' dir='ltr'><strong>edictum.</strong></span> <span class='ocrx_word' id='word_1_38' title='bbox 1056 744 1141 754; x_wconf 93' lang='lat'><strong>—</strong></span> <span class='ocrx_word' id='word_1_39' title='bbox 1188 707 1257 772; x_wconf 83' lang='lat' dir='ltr'><strong>Si</strong></span> <span class='ocrx_word' id='word_1_40' title='bbox 1312 707 1480 771; x_wconf 82' lang='lat' dir='ltr'><strong>servi</strong></span> <span class='ocrx_word' id='word_1_41' title='bbox 1537 706 1662 771; x_wconf 91' lang='lat' dir='ltr'><strong>mei</strong></span> <span class='ocrx_word' id='word_1_42' title='bbox 1713 712 1946 792; x_wconf 83' lang='lat' dir='ltr'><strong>rogatu</strong></span> <span class='ocrx_word' id='word_1_43' title='bbox 1991 709 2258 793; x_wconf 87' lang='lat' dir='ltr'><strong>negotia</strong></span> 
     </span>
     <span class='ocr_line' id='line_1_7' title="bbox 236 795 2257 879; baseline 0.001 -18"><span class='ocrx_word' id='word_1_44' title='bbox 236 818 383 861; x_wconf 91' lang='lat' dir='ltr'><strong>mea</strong></span> <span class='ocrx_word' id='word_1_45' title='bbox 429 797 803 879; x_wconf 83' lang='lat' dir='ltr'><strong>susceperis,</strong></span> <span class='ocrx_word' id='word_1_46' title='bbox 851 797 908 861; x_wconf 91' lang='lat' dir='ltr'><strong>si</strong></span> <span class='ocrx_word' id='word_1_47' title='bbox 961 796 1298 861; x_wconf 75' lang='lat' dir='ltr'><strong>dumtaxat</strong></span> <span class='ocrx_word' id='word_1_48' title='bbox 1351 795 1719 860; x_wconf 88' lang='lat' dir='ltr'><strong>admonitus</strong></span> <span class='ocrx_word' id='word_1_49' title='bbox 1775 817 1814 859; x_wconf 89' lang='lat' dir='ltr'><strong>a</strong></span> <span class='ocrx_word' id='word_1_50' title='bbox 1879 819 2064 862; x_wconf 80' lang='lat' dir='ltr'><strong>servo</strong></span> <span class='ocrx_word' id='word_1_51' title='bbox 2111 819 2257 863; x_wconf 91' lang='lat' dir='ltr'><strong>meo</strong></span> 
     </span>
     <span class='ocr_line' id='line_1_8' title="bbox 234 885 2256 970; baseline 0 -20"><span class='ocrx_word' id='word_1_52' title='bbox 234 887 306 951; x_wconf 90' lang='lat' dir='ltr'><strong>id</strong></span> <span class='ocrx_word' id='word_1_53' title='bbox 360 885 609 970; x_wconf 89' lang='lat' dir='ltr'><strong>feceris,</strong></span> <span class='ocrx_word' id='word_1_54' title='bbox 661 887 785 950; x_wconf 87' lang='lat' dir='ltr'><strong>erit</strong></span> <span class='ocrx_word' id='word_1_55' title='bbox 842 887 1011 950; x_wconf 89' lang='lat' dir='ltr'><strong>inter</strong></span> <span class='ocrx_word' id='word_1_56' title='bbox 1058 907 1177 950; x_wconf 94' lang='lat' dir='ltr'><strong>nos</strong></span> <span class='ocrx_word' id='word_1_57' title='bbox 1224 886 1634 970; x_wconf 84' lang='lat' dir='ltr'><strong>negotiorum</strong></span> <span class='ocrx_word' id='word_1_58' title='bbox 1683 889 2014 970; x_wconf 84' lang='lat' dir='ltr'><strong>gestorum</strong></span> <span class='ocrx_word' id='word_1_59' title='bbox 2061 887 2256 969; x_wconf 83' lang='lat' dir='ltr'><strong>acti03</strong></span> 
     </span>
     <span class='ocr_line' id='line_1_9' title="bbox 238 973 2256 1058; baseline 0 -20"><span class='ocrx_word' id='word_1_60' title='bbox 238 975 298 1038; x_wconf 88' lang='lat' dir='ltr'><strong>si</strong></span> <span class='ocrx_word' id='word_1_61' title='bbox 340 996 494 1039; x_wconf 80' lang='lat' dir='ltr'><strong>vero</strong></span> <span class='ocrx_word' id='word_1_62' title='bbox 542 975 727 1058; x_wconf 81' lang='lat' dir='ltr'><strong>quasi</strong></span> <span class='ocrx_word' id='word_1_63' title='bbox 756 975 1065 1040; x_wconf 88' lang='lat' dir='ltr'><strong>mandatu</strong></span> <span class='ocrx_word' id='word_1_64' title='bbox 1102 974 1292 1057; x_wconf 84' lang='lat' dir='ltr'><strong>servi,</strong></span> <span class='ocrx_word' id='word_1_65' title='bbox 1336 973 1533 1038; x_wconf 84' lang='lat' dir='ltr'><strong>etiam</strong></span> <span class='ocrx_word' id='word_1_66' title='bbox 1574 973 1651 1036; x_wconf 91' lang='lat' dir='ltr'><strong>de</strong></span> <span class='ocrx_word' id='word_1_67' title='bbox 1689 975 1942 1056; x_wconf 88' lang='lat' dir='ltr'><strong>peculio</strong></span> <span class='ocrx_word' id='word_1_68' title='bbox 1981 979 2047 1038; x_wconf 88' lang='lat' dir='ltr'><strong>et</strong></span> <span class='ocrx_word' id='word_1_69' title='bbox 2083 975 2159 1038; x_wconf 93' lang='lat' dir='ltr'><strong>de</strong></span> <span class='ocrx_word' id='word_1_70' title='bbox 2186 977 2256 1038; x_wconf 92' lang='lat' dir='ltr'><strong>in</strong></span> 
     </span>
     <span class='ocr_line' id='line_1_10' title="bbox 238 1066 1791 1148; baseline 0 -22"><span class='ocrx_word' id='word_1_71' title='bbox 238 1085 377 1127; x_wconf 87' lang='lat' dir='ltr'><strong>rem</strong></span> <span class='ocrx_word' id='word_1_72' title='bbox 427 1084 609 1128; x_wconf 85' lang='lat' dir='ltr'><strong>verso</strong></span> <span class='ocrx_word' id='word_1_73' title='bbox 659 1083 849 1147; x_wconf 87' lang='lat' dir='ltr'><strong>agere</strong></span> <span class='ocrx_word' id='word_1_74' title='bbox 896 1066 963 1127; x_wconf 85' lang='lat' dir='ltr'><strong>te</strong></span> <span class='ocrx_word' id='word_1_75' title='bbox 1009 1085 1201 1148; x_wconf 89' lang='lat' dir='ltr'><strong>posse</strong></span> <span class='ocrx_word' id='word_1_76' title='bbox 1247 1083 1630 1146; x_wconf 89' lang='lat' dir='ltr'><strong>responsum</strong></span> <span class='ocrx_word' id='word_1_77' title='bbox 1676 1066 1791 1126; x_wconf 90' lang='lat' dir='ltr'><strong>est.</strong></span> 
     </span>
    </p>
   </div>
   <div class='ocr_carea' id='block_1_5' title="bbox 855 1219 1645 1288">
    <p class='ocr_par' dir='ltr' id='par_1_5' title="bbox 855 1219 1645 1288">
     <span class='ocr_line' id='line_1_11' title="bbox 855 1219 1645 1288; baseline -0.003 0"><span class='ocrx_word' id='word_1_78' title='bbox 855 1221 955 1288; x_wconf 84' lang='lat' dir='ltr'><strong>De</strong></span> <span class='ocrx_word' id='word_1_79' title='bbox 998 1224 1186 1287; x_wconf 78' lang='lat' dir='ltr'><strong>edicto</strong></span> <span class='ocrx_word' id='word_1_80' title='bbox 1237 1219 1645 1286; x_wconf 66' lang='lat' dir='ltr'><strong>Carboniana</strong></span> 
     </span>
    </p>
   </div>
   <div class='ocr_carea' id='block_1_6' title="bbox 238 1336 2261 1776">
    <p class='ocr_par' dir='ltr' id='par_1_6' title="bbox 238 1336 2261 1776">
     <span class='ocr_line' id='line_1_12' title="bbox 421 1336 2260 1422; baseline -0.001 -19"><span class='ocrx_word' id='word_1_81' title='bbox 421 1337 553 1404; x_wconf 77' lang='lat'><strong>55?</strong></span> <span class='ocrx_word' id='word_1_82' title='bbox 601 1338 679 1402; x_wconf 92' lang='lat' dir='ltr'><strong>D.</strong></span> <span class='ocrx_word' id='word_1_83' title='bbox 725 1338 831 1422; x_wconf 84' lang='lat'><strong>37,</strong></span> <span class='ocrx_word' id='word_1_84' title='bbox 877 1339 977 1421; x_wconf 88' lang='lat'><strong>10,</strong></span> <span class='ocrx_word' id='word_1_85' title='bbox 1016 1339 1075 1419; x_wconf 86' lang='lat'><strong>6,</strong></span> <span class='ocrx_word' id='word_1_86' title='bbox 1112 1339 1172 1403; x_wconf 87' lang='grc'><strong>6.</strong></span> <span class='ocrx_word' id='word_1_87' title='bbox 1219 1336 1457 1401; x_wconf 88' lang='lat' dir='ltr'><strong>Paulus</strong></span> <span class='ocrx_word' id='word_1_88' title='bbox 1505 1337 1671 1401; x_wconf 91' lang='lat' dir='ltr'><strong>libro</strong></span> <span class='ocrx_word' id='word_1_89' title='bbox 1720 1337 2260 1421; x_wconf 81' lang='lat' dir='ltr'><strong>quadragensimo</strong></span> 
     </span>
     <span class='ocr_line' id='line_1_13' title="bbox 240 1425 2261 1510; baseline 0 -20"><span class='ocrx_word' id='word_1_90' title='bbox 240 1429 452 1510; x_wconf 86' lang='lat' dir='ltr'><strong>primo</strong></span> <span class='ocrx_word' id='word_1_91' title='bbox 502 1427 580 1491; x_wconf 91' lang='lat' dir='ltr'><strong>ad</strong></span> <span class='ocrx_word' id='word_1_92' title='bbox 635 1427 934 1492; x_wconf 86' lang='lat' dir='ltr'><strong>edictum.</strong></span> <span class='ocrx_word' id='word_1_93' title='bbox 978 1463 1066 1473; x_wconf 89' lang='lat'>—</span> <span class='ocrx_word' id='word_1_94' title='bbox 1121 1425 1280 1490; x_wconf 91' lang='lat' dir='ltr'><strong>Post</strong></span> <span class='ocrx_word' id='word_1_95' title='bbox 1324 1425 1728 1509; x_wconf 78' lang='lat' dir='ltr'><strong>pubertatem</strong></span> <span class='ocrx_word' id='word_1_96' title='bbox 1777 1428 2129 1510; x_wconf 85' lang='lat' dir='ltr'><strong>quaeritur,</strong></span> <span class='ocrx_word' id='word_1_97' title='bbox 2175 1448 2261 1490; x_wconf 88' lang='lat' dir='ltr'><strong>an</strong></span> 
     </span>
     <span class='ocr_line' id='line_1_14' title="bbox 238 1513 2258 1600; baseline -0 -20"><span class='ocrx_word' id='word_1_98' title='bbox 238 1517 483 1580; x_wconf 89' lang='lat' dir='ltr'><strong>actoris</strong></span> <span class='ocrx_word' id='word_1_99' title='bbox 558 1519 775 1600; x_wconf 88' lang='lat' dir='ltr'><strong>partes</strong></span> <span class='ocrx_word' id='word_1_100' title='bbox 850 1516 1169 1579; x_wconf 89' lang='lat' dir='ltr'><strong>sustinere</strong></span> <span class='ocrx_word' id='word_1_101' title='bbox 1235 1513 1467 1577; x_wconf 88' lang='lat' dir='ltr'><strong>debeat</strong></span> <span class='ocrx_word' id='word_1_102' title='bbox 1531 1515 1641 1596; x_wconf 90' lang='lat' dir='ltr'><strong>qui</strong></span> <span class='ocrx_word' id='word_1_103' title='bbox 1705 1535 1783 1577; x_wconf 85' lang='lat' dir='ltr'><strong>ex</strong></span> <span class='ocrx_word' id='word_1_104' title='bbox 1847 1513 2258 1580; x_wconf 84' lang='lat' dir='ltr'><strong>Carboniano</strong></span> 
     </span>
     <span class='ocr_line' id='line_1_15' title="bbox 242 1604 2258 1687; baseline -0 -20"><span class='ocrx_word' id='word_1_105' title='bbox 242 1606 478 1668; x_wconf 88' lang='lat' dir='ltr'><strong>missus</strong></span> <span class='ocrx_word' id='word_1_106' title='bbox 546 1609 648 1667; x_wconf 86' lang='lat' dir='ltr'><strong>est</strong></span> <span class='ocrx_word' id='word_1_107' title='bbox 710 1605 777 1668; x_wconf 93' lang='lat' dir='ltr'><strong>in</strong></span> <span class='ocrx_word' id='word_1_108' title='bbox 839 1604 1335 1687; x_wconf 88' lang='lat' dir='ltr'><strong>possessionem.</strong></span> <span class='ocrx_word' id='word_1_109' title='bbox 1433 1607 1498 1665; x_wconf 85' lang='lat' dir='ltr'><strong>et</strong></span> <span class='ocrx_word' id='word_1_110' title='bbox 1559 1623 1938 1685; x_wconf 86' lang='lat' dir='ltr'><strong>responsum</strong></span> <span class='ocrx_word' id='word_1_111' title='bbox 2004 1607 2104 1667; x_wconf 82' lang='lat' dir='ltr'><strong>est</strong></span> <span class='ocrx_word' id='word_1_112' title='bbox 2163 1604 2258 1668; x_wconf 90' lang='lat' dir='ltr'><strong>rei</strong></span> 
     </span>
     <span class='ocr_line' id='line_1_16' title="bbox 240 1690 1970 1776; baseline 0.001 -20"><span class='ocrx_word' id='word_1_113' title='bbox 240 1699 459 1776; x_wconf 82' lang='lat' dir='ltr'><strong>partes</strong></span> <span class='ocrx_word' id='word_1_114' title='bbox 506 1713 651 1756; x_wconf 87' lang='lat' dir='ltr'><strong>eum</strong></span> <span class='ocrx_word' id='word_1_115' title='bbox 700 1694 1013 1756; x_wconf 84' lang='lat' dir='ltr'><strong>sustinere</strong></span> <span class='ocrx_word' id='word_1_116' title='bbox 1062 1690 1310 1773; x_wconf 90' lang='lat' dir='ltr'><strong>debere,</strong></span> <span class='ocrx_word' id='word_1_117' title='bbox 1357 1691 1630 1754; x_wconf 83' lang='lat' dir='ltr'><strong>maxime</strong></span> <span class='ocrx_word' id='word_1_118' title='bbox 1679 1691 1734 1754; x_wconf 91' lang='lat' dir='ltr'><strong>si</strong></span> <span class='ocrx_word' id='word_1_119' title='bbox 1782 1691 1970 1757; x_wconf 84' lang='lat' dir='ltr'><strong>cavit.</strong></span> 
     </span>
    </p>
   </div>
   <div class='ocr_carea' id='block_1_7' title="bbox 926 1851 1577 1932">
    <p class='ocr_par' dir='ltr' id='par_1_7' title="bbox 926 1851 1577 1932">
     <span class='ocr_line' id='line_1_17' title="bbox 926 1851 1577 1932; baseline -0.003 -16"><span class='ocrx_word' id='word_1_120' title='bbox 926 1851 1103 1932; x_wconf 75' lang='lat' dir='ltr'><strong>Quod</strong></span> <span class='ocrx_word' id='word_1_121' title='bbox 1142 1852 1205 1916; x_wconf 78' lang='lat' dir='ltr'><strong>vi</strong></span> <span class='ocrx_word' id='word_1_122' title='bbox 1248 1856 1362 1915; x_wconf 78' lang='lat' dir='ltr'><strong>aut</strong></span> <span class='ocrx_word' id='word_1_123' title='bbox 1403 1851 1577 1916; x_wconf 84' lang='lat' dir='ltr'><strong>clam.</strong></span> 
     </span>
    </p>
   </div>
   <div class='ocr_carea' id='block_1_8' title="bbox 239 1966 2262 2408">
    <p class='ocr_par' dir='ltr' id='par_1_8' title="bbox 239 1966 2262 2408">
     <span class='ocr_line' id='line_1_18' title="bbox 421 1966 2259 2052; baseline 0 -19"><span class='ocrx_word' id='word_1_124' title='bbox 421 1969 526 2034; x_wconf 84' lang='lat'><strong>56.</strong></span> <span class='ocrx_word' id='word_1_125' title='bbox 599 1968 677 2033; x_wconf 92' lang='lat' dir='ltr'><strong>D.</strong></span> <span class='ocrx_word' id='word_1_126' title='bbox 733 1968 838 2052; x_wconf 89' lang='grc'><strong>43,</strong></span> <span class='ocrx_word' id='word_1_127' title='bbox 898 1969 1003 2052; x_wconf 83' lang='grc'><strong>24,</strong></span> <span class='ocrx_word' id='word_1_128' title='bbox 1071 1967 1170 2051; x_wconf 90' lang='grc'><strong>18,</strong></span> <span class='ocrx_word' id='word_1_129' title='bbox 1238 1970 1291 2034; x_wconf 92' lang='grc'><strong>1.</strong></span> <span class='ocrx_word' id='word_1_130' title='bbox 1369 1966 1595 2032; x_wconf 87' lang='lat' dir='ltr'><strong>Celsus</strong></span> <span class='ocrx_word' id='word_1_131' title='bbox 1670 1968 1836 2031; x_wconf 90' lang='lat' dir='ltr'><strong>libro</strong></span> <span class='ocrx_word' id='word_1_132' title='bbox 1910 1968 2259 2034; x_wconf 81' lang='lat' dir='ltr'><strong>vicensimo</strong></span> 
     </span>
     <span class='ocr_line' id='line_1_19' title="bbox 239 2057 2258 2143; baseline -0.001 -21"><span class='ocrx_word' id='word_1_133' title='bbox 239 2060 469 2143; x_wconf 84' lang='lat' dir='ltr'><strong>quinto</strong></span> <span class='ocrx_word' id='word_1_134' title='bbox 534 2057 963 2142; x_wconf 80' lang='lat' dir='ltr'><strong>Digestorum.</strong></span> <span class='ocrx_word' id='word_1_135' title='bbox 1013 2093 1098 2103; x_wconf 93' lang='lat'><strong>—</strong></span> <span class='ocrx_word' id='word_1_136' title='bbox 1145 2105 1160 2121; x_wconf 91' lang='lat'>.</span> <span class='ocrx_word' id='word_1_137' title='bbox 1189 2108 1203 2121; x_wconf 93' lang='lat'>.</span> <span class='ocrx_word' id='word_1_138' title='bbox 1234 2105 1250 2121; x_wconf 96' lang='lat'>.</span> <span class='ocrx_word' id='word_1_139' title='bbox 1297 2078 1676 2139; x_wconf 89' lang='lat' dir='ltr'><strong>responsum</strong></span> <span class='ocrx_word' id='word_1_140' title='bbox 1725 2062 1852 2121; x_wconf 83' lang='lat' dir='ltr'><strong>est.</strong></span> <span class='ocrx_word' id='word_1_141' title='bbox 1919 2058 1974 2121; x_wconf 93' lang='lat' dir='ltr'><strong>si</strong></span> <span class='ocrx_word' id='word_1_142' title='bbox 2021 2059 2258 2143; x_wconf 84' lang='lat' dir='ltr'><strong>magis-</strong></span> 
     </span>
     <span class='ocr_line' id='line_1_20' title="bbox 242 2143 2262 2231; baseline -0.001 -20"><span class='ocrx_word' id='word_1_143' title='bbox 242 2151 490 2211; x_wconf 85' lang='lat' dir='ltr'><strong>tratum</strong></span> <span class='ocrx_word' id='word_1_144' title='bbox 536 2168 855 2231; x_wconf 84' lang='lat' dir='ltr'><strong>rogasses,</strong></span> <span class='ocrx_word' id='word_1_145' title='bbox 901 2152 972 2210; x_wconf 87' lang='lat' dir='ltr'><strong>ut</strong></span> <span class='ocrx_word' id='word_1_146' title='bbox 1010 2146 1449 2210; x_wconf 86' lang='lat' dir='ltr'><strong>adversarium</strong></span> <span class='ocrx_word' id='word_1_147' title='bbox 1486 2147 1671 2208; x_wconf 86' lang='lat' dir='ltr'><strong>tuum</strong></span> <span class='ocrx_word' id='word_1_148' title='bbox 1717 2146 1939 2210; x_wconf 89' lang='lat' dir='ltr'><strong>adesse</strong></span> <span class='ocrx_word' id='word_1_149' title='bbox 1983 2147 2054 2210; x_wconf 77' lang='lat' dir='ltr'><strong>in</strong></span> <span class='ocrx_word' id='word_1_150' title='bbox 2097 2143 2262 2210; x_wconf 79' lang='lat' dir='ltr'><strong>iure²</strong></span> 
     </span>
     <span class='ocr_line' id='line_1_21' title="bbox 244 2233 2259 2319; baseline 0 -20"><span class='ocrx_word' id='word_1_151' title='bbox 244 2235 511 2317; x_wconf 88' lang='lat' dir='ltr'><strong>iuberet,</strong></span> <span class='ocrx_word' id='word_1_152' title='bbox 565 2257 644 2298; x_wconf 94' lang='lat' dir='ltr'><strong>ne</strong></span> <span class='ocrx_word' id='word_1_153' title='bbox 702 2257 861 2319; x_wconf 91' lang='lat' dir='ltr'><strong>opus</strong></span> <span class='ocrx_word' id='word_1_154' title='bbox 920 2256 1157 2299; x_wconf 84' lang='lat' dir='ltr'><strong>novum</strong></span> <span class='ocrx_word' id='word_1_155' title='bbox 1216 2234 1342 2298; x_wconf 88' lang='lat' dir='ltr'><strong>tibi</strong></span> <span class='ocrx_word' id='word_1_156' title='bbox 1396 2233 1748 2317; x_wconf 75' lang='lat' dir='ltr'><strong>nuntiaret,</strong></span> <span class='ocrx_word' id='word_1_157' title='bbox 1803 2234 1969 2311; x_wconf 86' lang='lat' dir='ltr'><strong>clam</strong></span> <span class='ocrx_word' id='word_1_158' title='bbox 2024 2234 2259 2300; x_wconf 80' lang='lat' dir='ltr'><strong>videris</strong></span> 
     </span>
     <span class='ocr_line' id='line_1_22' title="bbox 242 2322 1486 2408; baseline -0.003 -19"><span class='ocrx_word' id='word_1_159' title='bbox 242 2347 407 2408; x_wconf 91' lang='lat' dir='ltr'><strong>opus</strong></span> <span class='ocrx_word' id='word_1_160' title='bbox 456 2323 683 2387; x_wconf 88' lang='lat' dir='ltr'><strong>fecisse</strong></span> <span class='ocrx_word' id='word_1_161' title='bbox 720 2323 891 2408; x_wconf 93' lang='lat' dir='ltr'><strong>quod</strong></span> <span class='ocrx_word' id='word_1_162' title='bbox 938 2323 1195 2386; x_wconf 75' lang='lat' dir='ltr'><strong>interim</strong></span> <span class='ocrx_word' id='word_1_163' title='bbox 1244 2322 1486 2387; x_wconf 72' lang='lat' dir='ltr'><strong>feceris</strong></span> 
     </span>
    </p>
   </div>
   <div class='ocr_carea' id='block_1_9' title="bbox 887 2478 1625 2562">
    <p class='ocr_par' dir='ltr' id='par_1_9' title="bbox 887 2478 1625 2562">
     <span class='ocr_line' id='line_1_23' title="bbox 887 2478 1625 2562; baseline 0.001 -17"><span class='ocrx_word' id='word_1_164' title='bbox 887 2478 987 2545; x_wconf 86' lang='lat' dir='ltr'><strong>De</strong></span> <span class='ocrx_word' id='word_1_165' title='bbox 1031 2502 1195 2562; x_wconf 80' lang='lat' dir='ltr'><strong>aqua</strong></span> <span class='ocrx_word' id='word_1_166' title='bbox 1242 2486 1300 2545; x_wconf 81' lang='lat' dir='ltr'><strong>et</strong></span> <span class='ocrx_word' id='word_1_167' title='bbox 1341 2482 1412 2545; x_wconf 86' lang='lat' dir='ltr'><strong>de</strong></span> <span class='ocrx_word' id='word_1_168' title='bbox 1455 2482 1625 2546; x_wconf 81' lang='lat' dir='ltr'><strong>rivis.</strong></span> 
     </span>
    </p>
   </div>
   <div class='ocr_carea' id='block_1_10' title="bbox 242 2591 2261 3461">
    <p class='ocr_par' dir='ltr' id='par_1_10' title="bbox 242 2591 2261 3461">
     <span class='ocr_line' id='line_1_24' title="bbox 424 2591 2251 2683; baseline 0 -22"><span class='ocrx_word' id='word_1_169' title='bbox 424 2596 554 2661; x_wconf 78' lang='lat'><strong>57?</strong></span> <span class='ocrx_word' id='word_1_170' title='bbox 598 2596 676 2660; x_wconf 89' lang='lat' dir='ltr'><strong>D.</strong></span> <span class='ocrx_word' id='word_1_171' title='bbox 714 2596 1037 2680; x_wconf 83' lang='lat'><strong>50‚13‚2.</strong></span> <span class='ocrx_word' id='word_1_172' title='bbox 1080 2594 1259 2659; x_wconf 90' lang='lat' dir='ltr'><strong>Idem</strong></span> <span class='ocrx_word' id='word_1_173' title='bbox 1297 2591 1414 2683; x_wconf 88' lang='lat' dir='ltr'><strong>(sc.</strong></span> <span class='ocrx_word' id='word_1_174' title='bbox 1459 2594 1802 2681; x_wconf 87' lang='lat' dir='ltr'><strong>Ulpianus)</strong></span> <span class='ocrx_word' id='word_1_175' title='bbox 1842 2597 2005 2660; x_wconf 91' lang='lat' dir='ltr'><strong>libro</strong></span> <span class='ocrx_word' id='word_1_176' title='bbox 2042 2598 2251 2680; x_wconf 90' lang='lat' dir='ltr'><strong>primo</strong></span> 
     </span>
     <span class='ocr_line' id='line_1_25' title="bbox 244 2645 2261 2769; baseline -0.001 -17"><span class='ocrx_word' id='word_1_177' title='bbox 244 2685 659 2769; x_wconf 89' lang='lat' dir='ltr'><strong>Opinionum.</strong></span> <span class='ocrx_word' id='word_1_178' title='bbox 693 2721 781 2731; x_wconf 92' lang='grc'><strong>-</strong></span> <span class='ocrx_word' id='word_1_179' title='bbox 799 2645 950 2748; x_wconf 59' lang='lat' dir='ltr'><strong>&#39;&#39;De</strong></span> <span class='ocrx_word' id='word_1_180' title='bbox 960 2706 1079 2749; x_wconf 91' lang='lat' dir='ltr'><strong>usu</strong></span> <span class='ocrx_word' id='word_1_181' title='bbox 1118 2706 1339 2768; x_wconf 90' lang='lat' dir='ltr'><strong>aquae,</strong></span> <span class='ocrx_word' id='word_1_182' title='bbox 1384 2683 1461 2749; x_wconf 90' lang='lat' dir='ltr'><strong>de</strong></span> <span class='ocrx_word' id='word_1_183' title='bbox 1497 2685 1652 2749; x_wconf 87' lang='lat' dir='ltr'><strong>rivis</strong></span> <span class='ocrx_word' id='word_1_184' title='bbox 1690 2686 1876 2750; x_wconf 86' lang='lat' dir='ltr'><strong>novis</strong></span> <span class='ocrx_word' id='word_1_185' title='bbox 1913 2684 2261 2749; x_wconf 81' lang='lat' dir='ltr'><strong>inciviliter</strong></span> 
     </span>
     <span class='ocr_line' id='line_1_26' title="bbox 246 2773 2259 2875; baseline -0 -36"><span class='ocrx_word' id='word_1_186' title='bbox 246 2775 587 2858; x_wconf 84' lang='lat' dir='ltr'><strong>institutis,</strong></span> <span class='ocrx_word' id='word_1_187' title='bbox 650 2774 808 2837; x_wconf 92' lang='lat' dir='ltr'><strong>item</strong></span> <span class='ocrx_word' id='word_1_188' title='bbox 872 2773 949 2837; x_wconf 90' lang='lat' dir='ltr'><strong>de</strong></span> <span class='ocrx_word' id='word_1_189' title='bbox 1014 2773 1193 2856; x_wconf 89' lang='lat' dir='ltr'><strong>equis</strong></span> <span class='ocrx_word' id='word_1_190' title='bbox 1258 2773 1484 2837; x_wconf 87' lang='lat' dir='ltr'><strong>alienis</strong></span> <span class='ocrx_word' id='word_1_191' title='bbox 1541 2795 1580 2836; x_wconf 88' lang='lat' dir='ltr'><strong>a</strong></span> <span class='ocrx_word' id='word_1_192' title='bbox 1635 2774 1874 2839; x_wconf 84' lang='lat' dir='ltr'><strong>sciente</strong></span> <span class='ocrx_word' id='word_1_193' title='bbox 1941 2774 2259 2875; x_wconf 87' lang='lat' dir='ltr'><strong>possessis</strong></span> 
     </span>
     <span class='ocr_line' id='line_1_27' title="bbox 244 2862 2260 2964; baseline -0 -36"><span class='ocrx_word' id='word_1_194' title='bbox 244 2865 507 2947; x_wconf 88' lang='lat' dir='ltr'><strong>fetuque</strong></span> <span class='ocrx_word' id='word_1_195' title='bbox 547 2884 785 2964; x_wconf 80' lang='lat' dir='ltr'><strong>earum,</strong></span> <span class='ocrx_word' id='word_1_196' title='bbox 816 2862 976 2926; x_wconf 89' lang='lat' dir='ltr'><strong>etde</strong></span> <span class='ocrx_word' id='word_1_197' title='bbox 1005 2862 1237 2926; x_wconf 86' lang='lat' dir='ltr'><strong>damno</strong></span> <span class='ocrx_word' id='word_1_198' title='bbox 1277 2862 1431 2926; x_wconf 91' lang='lat' dir='ltr'><strong>dato</strong></span> <span class='ocrx_word' id='word_1_199' title='bbox 1460 2884 1576 2946; x_wconf 90' lang='lat' dir='ltr'><strong>per</strong></span> <span class='ocrx_word' id='word_1_200' title='bbox 1612 2863 1939 2927; x_wconf 84' lang='lat' dir='ltr'><strong>immissos</strong></span> <span class='ocrx_word' id='word_1_201' title='bbox 1978 2863 2045 2926; x_wconf 89' lang='lat' dir='ltr'><strong>in</strong></span> <span class='ocrx_word' id='word_1_202' title='bbox 2076 2884 2260 2946; x_wconf 90' lang='lat' dir='ltr'><strong>prae-</strong></span> 
     </span>
     <span class='ocr_line' id='line_1_28' title="bbox 242 2951 2261 3036; baseline -0.001 -18"><span class='ocrx_word' id='word_1_203' title='bbox 242 2954 423 3018; x_wconf 88' lang='lat' dir='ltr'><strong>dium</strong></span> <span class='ocrx_word' id='word_1_204' title='bbox 452 2975 637 3016; x_wconf 90' lang='lat' dir='ltr'><strong>suum</strong></span> <span class='ocrx_word' id='word_1_205' title='bbox 658 2952 990 3016; x_wconf 83' lang='lat' dir='ltr'><strong>universos</strong></span> <span class='ocrx_word' id='word_1_206' title='bbox 1009 2951 1301 3015; x_wconf 90' lang='lat' dir='ltr'><strong>homines</strong></span> <span class='ocrx_word' id='word_1_207' title='bbox 1323 2973 1449 3034; x_wconf 73' lang='grc' dir='ltr'><strong>θοε,</strong></span> <span class='ocrx_word' id='word_1_208' title='bbox 1471 2952 1582 3034; x_wconf 91' lang='lat' dir='ltr'><strong>qui</strong></span> <span class='ocrx_word' id='word_1_209' title='bbox 1601 2953 1669 3016; x_wconf 91' lang='lat' dir='ltr'><strong>in</strong></span> <span class='ocrx_word' id='word_1_210' title='bbox 1696 2952 1977 3036; x_wconf 89' lang='lat' dir='ltr'><strong>plurium</strong></span> <span class='ocrx_word' id='word_1_211' title='bbox 1994 2952 2261 3034; x_wconf 88' lang='lat' dir='ltr'><strong>praedia</strong></span> 
     </span>
     <span class='ocr_line' id='line_1_29' title="bbox 244 3039 2260 3123; baseline 0 -18"><span class='ocrx_word' id='word_1_212' title='bbox 244 3041 547 3107; x_wconf 86' lang='lat' dir='ltr'><strong>distribui</strong></span> <span class='ocrx_word' id='word_1_213' title='bbox 612 3040 986 3123; x_wconf 89' lang='lat' dir='ltr'><strong>debuerunt,</strong></span> <span class='ocrx_word' id='word_1_214' title='bbox 1051 3039 1109 3103; x_wconf 93' lang='lat' dir='ltr'><strong>si</strong></span> <span class='ocrx_word' id='word_1_215' title='bbox 1173 3040 1362 3104; x_wconf 95' lang='lat' dir='ltr'><strong>modo</strong></span> <span class='ocrx_word' id='word_1_216' title='bbox 1419 3040 1483 3103; x_wconf 92' lang='lat' dir='ltr'><strong>id</strong></span> <span class='ocrx_word' id='word_1_217' title='bbox 1548 3062 1678 3105; x_wconf 91' lang='lat' dir='ltr'><strong>non</strong></span> <span class='ocrx_word' id='word_1_218' title='bbox 1733 3062 1811 3104; x_wconf 85' lang='lat' dir='ltr'><strong>ex</strong></span> <span class='ocrx_word' id='word_1_219' title='bbox 1875 3041 2260 3106; x_wconf 84' lang='lat' dir='ltr'><strong>auctoritate</strong></span> 
     </span>
     <span class='ocr_line' id='line_1_30' title="bbox 245 3127 2259 3214; baseline -0.001 -18"><span class='ocrx_word' id='word_1_220' title='bbox 245 3132 381 3196; x_wconf 88' lang='lat' dir='ltr'><strong>eius</strong></span> <span class='ocrx_word' id='word_1_221' title='bbox 438 3130 551 3214; x_wconf 93' lang='lat' dir='ltr'><strong>qui</strong></span> <span class='ocrx_word' id='word_1_222' title='bbox 603 3130 821 3193; x_wconf 89' lang='lat' dir='ltr'><strong>iubere</strong></span> <span class='ocrx_word' id='word_1_223' title='bbox 866 3130 1084 3213; x_wconf 86' lang='lat' dir='ltr'><strong>potuit</strong></span> <span class='ocrx_word' id='word_1_224' title='bbox 1126 3127 1369 3193; x_wconf 85' lang='lat' dir='ltr'><strong>factum</strong></span> <span class='ocrx_word' id='word_1_225' title='bbox 1416 3134 1542 3212; x_wconf 90' lang='lat' dir='ltr'><strong>est,</strong></span> <span class='ocrx_word' id='word_1_226' title='bbox 1596 3129 1955 3213; x_wconf 87' lang='lat' dir='ltr'><strong>praesidem</strong></span> <span class='ocrx_word' id='word_1_227' title='bbox 2001 3131 2259 3214; x_wconf 85' lang='lat' dir='ltr'><strong>provin-</strong></span> 
     </span>
     <span class='ocr_line' id='line_1_31' title="bbox 244 3218 2257 3302; baseline -0.001 -18"><span class='ocrx_word' id='word_1_228' title='bbox 244 3221 381 3284; x_wconf 90' lang='lat' dir='ltr'><strong>ciae</strong></span> <span class='ocrx_word' id='word_1_229' title='bbox 445 3219 655 3285; x_wconf 89' lang='lat' dir='ltr'><strong>doceri</strong></span> <span class='ocrx_word' id='word_1_230' title='bbox 710 3223 1004 3302; x_wconf 88' lang='lat' dir='ltr'><strong>oportere</strong></span> <span class='ocrx_word' id='word_1_231' title='bbox 1058 3239 1440 3302; x_wconf 88' lang='lat' dir='ltr'><strong>responsum</strong></span> <span class='ocrx_word' id='word_1_232' title='bbox 1495 3220 1622 3302; x_wconf 88' lang='lat' dir='ltr'><strong>est,</strong></span> <span class='ocrx_word' id='word_1_233' title='bbox 1674 3223 1748 3282; x_wconf 85' lang='lat' dir='ltr'><strong>ut</strong></span> <span class='ocrx_word' id='word_1_234' title='bbox 1801 3219 1857 3283; x_wconf 92' lang='lat' dir='ltr'><strong>is</strong></span> <span class='ocrx_word' id='word_1_235' title='bbox 1911 3218 2257 3283; x_wconf 89' lang='lat' dir='ltr'><strong>secundum</strong></span> 
     </span>
     <span class='ocr_line' id='line_1_32' title="bbox 246 3306 2261 3392; baseline -0.001 -19"><span class='ocrx_word' id='word_1_236' title='bbox 246 3309 340 3373; x_wconf 87' lang='lat' dir='ltr'><strong>rei</strong></span> <span class='ocrx_word' id='word_1_237' title='bbox 386 3308 775 3392; x_wconf 85' lang='lat' dir='ltr'><strong>aequitatem</strong></span> <span class='ocrx_word' id='word_1_238' title='bbox 830 3310 896 3371; x_wconf 89' lang='lat' dir='ltr'><strong>et</strong></span> <span class='ocrx_word' id='word_1_239' title='bbox 940 3306 1402 3373; x_wconf 88' lang='lat' dir='ltr'><strong>iurisdictionis</strong></span> <span class='ocrx_word' id='word_1_240' title='bbox 1449 3307 1737 3372; x_wconf 90' lang='lat' dir='ltr'><strong>ordinem</strong></span> <span class='ocrx_word' id='word_1_241' title='bbox 1775 3307 2261 3373; x_wconf 80' lang='lat' dir='ltr'><strong>convenientem</strong></span> 
     </span>
     <span class='ocr_line' id='line_1_33' title="bbox 245 3395 839 3461; baseline 0.003 -2"><span class='ocrx_word' id='word_1_242' title='bbox 245 3397 518 3461; x_wconf 79' lang='lat' dir='ltr'><strong>formam</strong></span> <span class='ocrx_word' id='word_1_243' title='bbox 564 3418 668 3461; x_wconf 90' lang='lat' dir='ltr'><strong>res</strong></span> <span class='ocrx_word' id='word_1_244' title='bbox 714 3395 839 3461; x_wconf 84' lang='lat' dir='ltr'><strong>det.</strong></span> 
     </span>
    </p>
   </div>
   <div class='ocr_carea' id='block_1_11' title="bbox 352 3525 1838 3677">
    <p class='ocr_par' dir='ltr' id='par_1_11' title="bbox 352 3525 1838 3677">
     <span class='ocr_line' id='line_1_34' title="bbox 393 3525 1044 3582; baseline 0 -3"><span class='ocrx_word' id='word_1_245' title='bbox 393 3532 421 3579; x_wconf 91' lang='lat'>1</span> <span class='ocrx_word' id='word_1_246' title='bbox 466 3527 616 3582; x_wconf 78' lang='lat' dir='ltr'><strong>Trib.</strong></span> <span class='ocrx_word' id='word_1_247' title='bbox 654 3527 724 3581; x_wconf 85' lang='lat' dir='ltr'><strong>ad</strong></span> <span class='ocrx_word' id='word_1_248' title='bbox 760 3525 1044 3580; x_wconf 87' lang='lat' dir='ltr'><strong>iudicium.</strong></span> 
     </span>
     <span class='ocr_line' id='line_1_35' title="bbox 352 3620 1838 3677; baseline 0.002 -13"><span class='ocrx_word' id='word_1_249' title='bbox 352 3624 545 3674; x_wconf 78' lang='lat' dir='ltr'><strong>Iurispr.</strong></span> <span class='ocrx_word' id='word_1_250' title='bbox 575 3626 809 3668; x_wconf 78' lang='lat' dir='ltr'><strong>antehadr.</strong></span> <span class='ocrx_word' id='word_1_251' title='bbox 838 3626 935 3667; x_wconf 83' lang='lat' dir='ltr'><strong>rell.</strong></span> <span class='ocrx_word' id='word_1_252' title='bbox 964 3627 1033 3667; x_wconf 85' lang='lat' dir='ltr'><strong>sd.</strong></span> <span class='ocrx_word' id='word_1_253' title='bbox 1062 3626 1261 3667; x_wconf 82' lang='lat' dir='ltr'><strong>Bremer.</strong></span> <span class='ocrx_word' id='word_1_254' title='bbox 1303 3625 1366 3677; x_wconf 87' lang='grc' dir='ltr'><strong>ΙΙ,</strong></span> <span class='ocrx_word' id='word_1_255' title='bbox 1386 3627 1424 3665; x_wconf 83' lang='lat'><strong>2.</strong></span> <span class='ocrx_word' id='word_1_256' title='bbox 1769 3620 1838 3667; x_wconf 80' lang='lat'><strong>34</strong></span> 
     </span>
    </p>
   </div>
  </div>
 </body>
</html>
