2575 3900
989 188 1038 238 9.
1076 183 1489 239 ATILICINUS
2121 184 2246 249 189

203 348 435 411 nostra
488 347 953 413 constitutione
997 347 1263 412 heredes
1311 368 1422 413 eos
1466 346 1805 413 instituere
1851 347 2242 432 permissum

207 440 325 501 est.
382 436 554 519 quod
581 458 714 502 non
741 458 859 521 per
877 436 1363 502 innovationem
1383 435 1770 519 induximuS‚
1799 437 1911 501 sed
1931 438 2241 522 quoniam

207 528 275 589 et
310 524 575 609 aequius
614 529 757 591 erat
792 529 859 590 et
888 525 1197 591 Atilicino
1234 526 1557 609 placuisse
1587 526 1825 590 Paulus
1865 528 1999 591 suis
2036 527 2243 612 libris,

207 635 367 698 quos
422 618 560 678 tam
616 614 697 679 ad
754 614 1107 680 Masurium
1165 612 1479 679 Sabinum
1536 636 1728 699 quarn
1787 615 1868 679 ad
1913 614 2245 682 Plautium

210 702 503 788 scripsit,
546 703 767 767 refert.

387 794 580 865 Quam
634 796 1032 858 Tribonianus
1095 798 1544 858 innovationem
1596 816 1718 857 non
1771 816 1903 859 esse
1958 798 2246 877 declarat,

207 904 344 944 eam
404 887 502 945 vel
557 886 847 946 Antonini
906 886 1021 969 Pii¹
1063 888 1264 946 aetate
1329 905 1366 946 a
1418 886 1722 963 plerisque
1776 887 2062 947 reiectam
2119 907 2245 949 esse

208 974 339 1034 Gai.
380 976 438 1048 2,
480 977 828 1036 185—187
893 974 1081 1036 docet.
1181 976 1329 1035 haec
1393 975 1553 1034 enim
1608 976 1720 1035 ait:
1795 970 1978 1036 ‘sicut
2042 981 2246 1037 autem

206 1062 387 1147 liberi
423 1064 713 1144 homines,
747 1064 837 1123 ita
874 1068 936 1123 et
972 1064 1145 1138 servi,
1174 1067 1304 1123 tam
1331 1065 1524 1124 nostri
1551 1084 1730 1142 quam
1759 1064 1957 1141 alieni,
1997 1066 2246 1127 heredes

208 1151 392 1211 scribi
437 1156 704 1228 possunt.
788 1153 893 1213 sed
937 1156 1144 1213 noster
1190 1171 1401 1214 servus
1448 1154 1628 1212 simu]
1675 1158 1736 1213 et
1782 1154 1936 1213 liber
1971 1157 2034 1214 et
2071 1156 2245 1217 heres

206 1259 341 1299 esse
386 1240 583 1305 iuberi
628 1242 822 1318 debet,
872 1241 936 1300 id
979 1244 1075 1301 est
1116 1242 1230 1303 hoc
1275 1243 1452 1302 modo
1503 1237 1768 1301 ‘Stichus
1816 1261 2025 1302 servus
2073 1263 2244 1307 meus

205 1329 365 1389 liber
424 1331 718 1408 heresque
782 1323 933 1390 esto'
988 1332 1089 1390 vel
1145 1325 1343 1390 ‘heres
1396 1331 1667 1408 liberque
1723 1326 1896 1391 esto’.
1995 1351 2138 1392 nam
2193 1335 2247 1394 si

208 1418 338 1477 sine
391 1418 672 1478 libertate
725 1420 897 1479 heres
950 1419 1269 1479 institutus
1326 1420 1432 1495 sit,
1487 1419 1724 1479 etiamsi
1772 1423 1984 1495 postea
2028 1441 2237 1482 manu-

208 1506 431 1566 missus
484 1508 672 1567 fuerit
721 1526 758 1566 a
802 1507 1069 1585 domino,
1122 1509 1296 1567 heres
1345 1526 1475 1567 esse
1520 1526 1641 1567 non
1683 1511 1909 1583 potest,
1966 1510 2108 1586 quia
2153 1512 2246 1573 in-

208 1594 451 1655 stitutio
513 1596 577 1654 in
639 1614 895 1671 persona
949 1596 1075 1656 eius
1128 1615 1250 1656 non
1305 1591 1616 1657 constitit?
1715 1598 1785 1656 cf.
1829 1600 1886 1676 2,
1932 1601 2059 1660 154
2117 1594 2245 1677 ‘qui

207 1685 534 1744 facultates
590 1704 729 1744 suas
786 1688 1094 1761 suspectas
1150 1685 1359 1760 habet,
1418 1686 1572 1746 solet
1626 1704 1866 1746 servum
1913 1705 2091 1748 suum
2137 1737 2150 1749 .
2187 1734 2200 1749 .
2231 1734 2247 1751 .

205 1774 469 1833 liberum
512 1767 685 1851 <esse
729 1770 979 1853 iubere>
1024 1778 1088 1834 et
1131 1775 1410 1835 heredem
1454 1769 1792 1834 instituere'
1841 1823 1854 1835 .
1887 1824 1942 1836 ..

388 1861 663 1923 Atilicini
707 1863 1007 1923 contraria
1052 1864 1354 1923 sententia
1390 1861 1539 1923 Gaio
1576 1865 1731 1924 teste
1776 1864 1872 1924 ius
1922 1885 2040 1942 quo
2080 1868 2242 1929 cives

210 1951 570 2030 utebantur,
634 1952 882 2012 dubium
944 1953 1193 2013 reddere
1255 1958 1388 2013 tum
1450 1973 1570 2013 non
1630 1956 1887 2030 poterat.
1987 1960 2246 2032 posteris

210 2041 450 2100 demum
508 2041 906 2120 temporibus,
958 2045 1032 2101 ut
1086 2041 1354 2102 conicere
1409 2041 1576 2116 licet,
1633 2041 1841 2102 Severi
1889 2047 2117 2121 aetate,
2176 2067 2248 2107 ex

211 2129 487 2189 Atilicini
533 2130 831 2190 sententia
875 2131 1186 2191 altercatio
1234 2134 1444 2191 exorta
1487 2134 1596 2192 est.
1677 2131 2049 2194 Iustinianus
2089 2137 2247 2196 enim

208 2213 308 2297 (O.
341 2221 398 2292 6,
428 2219 531 2296 27,
562 2209 633 2300 5)
672 2219 820 2278 haec
866 2212 1079 2280 refert:
1128 2215 1406 2290 ‘Quidam
1451 2239 1586 2280 cum
1631 2222 2062 2283 testamentum
2107 2243 2245 2286 con-

211 2307 413 2382 deret,
469 2307 704 2367 duobus
758 2307 1078 2368 heredibus
1134 2309 1375 2384 scriptis
1430 2328 1618 2368 unum
1667 2310 1910 2386 quidem
1957 2331 2028 2370 ex
2072 2318 2246 2389 parte

208 2395 505 2474 instituit,
569 2413 810 2456 servum
862 2399 1066 2456 autem
1121 2415 1322 2474 suum,
1385 2398 1554 2457 cuius
1609 2401 1672 2456 et
1725 2417 1943 2458 nomen
1997 2401 2245 2482 addidit,

214 2504 287 2544 ex
340 2485 578 2561 reliqua
628 2487 801 2561 parte
856 2486 983 2544 sine
1038 2486 1319 2546 libertate
1375 2486 1616 2563 scripsit
1669 2487 1951 2547 heredem
2007 2535 2020 2548 .
2061 2535 2076 2548 .
2117 2540 2128 2551 .
2185 2497 2248 2552 et

211 2574 622 2650 dubitabatur,
660 2575 715 2634 si
746 2574 1090 2652 huiusmodi
1128 2617 1143 2632 .
1164 2621 1176 2634 .
1200 2619 1214 2634 .
1250 2574 1556 2634 institutio
1593 2574 1828 2652 aliquas
1855 2577 2014 2637 vires
2041 2584 2247 2654 potest

211 2663 433 2722 habere
488 2706 505 2723 .
536 2708 592 2722 ..
647 2665 820 2722 tanta
872 2663 1033 2723 inter
1083 2667 1319 2722 veteres
1375 2667 1584 2722 exorta
1637 2666 1730 2723 est
1784 2666 2085 2727 contentio
2100 2713 2116 2744 ,
2175 2675 2246 2729 ut

210 2750 315 2810 vix
365 2750 648 2827 possibile
703 2751 785 2810 sit
831 2752 1025 2812 videri
1068 2752 1321 2811 eandem
1366 2751 1635 2811 decidere
1682 2795 1696 2809 .
1727 2797 1741 2812 .
1773 2799 1786 2811 .
1833 2772 1968 2812 cum
2010 2761 2244 2820 veteres

210 2843 276 2898 et
348 2839 532 2898 aliam
602 2843 1045 2916 proposuerunt
1108 2840 1565 2919 ambiguitatem
1629 2839 1920 2920 dicenteS,
1993 2845 2046 2903 si
2109 2848 2244 2924 quis

208 2947 453 2988 servum
517 2947 693 2988 suum
756 2929 820 2988 in
883 2931 1244 2990 testamento
1310 2929 1552 3006 quidem
1611 2929 1895 2990 heredem
1948 2951 2020 2992 ex
2074 2940 2245 3013 parte

210 3017 341 3077 sine
388 3017 669 3077 libertate
714 3018 1063 3096 scripsisset,
1108 3018 1173 3078 in
1216 3019 1511 3078 codicillis·
1553 3022 1760 3079 autem
1803 3020 2150 3083 libertatem
2187 3028 2244 3086 ei

209 3105 577 3183 reliquisset,
620 3107 672 3166 si
708 3107 903 3183 possit
936 3107 1241 3168 institutio
1276 3109 1480 3168 valere
1519 3152 1534 3168 .
1553 3151 1570 3167 .
1589 3101 1628 3167 .'
1701 3108 1906 3186 itaque
1945 3102 2245 3195 ‘veteres',

210 3214 470 3272 quorum
532 3195 756 3254 mentio
820 3195 912 3271 fit,
976 3196 1146 3256 tertii
1202 3197 1446 3257 demum
1501 3197 1726 3257 saeculi
1779 3197 1930 3258 iuris
1985 3205 2246 3264 consulti

209 3282 495 3344 videntur
523 3283 730 3343 fuisse.
801 3288 963 3344 certe
1000 3305 1051 3346 a.
1076 3288 1204 3346 260
1239 3286 1431 3363 Impp.
1450 3285 1810 3346 Valerianus
1839 3289 1902 3346 et
1931 3287 2240 3352 Gallienus

209 3372 486 3432 referunt
523 3365 613 3452 (G.
640 3375 693 3446 7,
714 3376 775 3452 4,
798 3366 937 3454 10):
990 3368 1132 3435 ‘etsi
1174 3395 1298 3435 non
1333 3375 1636 3451 adscripta
1669 3375 1954 3435 libertate
1991 3380 2244 3440 testator

212 3479 458 3521 servum
514 3479 689 3520 suum
736 3464 1002 3522 tutorem
1045 3463 1185 3523 filiis
1232 3464 1356 3523 suis
1404 3464 1660 3540 dederit,
1717 3468 2089 3539 receptum
2136 3474 2245 3528 est

210 3553 277 3610 et
322 3549 627 3610 libertatis
676 3553 739 3610 et
784 3553 1152 3630 pupillorum
1197 3552 1423 3629 favore,
1469 3555 1539 3612 ut
1578 3571 1689 3629 per
1721 3551 2248 3616 fideicommissum
