2575 3900
343 192 471 257 372
544 192 612 249 V.
638 190 936 247 NERVAE
972 190 1068 245 ΕΤ
1103 189 1411 245 TRAIANI
1446 190 1665 247 TEMP.
1700 188 1892 245 IURIS
1930 188 2295 246 CONSULTI

1017 423 1118 489 De
1159 425 1297 489 iure
1337 425 1697 491 vicinorum.

527 568 630 633 14.
685 566 770 632 D.
792 568 853 649 8,
878 567 938 648 5,
968 567 1028 647 8,
1055 566 1116 632 5.
1204 565 1530 651 Ulpianus
1579 566 1747 631 libro
1794 568 2068 651 septimo
2116 566 2374 632 decimo

350 657 431 723 ad
468 656 746 722 edictum
783 654 884 742 (P.
903 652 1083 740 601).
1116 691 1191 702 —
1226 654 1452 721 Aristo
1481 654 1760 722 Cerellio
1787 653 1998 720 Vitali
2035 656 2375 739 respondit

348 767 481 812 non
527 750 755 829 putare
803 766 870 809 se
917 765 995 809 ex
1031 745 1304 809 taberna
1340 744 1613 809 casiaria
1648 744 1897 809 fumum
1934 745 2001 809 in
2039 745 2375 829 superiora

351 834 696 900 aedificia
677 854 814 899 iure
850 833 1118 898 immitti
1152 854 1365 918 posse,
1400 834 1526 897 nisi
1564 834 1623 898 ei
1654 834 1751 898 rei
1778 832 2136 918 <serviunt3
2174 834 2377 917 nam>

351 923 724 989 servitutem
767 922 966 987 talem
1003 922 1305 987 admittit.
1378 921 1671 1006 idemque
1709 921 1829 987 ait.
1863 926 1923 987 et
1954 942 2029 987 ex
2060 923 2379 1004 superiore

348 1015 420 1077 in
471 1012 774 1093 inferiora
825 1031 952 1077 non
1003 1031 1264 1095 aquam,
1316 1032 1443 1075 non
1490 1012 1644 1093 quid
1684 1010 1864 1076 aliud
1902 1012 2157 1075 immitti
2202 1011 2377 1089 licet‚·

350 1104 422 1166 in
482 1121 592 1166 suo
654 1102 820 1165 enim
880 1101 1000 1165 alii
1050 1101 1341 1165 hactenus
1389 1100 1593 1181 facere
1646 1100 1805 1182 licet,
1858 1105 2159 1182 ρααέεηαε
2210 1061 2379 1165 nihi'l

349 1194 422 1255 in
482 1192 757 1256 alienum
818 1190 1137 1268 immittat,
1209 1188 1374 1253 fumi
1448 1191 1665 1253 autem
1728 1189 1895 1256 sicut
1956 1209 2162 1274 aquae
2231 1210 2375 1253 esse

352 1280 842 1345 immissionem.
930 1300 1118 1362 posse
1172 1278 1377 1363 igitur
1430 1277 1824 1361 superiorem
1870 1298 2015 1342 cum
2062 1276 2375 1343 inferiore

353 1389 543 1455 agere
588 1369 688 1433 ius
733 1366 830 1431 illi
867 1387 998 1432 non
1035 1388 1176 1431 esse
1213 1365 1281 1430 id
1317 1366 1413 1429 ita
1448 1365 1680 1431 facere.
1753 1364 2058 1431 Alfenum
2096 1365 2375 1451 denique

354 1457 635 1523 scribere
701 1456 793 1520 ait
857 1476 1046 1539 posse
1101 1456 1194 1519 ita
1247 1455 1381 1539 agi:
1435 1454 1535 1519 ius
1598 1453 1697 1518 illi
1749 1475 1880 1519 non
1936 1476 2075 1519 esse
2129 1454 2201 1519 in
2254 1477 2373 1521 suo

352 1545 632 1630 lapidem
668 1544 946 1629 caedere,
981 1547 1054 1608 ut
1092 1544 1159 1609 in
1190 1564 1405 1608 meum
1430 1542 1703 1608 fundum
1728 1541 2095 1645 fragmenta
2121 1542 2374 1609 cadant.

352 1634 508 1700 dicit
569 1634 770 1718 igitur
825 1633 1048 1698 Aristo
1114 1654 1286 1714 eum,
1350 1633 1461 1716 qui
1523 1632 1859 1696 tabernam
1922 1632 2268 1698 casiariam
2336 1655 2376 1697 a

351 1722 902 1788 Minturnensibus
959 1721 1289 1804 conduxit,
1345 1744 1384 1785 a
1435 1720 1762 1804 superiore
1806 1720 2135 1804 prohiberi
2178 1742 2373 1806 posse

352 1812 604 1877 fumum
665 1810 1040 1894 immittere,
1105 1810 1215 1875 sed
1271 1808 1748 1874 Minturnenses
1809 1809 1871 1874 ei
1924 1830 2003 1874 ex
2058 1809 2373 1876 conducto

353 1900 586 1982 teneri3
633 1898 864 1984 agique
911 1900 1003 1965 sic
1044 1918 1234 1984 posse
1270 1897 1428 1964 dicit
1465 1919 1611 1964 cum
1649 1918 1744 1982 eo,
1791 1898 1902 1983 qui
1940 1919 2085 1964 eum
2121 1898 2373 1965 fumum

353 1989 684 2073 immittat,
727 1989 828 2053 ius
875 1989 933 2052 ei
978 2010 1111 2053 non
1159 2009 1299 2054 esse
1340 1988 1589 2053 fumum
1626 1986 1994 2054 immittere.
2069 2009 2222 2073 ergo
2258 2011 2375 2074 per

355 2077 752 2144 contrarium
790 2077 898 2161 agi
932 2077 1175 2161 poterit
1209 2077 1312 2142 ius
1351 2099 1491 2142 esse
1520 2075 1766 2141 fumum
1794 2076 2164 2162 immittere,
2200 2079 2372 2163 quod

358 2172 423 2232 et
466 2167 679 2251 ipsum
726 2165 978 2230 videtur
1021 2166 1244 2231 Aristo
1292 2165 1583 2250 probare.

535 2296 608 2356 cf.
655 2296 726 2355 D.
766 2297 824 2374 8,
863 2297 920 2369 5,
969 2295 1027 2373 8,
1067 2297 1103 2355 6
1159 2294 1296 2372 Ulp.
1336 2295 1375 2353 l.
1402 2294 1576 2354 XVII
1638 2294 1716 2354 ad
1770 2296 1859 2356 ed.
1952 2289 2156 2372 ‘Apud
2202 2295 2373 2356 Pom-

356 2385 609 2462 ponium
658 2384 969 2445 dubitatur
1020 2384 1174 2444 libro
1230 2383 1723 2462 quadragensimo
1767 2383 1959 2460 primo
2005 2385 2374 2464 Lectionum,

358 2493 436 2535 an
481 2475 612 2552 quis
657 2474 849 2550 possit
891 2474 980 2533 ita
1024 2491 1228 2551 agere:
1275 2473 1456 2533 licere
1492 2473 1727 2532 fumum
1760 2492 1879 2533 non
1914 2492 2178 2550 gravem,
2224 2476 2375 2549 puta

359 2582 431 2622 ex
473 2564 625 2640 foco,
672 2564 736 2622 in
780 2580 888 2622 suo
932 2563 1129 2622 facere
1176 2565 1284 2621 aut
1327 2580 1449 2621 non
1492 2562 1685 2622 licere.
1776 2564 1839 2622 et
1883 2563 1969 2622 ait
2013 2562 2208 2640 magis
2255 2581 2373 2622 non

357 2671 533 2729 posse
581 2652 682 2729 agi
728 2699 740 2712 .
772 2699 784 2712 .
817 2645 855 2712 .'

949 2874 1051 2941 De
1079 2875 1495 2959 piyneraticia
1535 2876 1783 2940 actione.

542 3018 641 3083 15.
697 3016 776 3081 D.
804 3017 907 3100 20,
937 3017 996 3099 3,
1024 3017 1085 3082 3.
1168 3016 1411 3080 Paulus
1456 3016 1621 3081 libro
1672 3016 1863 3081 tertio
1911 3015 2371 3093 Quaestionum

361 3105 462 3192 (P.
505 3105 671 3170 1307
678 3104 722 3190 ).
774 3141 848 3153 -
901 3104 1124 3170 Aristo
1179 3103 1451 3170 Neratio
1507 3104 1729 3170 Prisco
1786 3104 2069 3190 scripsit:
2132 3105 2373 3170 etiamsi

359 3197 453 3260 ita
496 3197 872 3259 contractum
915 3195 1013 3277 sit,
1056 3199 1128 3258 ut
1168 3195 1517 3260 antecedens
1560 3193 1980 3277 dimitteretur,
2024 3213 2153 3259 non
2196 3193 2373 3259 aliter

360 3281 602 3366 <alter>
646 3283 717 3346 in
760 3283 862 3348 ius
892 3283 1179 3366 piynoris
1221 3283 1509 3369 succedet,
1562 3283 1693 3348 nisi
1735 3283 2100 3362 convenerit,
2145 3288 2217 3347 ut
2257 3282 2372 3348 sibi

360 3372 568 3437 eadem
617 3392 715 3437 res
757 3377 907 3438 esset
947 3371 1226 3456 obliyata.
1316 3393 1505 3454 neque
1547 3372 1711 3437 enim
1754 3373 1825 3437 in
1868 3373 1971 3438 ius
2004 3373 2205 3455 primi
2245 3391 2369 3438 suc·

361 3462 561 3526 cedere
603 3460 783 3542 debet,
828 3463 936 3544 qui
970 3463 1099 3544 ipse
1139 3461 1303 3528 nihil
1337 3462 1612 3528 convenit
1644 3461 1718 3526 de
1739 3462 2031 3545 peyna-x
2077 3482 2195 3546 quo
2230 3481 2372 3528 casu

360 3552 648 3634 eniptoris
691 3571 882 3617 causa
925 3550 1140 3618 melior
1184 3551 1498 3634 efficietur.
2008 3613 2013 3616 .
