2575 3900
527 199 1115 256 11.1NCERTORUM
1152 199 1616 255 SENTENTIAE
1653 199 1748 255 ΕΤ
1783 199 1996 256 LIBRI.
2141 201 2271 264 535

436 360 567 430 18¹².
606 363 657 430 I.
686 366 747 448 3,
776 364 835 447 6,
861 366 921 430 4.
956 400 1033 410 —
1067 363 1459 450 ..quidam.
1489 363 1958 429 .consobrinos
1988 385 2096 428 eos
2124 385 2271 447 pro-

250 453 393 537 prie
440 457 679 537 putant
725 452 867 535 dici,
914 453 1023 536 qui
1070 473 1145 516 ex
1193 441 1442 517 duabus
1480 452 1810 518 sororibus
1847 472 2273 535 progeneran-

252 546 388 626 tur,
432 543 617 626 quasi
664 541 1133 621 consororinos,
1179 562 1289 605 eos
1335 562 1514 623 vero,
1571 542 1678 624 qui
1726 562 1803 604 ex
1849 541 2097 606 duobus
2143 540 2271 604 fra-

250 631 463 695 tribus
506 633 1037 715 progenerantur,
1094 629 1354 713 proprie
1400 630 1634 694 fratres
1680 630 2006 712 patrueles
2054 630 2271 695 vocari

252 768 267 783 .
297 771 311 784 .
338 769 355 782 .
386 723 454 783 at
490 740 602 783 eos
641 719 752 804 qui
789 740 866 782 ex
901 718 1102 783 fratre
1132 721 1195 782 et
1226 739 1446 784 sorore
1473 722 1936 802 propagantur,
1965 719 2270 783 amitinos

249 809 508 892 proprie
555 807 698 873 dici.

896 895 997 961 De
1039 895 1362 961 hereditate
1406 896 1622 961 liberti.

437 1011 535 1076 19.
583 1009 722 1077 Grai.
754 1013 813 1098 3,
840 1012 926 1077 46
944 1033 1037 1096 sq.
1090 1048 1165 1058 --
1217 1010 1429 1094 <Filia
1458 1061 1472 1075 .
1494 1061 1508 1075 .
1537 1011 1797 1093 patroni
1826 1060 1841 1075 .
1862 1062 1874 1074 .
1897 1063 1910 1077 .
1939 1015 2014 1074 ut
2042 1014 2270 1076 contra

251 1099 559 1182 tabulas>
604 1101 976 1165 testamenti
1023 1099 1239 1164 liberti
1286 1099 1487 1182 (aut)
1542 1100 1622 1164 ab
1679 1100 1988 1164 intestato
2045 1103 2270 1164 contra

248 1188 455 1252 filium
502 1189 879 1273 adoptivum
924 1189 1027 1255 vel
1071 1211 1338 1254 uxorem
1385 1209 1698 1254 nurumve
1746 1210 1908 1272 quae
1955 1189 2019 1251 in
2071 1210 2268 1253 manu

250 1276 470 1360 fuerit,
527 1278 843 1343 bonorum
888 1278 1365 1362 possessionem
1411 1281 1623 1360 petat,
1671 1277 1866 1342 trium
1915 1277 2268 1342 liberorum

249 1366 387 1430 iure
424 1366 569 1450 lege
598 1365 803 1451 Papia
840 1367 1273 1450 consequitur.
1326 1366 1524 1430 ..sed
1562 1372 1636 1430 ut
1673 1387 1752 1430 ex
1778 1365 1968 1431 bonis
1997 1366 2270 1430 libertae

247 1457 532 1519 testatae
561 1459 869 1538 quattuor
887 1455 1122 1519 liberos
1142 1415 1445 1519 habentis
1467 1454 1670 1518 virilis
1692 1476 1844 1538 pars
1865 1453 1924 1518 ei
1943 1454 2272 1532 debeatur,

248 1565 330 1608 ne
357 1543 707 1607 liberorum
738 1543 1043 1627 quidem
1024 1564 1161 1607 lure
1183 1542 1614 1628 consequitur,
1641 1547 1715 1606 ut
1735 1542 1996 1627 quidam
2015 1546 2267 1625 putant.

429 1632 533 1695 20.
601 1630 739 1696 Gai.
788 1633 847 1710 3,
895 1632 999 1696 64.
1062 1667 1146 1676 ——
1213 1628 1427 1716 (Lupo
1493 1635 1558 1695 et
1619 1629 1836 1733 Largo
1898 1631 2270 1695 consulibus

248 1725 515 1784 senatus
565 1719 841 1803 censuit,
896 1724 970 1784 ut
1024 1720 1197 1784 bona
1242 1718 1622 1785 Latinorum
1669 1723 1947 1802 primum
1998 1719 2079 1783 ad
2125 1741 2272 1784 eum

248 1809 653 1892 pertinerent
690 1809 801 1892 qui
840 1831 950 1873 eos
988 1807 1346 1887 liberasset,
1384 1803 1730 1873 deinde'ad
1767 1808 2008 1872 liberos
2048 1829 2269 1873 eorum

248 1919 381 1963 non
408 1897 797 1963 nominatim
830 1897 1269 1982 exheredatoS,
1299 1899 1395 1963 uti
1425 1897 1694 1982 quisque
1722 1897 2052 1982 proximus
2082 1902 2270 1982 esset,

248 1989 401 2052 tunc
460 1988 723 2071 antiquo
780 1987 917 2052 iure
974 1988 1054 2052 ad
1110 1987 1378 2052 heredes
1434 2009 1657 2052 eorum
1708 1988 1818 2071 qui
1863 1986 2271 2073 liberassent,

248 2073 693 2163 pertinerent.)
768 2099 893 2161 quo
932 2080 1192 2141 senatus
1232 2077 1527 2142 consulto
1566 2076 1826 2161 quidam
1863 2074 2014 2159 <id>
2054 2081 2268 2139 actum

249 2186 391 2229 esse
474 2170 736 2249 putant,
809 2168 883 2229 ut
963 2167 1034 2230 in
1114 2165 1301 2230 bonis
1372 2165 1751 2230 Latinorum
1837 2165 2059 2230 eodem
2131 2165 2270 2228 iure

248 2256 529 2334 utamur,
576 2275 704 2338 quo
752 2255 993 2319 utimur
1040 2255 1108 2318 in
1152 2254 1507 2319 hereditate
1553 2255 1790 2319 civium
1828 2253 2269 2318 Romanorum

248 2341 717 2405 libertinorum.

429 2444 502 2503 cf.
548 2444 626 2517 Π,
666 2446 702 2503 2
752 2464 809 2519 p.
850 2446 993 2503 202.

430 2546 533 2609 21.
589 2544 727 2608 Gai.
766 2546 833 2628 3,
874 2546 975 2609 71.
1020 2580 1109 2592 —
1155 2594 1170 2608 .
1208 2593 1223 2609 .
1262 2543 1434 2629 (an)
1489 2544 1567 2609 ad
1624 2549 1950 2610 maternos
1999 2546 2266 2611 Latinos

249 2633 375 2696 hoc
423 2634 1049 2697 senatusconsultum
1098 2634 1418 2717 pertineat
1463 2633 1806 2718 quaeritur,
1853 2634 1918 2698 id
1957 2638 2056 2698 est
2091 2637 2164 2698 ut
2201 2637 2268 2699 in

251 2720 441 2785 bonis
487 2719 707 2785 Latini
759 2722 1034 2785 materni
1088 2723 1304 2805 potior
1360 2722 1447 2787 sit
1495 2728 1805 2807 patronae
1850 2722 2024 2787 filius
2074 2745 2266 2806 quam

249 2809 438 2873 heres
487 2814 831 2875 extraneus
871 2812 1119 2875 matriS.
1209 2808 1436 2877 Cassio
1481 2812 1745 2895 placuit,
1790 2814 2066 2896 utroque
2113 2833 2264 2877 casu

243 2901 463 2965 locum
511 2920 651 2963 esse
691 2900 1251 2965 senatusconsulti.
1319 2900 1427 2964 sed
1466 2900 1656 2965 huius
1687 2902 2045 2965 sententiae
2074 2902 2266 2985 pleri·

251 3010 373 3073 que
421 2988 823 3071 improbant,
868 2988 1019 3072 quia
1066 2993 1326 3053 senatus
1375 2988 1452 3054 de
1497 2989 1598 3052 his
1645 2989 1866 3053 liberis
1912 2989 2077 3053 nihil
2125 3012 2266 3056 sen·

249 3078 402 3161 tiat,
450 3078 559 3161 qui
606 3077 973 3161 ali<en>am
1016 3077 1336 3142 familiam
1383 3083 1818 3161 sequerentur.

1070 3236 1171 3303 De
1216 3238 1444 3320 legatis.

660 3357 886 3432 Leyata
932 3360 1407 3431 quemadmodum
1450 3360 1868 3432 relinquantwr.

428 3469 531 3533 22.
581 3469 657 3533 D.
686 3468 792 3553 29,
822 3470 879 3550 7,
903 3467 983 3530 14
996 3490 1089 3549 pr.
1137 3464 1444 3539 Scaevola
1471 3469 1638 3534 libro
1668 3476 1899 3535 octavo
1931 3467 2264 3544 Quaestio·

250 3577 425 3621 num.
454 3592 541 3601 —
571 3555 843 3632 Quidam
884 3554 1183 3639 referunt,
1221 3561 1536 3639 quantum
1576 3560 1798 3641 repeto
1838 3556 2005 3639 apud
2043 3554 2267 3621 Vivia-
