2575 3900
961 294 1007 343 7.
1047 286 1424 342 PROCULUS
1937 326 1946 334 -
2074 286 2200 352 165

353 449 498 515 106.
547 450 623 514 D.
650 449 758 533 41,
787 450 848 533 2,
877 451 935 533 3,
966 451 1025 515 3.
1114 449 1354 514 Paulus
1401 449 1572 515 libro
1619 450 2197 535 quinquagensimo

170 541 401 621 quarto
460 537 541 602 ad
597 537 893 603 edictum.
950 574 1023 585 -
1088 536 1395 604 Neratius
1451 543 1519 603 et
1573 538 1881 604 Proculus
1937 543 2003 604 et
2059 541 2197 604 solo

170 627 391 692 animo
434 648 569 691 non
616 648 808 710 posse
854 648 973 691 nos
1022 628 1359 711 adquirere
1406 628 1912 731 possessionem,
1967 627 2025 692 si
2070 650 2200 693 non

167 716 506 780 antecedat
556 716 875 780 naturalis
921 717 1269 800 possessio.
1359 716 1629 801 ideoque
1675 718 1730 781 si
1776 709 2198 781 thensaurum

166 805 239 868 in
285 804 482 869 fundo
530 825 673 869 meo
720 804 1008 887 positum
1055 806 1284 884 sciam,
1344 806 1650 870 continuo
1697 826 1801 871 me
1847 805 2198 890 possidere,-

167 894 363 957 simul
420 897 613 977 atque
667 892 1041 976 possidendi
1102 892 1401 958 affectum
1457 895 1770 979 habuero,
1825 894 1976 979 quia
2028 894 2198 979 quod

168 980 337 1046 desit
381 981 663 1045 naturali
709 982 1135 1066 possessioni,
1178 981 1244 1045 id
1294 981 1544 1047 animus
1591 984 1838 1067 implet.

346 1071 494 1135 107.
559 1068 634 1133 D.
662 1070 779 1149 41,
822 1072 879 1153 7,
917 1071 978 1135 2.
1079 1070 1318 1135 Paulus
1383 1071 1554 1136 libro
1613 1070 2196 1156 quinquagensimo

163 1162 397 1243 quarto
459 1158 541 1223 ad
597 1158 875 1224 edictum
935 1156 1031 1245 (P.
1062 1158 1238 1245 666).
1291 1194 1366 1205 --
1421 1158 1550 1224 Pro
1606 1160 1909 1224 derelicto
1966 1180 2104 1224 rem
2160 1182 2200 1223 a

163 1248 426 1313 domino
473 1247 769 1312 habitam
804 1248 874 1311 ¹si
921 1247 1219 1331 sciamus,
1263 1262 1611 1331 possumus
1660 1248 2014 1333 adquirere.
2085 1248 2199 1313 sed

161 1336 473 1401 Proculus
529 1357 659 1401 non
714 1336 1004 1401 desinere
1061 1357 1200 1400 eam
1256 1358 1395 1400 rem
1452 1336 1693 1402 domini
1753 1358 1893 1401 esse
1939 1337 2066 1402 nisi
2114 1338 2196 1401 ab

162 1426 292 1490 alio
340 1446 641 1508 possessa
684 1423 899 1488 fuerit.

917 1584 1019 1650 De
1067 1586 1457 1669 usucapione.

346 1707 489 1773 108.
552 1706 627 1773 D.
668 1708 773 1791 41,
811 1709 871 1787 3,
910 1710 991 1774 31
1015 1732 1109 1793 p.r
1188 1708 1433 1775 Paulus
1487 1704 1733 1795 (potius
1770 1704 2196 1795 Pomponius)

162 1796 333 1861 libro
397 1797 780 1882 trigensimo
848 1798 1127 1862 secundo
1194 1798 1273 1861 ad
1341 1795 1649 1862 Sabinum
1715 1794 1813 1884 (P.
1865 1793 2043 1884 760).

159 1883 539 1970 Numquam
620 1886 689 1951 in
773 1886 1273 1971 usucapionibus
1353 1885 1512 1952 iuris
1587 1906 1765 1952 error
1836 1887 2197 1970 possessori

157 1975 440 2058 prodest.
543 1979 609 2039 et
661 1975 806 2040 ideo
853 1975 1165 2040 Proculus
1226 1977 1347 2059 ait,
1406 1977 1462 2040 si
1515 1997 1630 2060 per
1676 1997 1958 2040 errorem
2003 1975 2195 2040 initio

158 2063 547 2128 venditionis
612 2067 792 2129 tutor
855 2065 1104 2150 pupillo
1171 2069 1397 2130 auctor
1459 2065 1670 2130 factus
1738 2065 1825 2130 sit
1884 2064 1986 2129 vel
2041 2071 2197 2148 post

156 2156 417 2235 tempus
461 2153 850 2217 venditionis
896 2161 1248 2238 peractum,
1297 2154 1564 2238 usucapi
1608 2175 1739 2218 non
1784 2175 1994 2238 posse,
2039 2154 2196 2238 quia.

160 2241 323 2305 iuris
372 2262 551 2306 error
596 2246 713 2306 est.

335 2353 581 2413 Pernice
626 2345 715 2430 11?
753 2355 883 2413 496
938 2373 995 2412 n.
1035 2355 1100 2412 2:
1170 2346 1336 2412 ‘Man
1389 2354 1550 2412 kann
1606 2353 1900 2429 zweifeln‚
1965 2353 2037 2412 ob
2095 2353 2190 2412 die

73 2516 77 2518 .
158 2440 343 2501 Stella
380 2461 531 2520 ganz
568 2441 689 2501 heil
724 2434 829 2501 ist'
902 2441 1233 2502 Mommsen
1269 2442 1393 2520 legi
1428 2442 1619 2502 iubet:
1669 2436 1888 2502 ‘factus
1938 2442 2018 2501 sit
2053 2445 2195 2518 post

162 2532 401 2606 tempus
448 2530 788 2591 venditione
835 2525 1120 2608 peracta'.

352 2629 497 2694 109.
542 2629 619 2695 D.
639 2631 748 2714 41,
766 2632 829 2714 3,
846 2632 907 2714 4,
933 2632 1030 2697 10.
1112 2631 1354 2696 Paulus
1401 2632 1571 2696 libro
1619 2631 2197 2715 quinquagensimo

170 2722 407 2804 quarto
467 2719 548 2784 ad
604 2719 882 2784 edictum
940 2716 1043 2806 (P.
1072 2718 1249 2806 673).
1301 2757 1376 2766 —
1438 2717 1507 2784 Si
1563 2741 1727 2801 rem,
1781 2740 1974 2803 quam
2031 2719 2198 2802 apud

174 2811 242 2872 te
290 2806 729 2892 deposueram,
773 2807 938 2873 lucri
983 2809 1260 2873 faciendi
1309 2830 1506 2874 causa
1550 2768 1929 2890 vendideris,
1972 2806 2196 2871 deinde

174 2918 254 2960 ex
297 2897 697 2980 paenitentia
740 2897 1087 2962 redemeris
1135 2902 1200 2963 et
1247 2897 1474 2962 eodem
1521 2899 1695 2960 statu
1742 2895 2008 2978 habeaS,
2064 2896 2198 2982 sive

173 2985 521 3071 ignorante
559 3007 659 3049 me
699 2986 834 3051 sive
874 2986 1112 3051 sciente
1151 3008 1226 3051 ea
1264 2991 1453 3073 gesta
1491 2985 1638 3070 sint,
1677 2985 1934 3050 videri
1916 3008 1982 3050 1n
2020 2989 2198 3070 pote-

172 3077 418 3139 statem
482 3095 693 3138 meam
758 3075 997 3140 redisse
1064 3077 1411 3141 secundum
1473 3074 1732 3140 Proculi
1797 3075 2198 3139 sententiam.

879 3251 979 3318 De
1023 3253 1480 3319 donationibus

338 3376 484 3442 110.
529 3375 607 3440 D.
633 3376 735 3458 39,
756 3376 817 3461 6,
836 3377 941 3462 35,
964 3378 1021 3442 3.
1125 3377 1364 3442 Paulus
1413 3377 1582 3442 libro
1631 3381 1814 3442 sexto
1863 3375 1942 3441 ad
1987 3376 2198 3460 legem

156 3463 388 3530 Iuliam
454 3468 521 3529 et
572 3465 843 3548 Papiam
900 3464 995 3550 (P.
1035 3465 1220 3551 962).
1279 3503 1364 3512 —
1425 3517 1438 3531 .
1477 3517 1492 3532 .
1554 3466 1662 3550 qui
1720 3465 1948 3530 mortis
2005 3486 2198 3529 causa

159 3553 373 3636 donat,
420 3575 547 3638 qua
582 3557 765 3638 parte
804 3576 871 3619 se
911 3554 1178 3639 cogitat,
1229 3555 1569 3638 negotium
1607 3555 1792 3639 gerit,
1832 3555 2074 3618 scilicet
2107 3555 2198 3632 ut,

155 3663 299 3707 cum
321 3643 738 3726 convaluerit,
757 3643 1061 3708 reddatur
1082 3643 1223 3708 sibi.
1272 3665 1390 3709 nec
1411 3643 1868 3707 dubitaverunt
1885 3639 2199 3718 Cassiani,
