2575 3900
780 927 1353 994 CORRIGENDA
1400 929 1511 994 ΕΤ
1558 927 2008 995 ADDENDA.

523 1157 891 1212 Coniunctiva
937 1159 1106 1213 verba
1154 1159 1226 1212 ab
1265 1158 1336 1212 iis
1375 1159 1474 1227 qui
1510 1159 1759 1227 priorum
1796 1160 2104 1214 sententias
2151 1160 2427 1216 adferunt

383 1230 644 1286 adhibita
689 1247 801 1284 non
849 1245 1114 1299 semper„
1137 1229 1198 1282 id
1245 1230 1398 1298 quod
1436 1231 1553 1284 fieri
1591 1229 1813 1298 debuit,
1857 1229 2045 1284 deleta
2082 1233 2242 1299 sunt,
2282 1232 2422 1286 item

381 1300 551 1356 verba
595 1301 900 1370 probantia
946 1300 1036 1354 vel
1080 1299 1464 1369 improbantia
1508 1301 1595 1356 vel
1638 1317 1826 1355 eorum
1864 1302 1963 1368 qui
2001 1317 2257 1370 quasque
2296 1319 2421 1357 sen·

381 1372 594 1428 tentiae
631 1373 882 1441 priorum
918 1371 1181 1426 referunt.

482 1516 492 1528 ³
527 1444 763 1513 Saepius
819 1443 879 1497 in
931 1443 1289 1514 Digestorum
1344 1443 1677 1514 fragmentis
1734 1442 2033 1498 afferendis
2088 1448 2229 1499 nota
2286 1446 2415 1514 ‘pr'

385 1518 782 1671 omlsffessiffne
820 1603 932 1640 non
969 1601 1259 1669 nunquam
1296 1584 1511 1639 factum
1539 1587 1641 1654 est,
1667 1587 1733 1639 ut
1760 1587 1819 1640 in
1850 1586 2219 1656 designandis
2250 1587 2414 1641 libro·

385 1677 510 1713 rum
527 1675 722 1784 111)ιὸῗὶιῖ
725 1674 910 1797 ιῗιιξξὲ
947 1657 1377 1812 geqslgnffilreff
1391 1675 1783 1797 cssmputandis
1820 1727 1985 1782 lineis
2022 1729 2411 1798 inscriptiones

386 1817 608 1870 quoque
647 1817 838 1855 omnes
876 1816 1180 1854 numeram.

1376 1925 1403 1978 I

524 2015 592 2067 In
642 2014 827 2082 priore
878 2013 1061 2083 operis
1107 2016 1269 2082 parte
1317 2018 1541 2083 praeter
1587 2030 1653 2068 ea
1702 2029 1846 2082 quae
1892 2032 1946 2082 p.
1974 2011 2053 2066 VI
2108 2013 2414 2084 designavi,

387 2087 528 2140 haec
565 2085 921 2139 emendanda
957 2085 1044 2138 vel
1081 2084 1347 2138 addenda
1384 2088 1536 2138 sunt:

527 2174 580 2225 p.
613 2163 644 2211 5
683 2157 718 2209 1.
751 2163 845 2210 32:
886 2155 1173 2209 offerebat.

527 2246 582 2297 p.
617 2234 680 2279 12
718 2228 755 2280 1.
789 2232 881 2280 20:
923 2244 1030 2281 cos.
1071 2226 1339 2297 549s205.

528 2316 581 2367 p.
617 2304 681 2351 13
720 2298 756 2352 1.
790 2304 847 2352 4:
889 2316 996 2353 eos.
1039 2297 1305 2369 559s195.

528 2387 583 2438 p.
619 2375 680 2423 17
712 2370 786 2423 ad
812 2386 1140 2439 responsum
1169 2370 1240 2422 de
1268 2371 1516 2423 monstro
1547 2369 1616 2422 cf.
1647 2368 1757 2423 Cic.
1788 2370 1859 2422 de
1889 2368 2125 2421 divinat.
2156 2368 2207 2420 H
2226 2374 2313 2435 26,
2334 2374 2415 2421 62.

529 2458 583 2509 p.
617 2446 684 2493 23
720 2440 756 2496 1.
789 2447 846 2495 6:
886 2442 950 2495 D.
984 2447 1067 2508 18,
1097 2448 1146 2507 2,
1179 2447 1240 2493 11
1285 2446 1315 2505 ς
1348 2440 1398 2494 1.

578 2544 649 2551 -—
720 2513 757 2567 1.
792 2518 845 2568 7:
886 2513 1206 2567 vicensimo

578 2616 645 2624 —
721 2584 757 2637 l.
795 2590 884 2639 15:
924 2602 1031 2639 usu
1069 2583 1235 2653 cepit.

788 2661 879 2709 24:
920 2655 1060 2710 Gell.
1096 2661 1178 2721 17,
1211 2659 1259 2720 7,
1292 2654 1342 2707 1.
1375 2660 1421 2707 3.

529 2746 583 2797 p.
617 2732 685 2781 26
723 2726 758 2779 l.
794 2733 881 2780 18:
921 2730 1196 2780 utrumne.

579 2832 645 2839 —
721 2797 757 2851 l.
792 2804 883 2852 32:
921 2798 1126 2851 libram
1165 2797 1222 2850 et
1259 2812 1372 2851 aes.

531 2889 584 2940 p.
617 2876 683 2922 27
724 2868 760 2923 l.
794 2874 885 2924 27:
925 2869 1163 2935 steterit,
1202 2886 1313 2935 quo
1352 2868 1567 2924 minus.

532 2959 585 3010 p.
619 2947 686 2994 32
725 2940 761 2994 l.
793 2945 886 2994 28:
924 2940 1195 2993 Licinnia.

585 3044 652 3052 -
724 3012 759 3064 1.
793 3017 887 3065 31:
927 3012 1230 3065 Licinniae.

535 3100 588 3151 p.
622 3089 690 3136 34
727 3083 762 3134 l.
795 3088 851 3136 9:
890 3082 1317 3151 paterfamilias,

534 3171 588 3222 p.
620 3160 688 3207 40
726 3153 762 3205 1.
797 3160 887 3208 10:
927 3154 1322 3208 recensionem.

536 3243 590 3294 p.
630 3232 700 3278 45
751 3225 822 3277 ad
868 3226 903 3277 l.
939 3231 1002 3277 13
1053 3223 1377 3277 ‘nescimus'
1428 3225 1748 3278 addendum
1793 3227 1902 3277 est:
1960 3222 2213 3291 Krueger
2254 3239 2310 3290 p.
2351 3225 2418 3273 57

394 3296 614 3351 scribit:
659 3297 812 3349 ‘dass
851 3313 909 3349 er
937 3294 1263 3365 juristische
1296 3294 1576 3349 Schriften
1612 3294 2004 3361 hinterlassen,
2034 3294 2110 3347 ist
2136 3292 2417 3363 bezeugt'.

396 3369 546 3423 Suet.
586 3368 730 3438 Aug.
771 3372 852 3420 89.
938 3370 999 3420 at
1046 3366 1343 3421 Suetonius
1391 3366 1569 3419 Rutili
1617 3365 1954 3420 orationem
2006 3364 2212 3418 litteris
2261 3379 2418 3417 man-

396 3442 590 3495 datam
629 3440 698 3492 de
735 3440 900 3491 modo
939 3438 1321 3492 aedificiorum
1357 3437 1570 3491 laudat.

538 3530 591 3580 p.
623 3517 691 3564 46
728 3510 762 3561 l.
796 3516 853 3563 5:
892 3510 1193 3578 Antipatri.

538 3600 592 3650 p.
624 3588 691 3635 48
728 3580 764 3632 1.
799 3585 888 3633 13:
931 3581 1159 3650 seve-1.
