2575 3900
302 193 431 262 134
458 194 552 251 111.
572 193 725 251 GAII
745 192 1043 250 CLAUDII
1060 191 1335 248 NERON.
1355 191 1644 248 GALBAE
1663 190 2094 249 TEMP.1URIS
2115 189 2321 248 CONS.

298 362 517 424 mento
564 358 935 439 scribserat,
994 356 1223 421 deinde
1269 357 1366 420 ita
1409 355 1770 442 legaverat:
1831 354 2046 420 ‘Lucio
2091 354 2324 421 Publio

297 446 619 513 Corneliis
675 446 750 510 ad
811 448 1302 510 monumentum
1357 466 1572 509 meum
1627 443 2089 509 aedificandum
2143 445 2321 509 mille

294 537 482 601 heres
547 557 727 599 meus
791 532 990 599 dato'.
1090 532 1436 599 Trebatius
1501 531 1834 617 respondit
1897 554 2014 616 pro
2071 553 2147 598 eo
2205 533 2321 598 ha-

294 624 575 689 bendum
632 645 707 689 ae
765 623 819 687 si
875 623 972 688 ita
1020 623 1309 708 legatum
1357 625 1554 703 esset,
1611 621 1668 686 si
1715 620 2205 687 satisdedissent
2251 644 2319 687 se

294 714 388 778 ita
442 712 508 777 id
563 716 1055 776 monumentum
1111 732 1189 776 ex
1243 733 1322 776 ea
1373 710 1645 795 pecunia
1702 711 2007 776 facturos.
2103 709 2321 776 Labeo

295 800 585 866 Trebatii
632 800 1017 865 sententiam
1062 801 1326 885 probat,
1384 799 1536 883 quia
1579 799 1741 863 haee
1786 820 1967 864 mens
2014 799 2320 865 testantis

294 890 541 973 fuisset,
600 894 676 955 ut
721 911 797 954 ea
842 889 1118 973 pecunia
1162 889 1230 953 in
1279 892 1770 954 monumentum
1819 891 2321 953 consumeretur.

294 979 463 1044 idem
510 982 578 1043 et
624 999 747 1064 ego
793 982 860 1043 et
904 977 1218 1043 Proculus
1263 978 1633 1063 probamus,

470 1067 530 1132 9.
596 1067 673 1132 D.
716 1066 819 1150 35,
863 1070 917 1151 1,
954 1067 1058 1132 69.
1162 1065 1364 1132 Gaius
1429 1066 1600 1131 libro
1665 1066 1860 1130 tertio
1924 1063 2169 1130 decimo
2235 1066 2318 1130 ad

293 1157 502 1240 legem
538 1155 777 1221 Iuliam
824 1160 889 1221 et
926 1155 1197 1242 Papiam
1236 1154 1337 1241 (P.
1365 1151 1545 1242 469).
1588 1189 1664 1200 -
1708 1151 1777 1219 Si
1813 1153 1909 1218 ita
1945 1175 2319 1237 expressum

294 1245 443 1308 erit.
509 1242 739 1330 Titio,
814 1245 870 1310 si
934 1245 1241 1328 voluerit,
1311 1245 1393 1308 do
1459 1242 1653 1330 lego'‚
1719 1242 1888 1327 apud
1949 1241 2319 1308 Labeonem

292 1331 605 1398 Proculus
659 1337 847 1399 notat
892 1355 1022 1398 non
1069 1332 1257 1398 aliter
1305 1334 1385 1397 ad
1431 1332 1735 1397 heredem
1781 1331 2080 1417 legatarii
2124 1330 2318 1415 perti·

291 1443 463 1506 nere,
510 1443 706 1506 quam
754 1424 809 1487 si
854 1421 996 1505 ipse
1043 1422 1400 1505 legatarius
1439 1421 1718 1486 voluerit
1754 1420 1835 1485 ad
1873 1442 1942 1485 se
1980 1420 2322 1504 pertinere,

292 1509 447 1595 quia
491 1511 784 1577 condicio
831 1533 1144 1595 personae
1190 1510 1483 1576 iniuncta
1527 1509 1798 1575 videtur.

476 1600 575 1664 10.
648 1599 796 1664 Vat.
851 1600 926 1664 fr.
987 1600 1068 1664 71
1157 1596 1336 1684 (Ulp.
1410 1599 1520 1663 lib.
1585 1597 1777 1662 XVII
1850 1597 1931 1661 ad
2007 1595 2321 1663 Sabinum

291 1685 361 1750 P.
389 1685 640 1774 25591‘).
668 1725 744 1735 —-
768 1687 959 1773 Apud
987 1687 1354 1753 Labeonem
1387 1686 1597 1773 agitat
1618 1723 1701 1734 —-
1723 1686 2065 1770 pertinere,
2097 1708 2321 1772 quam-

290 1776 390 1841 vis
438 1777 752 1842 Proculus
797 1799 927 1842 non

885 1954 987 2020 De
1028 1956 1329 2038 emptione
1372 1955 1730 2020 venditione.

475 2079 577 2144 11.
650 2079 789 2145 Gai.
838 2080 907 2163 3,
964 2078 1109 2143 140.
1187 2115 1263 2125 -
1353 2077 1645 2144 Pretium
1709 2127 1728 2143 .
1776 2129 1793 2144 .
1861 2080 2107 2144 certum
2181 2098 2324 2142 esse

293 2167 512 2251 debet3
576 2190 727 2231 nam
780 2168 1065 2251 alioquin
1123 2168 1180 2232 si
1234 2170 1329 2232 ita
1372 2165 1541 2232 inter
1598 2190 1716 2233 nos
1776 2165 2180 2249 convenerit,
2243 2170 2319 2231 ut

294 2218 523 2340 quanti
561 2255 772 2321 Titius
810 2278 949 2321 rem
988 2255 1449 2339 aestimaverit,
1495 2256 1665 2321 tanti
1701 2257 1789 2321 sit
1827 2260 2064 2355 empta,
2101 2254 2317 2320 Labeo

290 2346 558 2446 negavit
611 2346 813 2409 ullam
872 2344 1005 2409 vim
1059 2344 1186 2409 hoe
1240 2306 1574 2428 negotium
1629 2346 1894 2427 habere3
1951 2341 2132 2408 euius
2185 2344 2324 2429 opi-

298 2432 563 2498 nionem
599 2430 865 2499 Cassius
909 2432 1166 2536 probat.
1249 2432 1479 2499 Ofilius
1527 2438 1592 2498 et
1637 2456 1778 2499 eam
1826 2433 2218 2516 emptionem
2257 2436 2326 2497 et

294 2522 761 2608 venditionem3
824 2525 1003 2588 euius
1052 2522 1424 2609 opinionem
1471 2522 1782 2588 Proculus
1829 2525 2084 2586 secutus
2133 2526 2250 2585 est.

989 2717 1089 2784 De
1131 2720 1389 2803 neyotiis
1425 2720 1627 2802 yestia

477 2842 577 2907 12.
653 2841 729 2906 D.
776 2843 844 2920 3,
886 2840 957 2925 5,
1002 2842 1077 2926 9,
1128 2845 1183 2905 1.
1292 2841 1615 2927 Ulpianus
1690 2842 1857 2905 libro
1927 2840 2174 2905 decimo
2239 2840 2322 2905 ad

298 2930 581 2994 edietum
637 2928 737 3016 (P.
775 2927 953 3015 354).
999 2966 1089 2976 —-
1143 2929 1211 2995 Is
1254 2980 1269 2993 .
1301 2980 1315 2995 .
1355 2930 1464 3015 qui
1520 2930 1933 3015 negotiorum
1990 2933 2323 3013 gestorum

300 3016 441 3103 agit
513 3039 642 3081 non
704 3018 913 3082 solum
978 3017 1034 3082 si
1101 3018 1398 3081 effectum
1462 3019 1693 3083 habuit
1749 3017 2085 3104 negotium
2151 3018 2322 3103 quod

299 3106 520 3191 gessit,
560 3105 809 3170 actione
847 3106 979 3169 ista
1017 3110 1254 3188 utetur,
1293 3107 1403 3170 sed
1441 3107 1699 3191 suffieit,
1737 3108 1792 3173 si
1821 3107 2069 3174 utiliter
2099 3105 2323 3192 gessit,

301 3193 425 3258 etsi
473 3193 766 3259 effectum
812 3216 945 3259 non
981 3194 1215 3259 habuit
1251 3196 1633 3279 negotium.
1662 3201 1728 3261 et
1762 3196 1907 3261 ideo
1947 3195 2004 3259 si
2043 3195 2324 3261 insulam

299 3281 487 3347 fulsit
521 3282 623 3346 vel
663 3304 920 3349 servum
958 3304 1224 3367 aegrum
1264 3286 1535 3367 curavit,
1573 3284 1827 3349 etiamsi
1855 3284 2069 3349 insula
2098 3289 2326 3349 exusta

302 3374 403 3435 est
447 3372 549 3435 vel
597 3393 818 3437 servus
866 3371 1048 3457 obiit,
1096 3378 1246 3458 aget
1293 3372 1697 3459 negotiorum
1737 3376 2087 3457 gestorum,
2131 3373 2324 3458 idque

304 3463 370 3524 et
405 3457 623 3525 Labeo
670 3461 922 3545 probat.
1004 3462 1117 3527 sed
1162 3466 1235 3527 ut
1271 3461 1500 3529 Celsus
1542 3462 1757 3546 refert,
1803 3462 2114 3527 Proculus
2125 3462 2324 3565 ’apud

304 3570 451 3613 eum
514 3553 703 3615 notat
765 3572 896 3616 non
963 3573 1214 3636 semper
1278 3552 1509 3618 debere
1569 3550 1727 3616 dari.
1829 3551 1978 3636 quid
2037 3551 2211 3616 enim
2267 3550 2323 3616 si
