2575 3900
270 190 400 255 518
1010 185 1444 244 ADDITAMEN
1446 186 1560 242 TA.

275 353 497 418 codem
532 355 702 437 agat,
738 352 795 416 si
831 352 1001 417 circa
1038 352 1372 416 columnas
1410 354 1523 416 aut
1558 352 1870 416 stationes
1900 372 1968 414 se
1997 349 2308 434 occultet,

270 441 473 506 videri
538 440 797 505 latitare
851 445 1099 505 veteres
1161 438 1653 524 responderunt,
1717 444 1783 505 et
1848 460 2036 523 posse
2100 459 2306 524 quem

274 530 580 596 adversus
627 530 899 594 alterum
944 530 1225 612 latitare,
1271 528 1578 593 adversus
1625 528 1904 594 alterum
1948 550 2097 594 non.

846 687 947 754 De
991 690 1114 754 loco
1147 688 1396 772 publico
1438 688 1720 770 fruenda.

452 805 554 869 70.
617 804 698 870 D.
760 806 875 889 47,
942 806 1051 889 10,
1122 807 1230 888 13,
1308 805 1364 868 7.
1471 804 1794 889 Ulpianus
1866 803 2032 869 libro
2106 802 2308 888 quin-

273 894 690 979 quagensimo
748 894 1020 978 septimo
1078 898 1157 957 ad
1212 892 1509 958 edictum.
1572 931 1647 941 —
1707 945 1723 961 .
1751 943 1768 959 .
1814 891 2195 959 conductori
2239 940 2256 956 .
2291 943 2310 958 .

273 983 983 1137 {gfflffistinterdictum
1037 981 1373 1064 dederunt,
1441 983 1495 1046 si
1549 983 1718 1047 forte
1773 981 2028 1067 publice
2083 981 2305 1046 locum

381 1425 461 1492 II.
524 1423 1102 1492 INOERTORUM
1152 1424 1718 1492 SENTENTIAE
1767 1425 1880 1491 ΕΤ
1927 1423 2188 1491 LIBRI.

1025 1583 1083 1652 1.
1139 1582 1543 1674 Responsa.

450 1742 819 1802 Incertorum
874 1760 1160 1818 responsa
1205 1743 1322 1803 duo
1369 1761 1590 1822 genera
1637 1746 1801 1802 sunt:
1856 1761 2043 1801 unum
2090 1760 2304 1801 eorum

276 1850 530 1907 quorum
605 1834 878 1890 auctores
951 1851 1023 1890 ne
1099 1832 1404 1892 veteribus
1478 1833 1717 1909 quidem
1791 1831 1936 1890 iuris
2009 1831 2298 1890 consultis

276 1919 495 1997 cogniti
547 1923 733 1997 erant,
772 1919 1030 1979 alterum
1067 1939 1292 1999 eorum,
1331 1942 1584 2000 quorum
1622 1924 1897 1981 auctores
1933 1920 1996 1979 in
2022 1923 2298 1982 veterum

276 2010 447 2068 libris
493 2009 723 2068 laudati
769 2008 944 2068 hodie
983 2029 1102 2069 non
1138 2012 1446 2087 adparent.
1519 2010 1818 2069 interdum
1857 2028 2304 2085 responsorum,

274 2117 527 2175 quorum
598 2100 870 2157 auctores
943 2118 1061 2157 non
1124 2100 1472 2177 laudantur,
1547 2099 1640 2158 vel
1717 2098 1890 2157 hodie
1951 2101 2060 2157 aut
2132 2101 2298 2157 certo

274 2191 541 2247 statuere
615 2190 721 2245 aut
787 2186 999 2246 saltem
1064 2187 1330 2247 divinare
1393 2189 1551 2248 licet.
1655 2180 1862 2265 ‘quod'
1918 2205 2006 2246 ex.
2061 2206 2148 2261 gr.
2212 2181 2301 2245 ‘in

273 2276 671 2353 vectigalibus
717 2276 1114 2351 dependendis
1161 2270 1534 2352 responsum'
1587 2294 1741 2351 esse,
1797 2276 2023 2335 Paulus
2069 2275 2140 2334 D.
2190 2278 2296 2352 33,

277 2368 335 2443 2,
375 2366 457 2424 38
507 2365 944 2439 Responsorum
991 2365 1145 2425 libro
1182 2366 1407 2440 attulit,
1457 2366 1647 2441 ipsius
1683 2383 2033 2440 responsum
2079 2365 2302 2424 haben-

275 2455 415 2511 dum
467 2456 570 2512 est.
655 2454 818 2530 quod
881 2454 1247 2530 Papinianus
1311 2448 1382 2514 D.
1434 2456 1535 2531 31,
1585 2457 1665 2515 73
1730 2448 2100 2529 ‘responsum
2148 2449 2300 2513 esse'

275 2542 484 2615 tradit,
541 2542 760 2602 Iuliani
822 2562 1173 2619 responsum
1237 2561 1365 2602 esse
1438 2543 1506 2602 D.
1556 2545 1658 2621 30,
1707 2546 1785 2603 82
1847 2543 1993 2602 satis
2056 2542 2301 2603 indicat.

276 2632 349 2690 cf.
379 2630 563 2690 Lenel
592 2632 658 2691 P.
688 2632 848 2707 apud
867 2631 1072 2708 Papin.
1106 2633 1250 2691 309.
1299 2632 1465 2691 illius
1494 2636 1730 2691 tautum
1761 2631 1995 2708 generis
2016 2648 2301 2707 responsa

274 2721 385 2779 hoc
422 2722 550 2781 loco
589 2721 971 2797 proponenda
1009 2738 1134 2779 esse
1174 2718 1442 2798 apparet,
1481 2722 1707 2781 scilicet
1743 2738 1896 2795 quae
1934 2739 2051 2779 non
2090 2723 2298 2796 aperte

275 2810 373 2869 vel
418 2810 813 2885 probabiliter
856 2810 1204 2885 posterioris
1251 2810 1492 2868 demum
1537 2810 1754 2869 aetatis
1803 2813 1957 2869 sunt.

455 2898 743 2957 Veterum
788 2916 1073 2973 responsa
1117 2918 1172 2957 v.
1224 2918 1407 2974 supra
1452 2918 1506 2974 p.
1549 2900 1674 2958 506
1707 2917 1834 2976 sqq.

945 3107 999 3170 1.
1056 3105 1168 3170 Ad
1214 3106 1331 3171 ius
1379 3107 1630 3171 civile.

1018 3230 1117 3295 De
1162 3233 1552 3297 testamentis.

914 3350 1006 3409 De
1066 3353 1190 3424 filio
1254 3353 1660 3412 exheredandO.

461 3461 541 3525 1?
598 3459 675 3526 D.
721 3462 826 3544 28,
873 3461 931 3541 6,
975 3462 1079 3546 43,
1127 3463 1185 3526 2.
1245 3461 1486 3527 Paulus
1531 3462 1698 3526 libro
1745 3483 1917 3526 nono
1966 3459 2300 3536 Quaestio-

278 3571 455 3615 num.
504 3588 585 3597 —
636 3549 869 3615 Lucius
917 3549 1125 3614 Titius
1157 3572 1302 3614 cum
1339 3550 1610 3615 haberet
1647 3551 1814 3615 filios
1853 3550 1920 3615 in
1959 3552 2300 3633 potestate,
