2575 3900
291 127 425 191 424
495 126 561 182 V.
599 124 898 183 NERVAE
933 125 1028 181 ΕΤ
1067 124 1375 181 TRAIANI
1410 123 1627 179 TEMP.
1662 123 1854 183 IURIS
1891 121 2253 179 CONSULTI

292 291 525 356 iddisti.
567 291 782 355 deinde
806 289 1046 369 Attius,
1083 289 1185 355 cui
1219 309 1262 352 a
1298 292 1353 353 te
1387 288 1599 353 herede
1638 286 1958 355 Cornelius
1992 288 2317 370 leqaverat,

289 381 656 463 priusquam
712 379 975 462 leqatum
1028 378 1105 442 ab
1159 381 1420 460 emptore
1454 377 1810 461 perciperet,
1866 382 1920 441 te
1959 376 2105 459 fecit
2146 375 2319 441 here-

291 470 461 533 dem:
505 470 659 531 recte
694 472 846 549 puto
891 487 966 531 ex
1010 468 1249 532 vendito
1297 471 1350 531 te
1393 471 1677 533 acturum
1710 471 1781 531 ut
1816 465 1928 530 tibi
1954 470 2317 547 praestetur,

293 557 446 639 quia
506 556 639 621 ideo
701 576 767 621 eo
831 557 1038 621 minus
1099 554 1401 621 hereditas
1462 556 1738 634 venierit,
1802 560 1874 619 ut
1929 556 1999 619 id
2049 554 2319 637 leqatum

286 649 633 727 praestaret
681 649 937 728 emptor,
995 665 1101 709 nec
1152 645 1482 727 quicquam
1537 644 1804 729 intersit,
1858 648 2070 708 utrum
2122 642 2316 723 Attio,

292 734 402 816 qui
457 737 510 797 te
561 733 833 799 heredem
874 734 1109 814 fecerit,
1156 733 1424 816 pecunia
1468 733 1665 797 debita
1708 734 1815 817 sit,
1871 754 1959 797 an
2002 732 2318 815 zeqatario.

471 822 576 888 90.
621 822 698 887 D.
733 822 833 905 18,
861 824 922 901 4,
952 821 1013 906 2,
1047 823 1145 887 17.
1227 820 1549 905 Ulpianus
1578 820 1745 887 libro
1780 820 2319 906 quadragensimo

293 932 465 975 nono
523 910 603 975 ad
651 909 978 977 Sabinum.
1031 946 1106 957 —
1159 959 1174 974 .
1212 962 1225 975 .
1275 910 1330 974 si
1384 910 1608 974 funere
1654 910 1823 974 facto
1871 909 2055 974 heres
2103 908 2317 973 vendi-

296 999 496 1065 disset
554 999 1006 1079 hereditatem,
1064 1020 1149 1064 an
1192 998 1555 1082 impensam
1601 998 1843 1063 funeris
1892 997 1975 1063 ab
2023 1002 2317 1081 emptore

298 1093 748 1172 consequatur.
812 1091 878 1152 et
917 1088 1011 1151 ait
1037 1086 1251 1153 Labeo
1291 1090 1646 1172 emptorem
1681 1088 2042 1171 impensam
2071 1086 2318 1152 funeris

296 1184 624 1262 praestare
651 1177 901 1260 debere,
938 1177 1092 1261 quia
1121 1181 1185 1240 et
1213 1198 1309 1259 ea,
1343 1176 1573 1260 inquit,
1602 1176 1896 1258 impensa
1923 1174 2320 1240 hereditaria

298 1270 485 1348 esset,
531 1266 710 1331 cuius
761 1266 1150 1330 sententiam
1194 1261 1538 1329 Iavolenus
1584 1267 1774 1347 putat
1818 1286 2033 1329 veram
2062 1312 2079 1329 .

1002 1430 1096 1489 De
1139 1431 1323 1503 fundo
1367 1430 1606 1489 vendito,

477 1531 578 1595 91.
622 1530 699 1595 Ι).
728 1531 788 1613 8,
821 1534 875 1610 1,
907 1531 1008 1595 19.
1072 1529 1288 1595 Labeo
1328 1530 1497 1594 libro
1538 1532 1770 1613 quarto
1808 1530 2239 1613 posteriorum
2279 1552 2321 1593 a

297 1618 604 1684 Iavoleno
651 1618 1167 1703 epitomatorum.
1211 1656 1288 1665 -
1328 1620 1419 1684 Ei
1449 1619 1662 1703 fundo,
1697 1639 1875 1702 quem
1909 1620 2049 1701 quis
2081 1619 2319 1701 vendat,

296 1710 642 1773 servitutem
686 1709 953 1794 imponi,
995 1712 1053 1772 et
1093 1709 1152 1773 si
1196 1707 1403 1793 (ipsi)
1446 1728 1573 1773 non
1617 1708 1789 1772 utilis
1832 1708 1941 1791 sit,
1974 1727 2153 1789 posse
2196 1707 2321 1772 exi·

295 1798 496 1879 stim0,
531 1798 718 1863 veluti
751 1798 808 1861 si
835 1817 1063 1878 aquam
1089 1798 1280 1862 alicui
1306 1798 1591 1861 deducere
1616 1817 1742 1861 non
1768 1797 2087 1879 expediret,
2122 1795 2322 1861 nihilo

297 1887 506 1952 minus
531 1886 817 1952 constitui-
833 1906 906 1951 ea
925 1886 1181 1952 servitus
1192 1886 1420 1968 possit;
1448 1886 1749 1968 quaedam
1768 1885 1933 1950 enim
1953 1883 2319 1951 deducendo

299 1975 517 2040 habere
549 1995 904 2060 possumus,
949 1976 1230 2058 quamvis
1273 1995 1347 2040 ea
1390 1976 1565 2040 nobis
1608 1975 1795 2040 utilia
1838 1995 1965 2039 non
2009 1979 2167 2040 sunt.

477 2051 582 2128 92.
629 2063 707 2128 D.
733 2064 831 2147 18,
863 2065 921 2146 l,
952 2064 1053 2129 77.
1117 2063 1459 2127 Iavolenus
1490 2064 1657 2127 libro
1688 2066 1916 2147 quarto
1950 2085 2028 2127 ex
2046 2062 2320 2147 posteri-

301 2153 522 2218 oribus
569 2152 904 2217 Labeonis.
948 2189 1022 2200 —
1069 2152 1155 2216 In
1202 2153 1325 2234 leqe
1362 2154 1552 2233 fundi
1594 2153 1905 2217 vendundi
1950 2152 2325 2234 lapidicinae

300 2243 368 2306 in
414 2262 478 2306 eo
520 2240 717 2323 fundo
761 2241 978 2323 ubique
1023 2245 1216 2305 essent
1253 2246 1527 2322 eoeceptae
1560 2245 1755 2320 erant,
1799 2245 1854 2304 et
1877 2247 2023 2323 post
2057 2241 2323 2305 multum

301 2332 588 2413 temporis
626 2331 697 2395 in
732 2352 797 2396 eo
829 2331 1024 2411 fundo
1061 2335 1330 2410 repertae
1365 2334 1543 2393 erant
1581 2331 1969 2412 lapidicinae.
2042 2351 2146 2395 eas
2180 2349 2323 2411 quo-

301 2439 414 2502 que
457 2421 789 2485 venditoris
835 2439 955 2484 esse
995 2417 1228 2482 Tubero
1271 2419 1611 2500 respondit,·
1658 2419 1861 2482 Labeo
1904 2417 2133 2499 referre
2174 2418 2326 2499 quid

300 2513 504 2572 actum
557 2510 669 2585 sit,·
724 2511 782 2574 si
834 2529 961 2574 non
1004 2512 1329 2588 appareat,
1382 2527 1507 2571 non
1555 2508 1751 2572 videri
1802 2527 1906 2572 eas
1952 2507 2323 2590 lapidicinas

301 2617 424 2662 esse
489 2603 760 2680 exceptas
769 2623 793 2674 ,·
855 2597 1158 2662 neminem
1217 2598 1381 2660 enim
1434 2615 1542 2660 nec
1594 2593 1843 2661 vendere
1896 2616 2003 2660 nec
2055 2596 2325 2677 excipere

301 2689 466 2767 quod
506 2707 632 2752 non
677 2688 774 2768 sit,
821 2691 878 2751 et
922 2685 1297 2766 lapidicinos
1340 2683 1551 2749 nullas
1594 2704 1733 2767 esse,
1776 2685 1904 2750 nisi
1941 2706 2097 2766 quae
2130 2704 2319 2766 appa-

301 2779 439 2838 rent
491 2780 548 2838 et
595 2777 943 2839 caedantur.
1018 2773 1199 2836 aliter
1242 2773 1779 2854 interpretantibus
1823 2778 2014 2837 totum
2053 2773 2322 2855 fundum

306 2862 791 2944 lapidicinarum
831 2864 980 2943 fore,
1025 2862 1083 2926 si
1122 2861 1279 2941 forte
1326 2866 1444 2926 toto
1487 2881 1553 2925 eo
1596 2863 1710 2927 sub
1756 2867 1921 2926 terra
1964 2868 2113 2928 esset
2148 2863 2320 2943 lapis.

306 2949 416 3013 hoc
446 2951 658 3030 probo,
1043 2960 1048 2964 '

484 3038 588 3104 93.
652 3037 730 3104 D.
764 3038 865 3121 18,
908 3040 964 3120 1,
1005 3037 1086 3100 78
1116 3059 1208 3120 pr.
1303 3036 1519 3101 Labeo
1566 3038 1734 3102 libro
1782 3044 2009 3122 quarto
2057 3038 2323 3122 posteri·

309 3147 492 3190 orum
531 3149 568 3190 a
597 3126 901 3191 Iavoleno
941 3125 1461 3209 epitomatorum.
1504 3161 1580 3172 -
1622 3127 1903 3192 Fistulas
1939 3129 2194 3210 emptori
2228 3147 2320 3192 ac-

305 3233 579 3278 cessuras
621 3215 694 3277 in
740 3214 861 3298 leqe
903 3216 1130 3280 dictum
1175 3219 1323 3278 erat.
1393 3215 1819 3301 quaerebatur,
1863 3237 1951 3280 an
1994 3216 2322 3298 castellum,

305 3323 380 3366 ex
419 3322 534 3383 quo
559 3301 786 3385 fistulis
812 3323 978 3384 aqua
1004 3303 1335 3386 duceretur,
1370 3303 1683 3367 accederet.
1720 3306 2005 3386 respondi
2030 3324 2323 3388 apparere

305 3391 377 3454 id
418 3395 623 3542 ῗρίὲιῖη
667 3409 808 3465 esse,
852 3395 921 3454 ut
964 3391 1034 3454 id
1064 3408 1297 3470 quoque
1332 3391 1641 3473 accederet,
1689 3392 1823 3456 licet
1856 3393 2165 3477 scriptura
2200 3411 2322 3458 non

305 3498 418 3542 con
442 3498 512 3542 in
567 3498 662 3543 ur.
