2575 3900
383 163 511 228 160
546 163 642 218 111.
676 162 831 219 GAII
850 162 1143 218 CLAUDII
1160 161 1432 219 NERON.
1452 161 1742 219 GALBAE
1757 162 1975 218 TEMP.
1991 162 2188 218 mals
2209 161 2414 219 CONS.

384 327 535 410 sint,
568 325 761 391 hodie
799 327 983 407 alter,
1018 325 1185 392 alter
1218 329 1486 410 postera
1511 326 1613 390 die
1640 325 2060 410 responderit,
2096 325 2410 392 Proculus

376 436 509 479 non
563 436 705 479 esse
761 415 923 480 duos
967 437 1114 480 reos
1160 437 1235 480 ac
1277 437 1374 494 ne⁴
1409 415 1769 500 obligatum
1815 415 2071 499 quidem
2117 415 2414 500 intellegi

383 525 529 568 eum
543 554 561 586 ,
606 505 719 587 qui
761 507 1025 588 postera
1069 503 1171 568 die
1215 503 1688 589 responderatL
1731 526 1879 569 cum
1924 507 2106 570 actor
2151 505 2234 570 ad
2281 504 2414 569 alia

376 593 641 677 negotia
704 592 1071 658 discesserit
1132 593 1235 660 vel
1286 593 1672 677 promissor,
1735 593 1888 658 licet
1941 594 2222 678 peractis
2275 593 2412 658 illis

376 682 569 746 rebus
612 681 1063 766 responderit}

552 792 757 852 Eisele
802 793 864 851 Z.
894 792 949 853 d.
980 792 1250 853 Sav.-St.
1278 791 1454 870 XIII,
1489 794 1638 854 149.

561 895 665 960 87.
714 893 789 958 D.
807 893 915 971 45,
940 895 1075 978 1,8.
1156 893 1401 958 Paulus
1445 893 1615 959 libro
1657 893 1938 958 secundo
1977 893 2058 958 ad
2095 892 2412 960 Sabinum

380 979 483 1069 (P.
506 979 725 1070 1625).
768 1019 845 1030 -
886 981 965 1047 In
1009 982 1124 1047 illa
1168 983 1614 1066 stipulatione:
1663 981 1746 1046 ‘si
1783 982 2078 1048 kalendis
2117 982 2412 1049 Stichum

377 1093 511 1136 non
569 1072 844 1155 dederis,
907 1072 1127 1136 decem
1181 1072 1336 1136 dare
1390 1071 1737 1154 spondes?
1835 1075 2093 1137 mortuo
2145 1073 2412 1138 homine

382 1161 735 1244 quaeritur,
771 1183 854 1224 an
890 1160 1117 1226 statim
1154 1164 1306 1225 ante
1343 1159 1652 1224 kalendas
1691 1160 1800 1245 agi
1827 1161 2054 1244 possit.
2129 1159 2410 1227 Sabinus

380 1249 693 1314 Proculus
738 1249 1240 1333 exspectandum
1288 1248 1459 1314 diem
1506 1249 1711 1314 actori
1755 1253 2007 1332 putant.

557 1339 663 1404 88.
718 1337 799 1403 D.
824 1338 934 1423 45,
965 1339 1021 1418 1,
1055 1338 1201 1422 112,
1230 1339 1288 1402 1.
1377 1337 1555 1401 Idem
1612 1334 1730 1424 (sc.
1765 1336 2192 1425 Pomponius)
2239 1339 2412 1404 libro

378 1427 606 1511 quinto
671 1426 920 1491 decimo
976 1425 1059 1490 ad
1115 1423 1427 1501 Quintum
1481 1425 1790 1524 Mucium-
1819 1423 1922 1513 (P.
1959 1425 2138 1514 271).
2203 1463 2277 1474 —
2337 1425 2414 1493 Si

379 1535 525 1617 quis
580 1534 676 1598 ita
730 1533 1079 1618 stipulatus
1136 1533 1358 1597 fuerit:
1413 1532 1556 1617 ‘pro
1611 1530 1823 1598 HSG¹
1878 1534 2036 1598 satis
2091 1532 2414 1600 dabis?’²:

378 1621 695 1688 Proculus
733 1623 827 1687 ait
863 1645 1117 1706 semper
1151 1623 1221 1687 in
1249 1622 1696 1687 satisdationis
1725 1622 2144 1704 stipulatione
2173 1623 2414 1707 venire,

382 1712 553 1796 quod
603 1712 947 1776 interesset
992 1712 1389 1796 stipulantiS,
1442 1714 1517 1775 ut
1562 1710 1727 1775 alias
1771 1715 1915 1775 tota
1961 1733 2103 1776 sors
2149 1712 2412 1794 inesset,

375 1801 582 1864 veluti
637 1801 693 1864 si
747 1799 1018 1865 idoneus
1070 1801 1430 1884 promissor
1481 1821 1614 1865 non
1669 1799 1780 1882 sit,
1835 1800 2000 1863 alias
2051 1799 2294 1885 minus,
2350 1805 2412 1866 si

377 1889 449 1953 in
507 1887 748 1974 aliquid
800 1888 1068 1953 idoneus
1124 1894 1295 1954 esset
1349 1888 1627 1973 debitor,
1692 1889 1853 1953 alias
1907 1888 2099 1974 nihil,
2159 1889 2215 1955 si
2269 1895 2414 1957 tam

379 1978 670 2062 locuples
725 1983 922 2061 esset,
974 1982 1050 2041 ut
1097 1983 1323 2042 nostra
1366 2000 1498 2043 non
1543 1979 1800 2043 intersit
1844 1980 2006 2042 satis
2050 1977 2133 2042 ab
2179 2000 2256 2043 eo
2303 2003 2414 2045 ac-

380 2066 622 2151 cipere,
656 2066 786 2130 nisi
821 2068 992 2151 quod
1029 2067 1406 2150 plerumque
1441 2067 1660 2131 idonei
1690 2088 1824 2132 non
1851 2072 1987 2131 tam
2011 2068 2412 2153 patrimonio

380 2176 575 2238 quam
619 2154 745 2218 fide
791 2177 1044 2239 quoque
1090 2157 1604 2220 aestimarentur.

556 2243 659 2307 89.
724 2242 803 2310 D.
839 2244 945 2322 45,
976 2248 1035 2329 1,
1064 2243 1191 2310 138
1211 2266 1307 2327 pr.
1405 2243 1586 2308 Idem
1640 2240 1757 2331 (sc.
1797 2243 2181 2333 Venuleius)
2234 2246 2409 2312 libro

378 2334 609 2417 quarto
657 2330 1162 2416 Stipulationum
1217 2330 1319 2418 (P.
1357 2329 1494 2418 60).
1542 2370 1619 2379 —
1668 2333 1872 2420 Eum,
1921 2336 2032 2418 qui
2085 2340 2414 2401 certarum

374 2421 809 2487 nundinarum
873 2421 1097 2486 diebus
1163 2422 1304 2485 dari
1365 2423 1740 2506 stipuletur,
1801 2422 2011 2507 primo
2064 2423 2412 2510 (tantum)

376 2511 477 2574 die
513 2515 734 2595 petere
773 2532 965 2594 posse
1004 2509 1284 2576 Sabinus
1323 2510 1431 2576 ait.
1495 2510 1808 2576 Proculus
1846 2517 2062 2576 autem
2101 2515 2168 2576 et
2204 2516 2406 2578 ceteri

377 2600 670 2665 diversae
707 2601 965 2665 scholae
995 2605 1309 2679 auctores,
1346 2599 1652 2685 quamdiu
1680 2600 1783 2664 vel
1812 2600 2120 2687 exiguum
2147 2605 2407 2686 tempus

377 2711 455 2753 ex
490 2689 926 2754 nundinarum
966 2690 1177 2773 spatio
1216 2693 1598 2773 superesset,
1633 2688 1771 2771 peti
1798 2712 1990 2772 posse
2018 2692 2412 2757 existimant.

552 2778 657 2841 90.
705 2776 785 2843 D.
801 2779 909 2860 46,
929 2779 991 2862 3,
1011 2780 1117 2863 93,
1135 2779 1195 2842 3.
1279 2776 1590 2843 Scaevola
1633 2778 1802 2842 libro
1849 2778 2169 2862 singulari
2205 2776 2412 2854 Quae-

376 2866 661 2930 stionum
716 2868 969 2949 publice
1024 2870 1454 2931 tractatarum
1502 2864 1603 2952 (P.
1637 2864 1810 2951 193).
1857 2902 1940 2912 —
1989 2866 2088 2953 (Si
2139 2867 2266 2932 duo
2311 2870 2413 2934 rei

377 2955 512 3018 sint
577 2955 997 3038 promittendi
1063 2960 1129 3018 et
1192 2954 1360 3019 alter
1423 2955 1698 3019 alterum
1763 2954 2064 3020 heredem
2129 2957 2414 3043 scripsit,

379 3041 794 3106 confunditur
829 3043 1161 3127 obligatio.
1237 3044 1344 3107 sed
1377 3044 1432 3107 si
1461 3065 1609 3108 reus
1637 3044 1935 3109 heredem
1965 3044 2412 3111 fideiussorem

378 3129 737 3214 scripserit,
800 3131 1213 3196 confunditur
1272 3129 1637 3220 obligatio)
1736 3133 1889 3217 quid
1946 3186 1960 3198 .
1991 3185 2006 3198 .
2035 3184 2080 3219 .,
2143 3135 2199 3199 si
2252 3134 2410 3201 fide-

377 3219 592 3285 iussor
630 3240 809 3282 reum
846 3220 1146 3284 heredem
1184 3221 1559 3304 scripserit?
1631 3222 2055 3287 confundetur
2086 3224 2409 3308 obligatio

376 3308 725 3374 secundum
773 3308 999 3374 Sabini
1045 3313 1451 3392 sententiam,
1499 3311 1654 3376 licet
1687 3310 1998 3377 Proculus
2045 3311 2406 3379 dissentiat.

522 3472 551 3519 1
596 3465 744 3521 Trsb.
782 3470 1003 3522 centum
1041 3469 1238 3523 aureis.

519 3544 551 3591 2
596 3537 742 3594 Trib.
782 3537 976 3595 dabis?
1031 3545 1090 3594 et
1122 3556 1279 3595 reum
1319 3537 1535 3594 dederis
1570 3537 1631 3593 in
1665 3538 1832 3594 istam
1870 3556 2158 3597 summam.
