2575 3900
448 181 541 236 IV.
582 180 776 247 QUAE
813 180 1148 235 RECEPTA
1185 181 1392 252 SUNT,
1428 181 1909 238 PLACUERUNT
1947 182 2101 275 ΕΤΟ.
2158 184 2289 248 583

445 345 550 410 47.
625 344 701 409 D.
741 345 892 408 ibid.
930 346 1037 426 28,
1080 347 1132 409 1.
1171 383 1260 393 —
1309 343 1379 408 Si
1420 367 1640 410 servus
1687 347 2042 411 communis
2090 369 2167 411 ex
2212 369 2283 412 re

265 433 456 497 unius
521 434 868 517 stipulatus
898 483 901 488 .
935 434 1082 516 erit,
1145 434 1356 518 magis
1403 435 1647 517 placuit
1691 435 1951 520 utrique
2017 435 2287 520 adquiri,
2336 479 2343 490 -

267 521 378 585 sed
435 544 605 603 eum,
654 522 832 586 cuius
889 545 966 586 ex
1010 544 1078 586 re
1123 521 1299 608 facta
1354 526 1454 587 est
1510 523 1872 608 stipulati0,
1920 545 2063 588 cum
2113 525 2287 590 socio

266 611 593 675 communi
666 610 1016 675 dividundo
1093 616 1205 675 aut
1276 611 1607 676 societatis
1661 611 1892 678 iudicio
1958 612 2034 677 de
2099 617 2287 696 parte

255 699 682 782 -reciperanda
727 704 903 785 recte,
945 703 1263 784 acturum3
1310 699 1606 784 idemque
1654 722 1793 764 esse
1840 700 2174 765 dicendum
2223 705 2289 766 et

265 788 322 852 si
370 809 446 852 ex
496 788 709 871 operis
759 789 892 853 suis
939 789 1127 853 alteri
1175 810 1252 852 ex
1299 789 1577 853 dominis
1625 811 1847 854 servus
1895 789 2195 874 adquirit.

441 886 548 951 48.
603 884 740 950 Gai.
790 886 850 968 3,
900 886 1044 951 114.
1089 922 1178 932 —
1235 939 1248 950 .
1287 938 1301 950 .
1350 907 1572 950 servus
1621 886 2074 970 adstipulando
2121 887 2287 951 nihil

264 974 420 1056 agit,
479 975 769 1059 quamvis
827 997 904 1039 ex
963 975 1191 1046 ceteris
1250 974 1549 1039 omnibus
1598 976 1808 1040 causis
1866 976 2289 1058 stipulatione

132 1131 140 1137 ,
265 1062 528 1126 (1οωὶῃο
593 1063 909 1145 adquirat.
1006 1063 1174 1127 idem
1241 1063 1319 1138 de
1374 1085 1450 1126 eo
1508 1064 1617 1148 qui
1670 1065 1737 1128 in
1791 1065 2113 1148 mancipio
2171 1069 2289 1148 est,

265 1151 473 1235 magis
524 1151 792 1235 placuit3
837 1173 988 1215 nam
1029 1151 1102 1215 ‘et
1145 1153 1201 1216 is
1249 1153 1419 1216 servi
1464 1153 1607 1239 loco
1656 1157 1769 1217 est.

440 1249 544 1314 49.
638 1249 779 1316 Gai.
836 1250 906 1332 3,.
957 1249 1101 1315 158.
1150 1285 1234 1296 —-
1283 1300 1297 1314 .
1327 1299 1343 1314 .
1373 1301 1387 1314 .
1453 1251 1841 1335 generaliter
1902 1251 2147 1335 placuit
2202 1251 2284 1316 ab

261 1335 519 1402 heredis
566 1360 846 1421 persona
893 1339 1357 1423 obligationem
1403 1339 1684 1423 incipere
1730 1361 1861 1405 non
1906 1361 2128 1423 posse.

928 1532 1028 1598 De
1071 1534 1163 1598 rei
1207 1534 1629 1598 vindicatione.

441 1655 544 1720 50.
617 1655 695 1721 D.
743 1656 802 1736 6,
855 1659 909 1740 1,
955 1657 1058 1723 56.
1123 1655 1306 1720 Idem
1367 1655 1481 1744 (sc.
1526 1655 1845 1745 Iulianus)
1891 1659 2058 1724 libro
2106 1660 2288 1743 quin-

262 1745 685 1828 quagensimo
734 1749 962 1810 octavo
1009 1745 1445 1830 Digestorum.
1496 1782 1581 1792 —-
1620 1745 1990 1813 Vindicatio
2035 1769 2164 1813 non
2211 1753 2285 1813 ut

263 1833 498 1918 gregis,
544 1834 640 1898 ita
685 1837 751 1898 et
794 1834 1029 1919 peculii
1075 1838 1335 1917 recepta
1381 1838 1498 1899 est.

439 1930 543 1996 51.
637 1930 777 1997 Gai.
823 1933 886 2016 2,
934 1931 1036 1999 11.
1096 1969 1172 1979 —-
1245 1932 1428 2009 Quae
1470 1933 1766 2016 publicae
1822 1937 1993 2020 sunt,
2045 1934 2330 2000 nullius·

183 2033 189 2039 ’
260 2020 560 2086 videntur
607 2021 674 2085 in
723 2021 908 2086 bonis
958 2044 1123 2086 esse:
1172 2022 1380 2107 ipsius
1430 2022 1599 2086 enim
1652 2024 2092 2089 universitatis
2145 2045 2285 2089 esse

260 2109 624 2175 creduntur.

728 2233 829 2299 De
874 2236 1250 2317 adquirendo
1295 2256 1505 2301 rerum
1548 2237 1840 2301 dominio.

439 2367 542 2431 52.
607 2364 750 2430 Gai.
797 2367 856 2448 2,
903 2367 1006 2430 91.
1071 2404 1160 2413 —
1224 2365 1323 2430 De
1384 2367 1486 2431 his
1534 2418 1548 2432 .
1586 2417 1602 2433 .
1650 2369 1850 2433 servis
1913 2369 1980 2433 in
2043 2369 2281 2454 quibus

260 2457 519 2518 tantum
577 2454 1045 2519 usumfructum
1101 2455 1445 2540 habemuS,
1500 2456 1596 2520 ita
1648 2456 1920 2540 placuit,
1972 2462 2046 2521 ut
2100 2459 2281 2543 quid-

261 2541 417 2626 quid
474 2564 550 2607 ex
614 2564 682 2606 re
746 2546 970 2607 nostra
1034 2544 1135 2607 vel
1193 2565 1270 2607 ex
1327 2546 1541 2628 operis
1598 2545 1733 2608 suis
1790 2544 2161 2629 adquirant,
2215 2547 2280 2611 id

259 2630 448 2695 nobis
521 2630 927 2715 adquiratur3
992 2631 1164 2716 quod
1235 2654 1387 2697 vero
1463 2636 1643 2697 extra
1708 2655 1816 2697 eas
1883 2655 2143 2718 causas,
2214 2636 2281 2700 id

261 2719 342 2783 ad
390 2717 726 2785 dominum
772 2721 1192 2804 proprietatis
1241 2722 1579 2806 pertineat.

438 2818 540 2883 53.
591 2815 731 2885 Gai.
780 2818 842 2902 2,
887 2818 992 2882 92.
1044 2854 1120 2864 -
1162 2818 1346 2882 Idem
1381 2820 1596 2903 placet
1633 2819 1709 2883 de
1748 2841 1823 2884 eo
1863 2820 1975 2903 qui
2012 2841 2052 2884 a
2087 2821 2276 2888 nobis

258 2905 433 2969 bona
477 2905 602 2970 fide
645 2906 1032 2990 possidetur,
1080 2906 1212 2971 sive
1248 2907 1415 2971 liber
1453 2909 1540 2972 sit
1579 2908 1715 2973 sive
1754 2909 1998 2973 alienus
2039 2931 2279 2975 servus.

261 2995 431 3079 quod
490 2996 661 3060 enim
725 2996 971 3079 placuit
1027 2995 1102 3071 de
1158 2996 1669 3079 usufructuario,
1733 2995 1908 3061 idem
1969 2998 2281 3081 probatur

258 3083 455 3148 etiam
510 3083 587 3148 de
635 3084 841 3149 bonae
887 3083 1037 3148 fidei
1081 3106 1473 3168 possessore.

437 3182 541 3248 54.
598 3180 739 3247 Gai.
785 3183 846 3264 3,
895 3182 1038 3246 166.
1080 3217 1157 3227 -
1211 3232 1228 3247 .
1256 3230 1272 3246 .
1320 3182 1431 3266 qui
1476 3183 1718 3247 nudum
1772 3183 1874 3249 ius
1932 3183 2277 3261 Quiritium

259 3270 326 3334 in
383 3292 569 3336 servo
624 3270 841 3353 habet,
897 3270 1049 3335 licet
1095 3270 1393 3336 dominus
1442 3271 1549 3357 sit,
1593 3271 1807 3337 minus
1853 3274 2070 3338 tamen
2119 3274 2275 3338 iuris

259 3358 327 3422 in
383 3381 458 3424 ea
520 3381 588 3423 re
645 3358 884 3424 habere
941 3358 1345 3445 intellegitur
1401 3380 1593 3445 quam
1649 3360 2161 3427 usufructuarius
2212 3366 2276 3426 et

167 3508 171 3514 ,
259 3447 464 3512 bonae
520 3448 669 3512 fidei
726 3470 1080 3533 possessor.
1171 3470 1325 3514 nam
1368 3450 1583 3533 placet
1628 3471 1707 3514 ex
1750 3450 1929 3515 nulla
1976 3472 2167 3515 causa
2216 3450 2273 3513 ei

261 3533 510 3619 adquiri
555 3558 764 3621 posse.
