2575 3900
331 184 460 248 528
1068 181 1625 238 ΔΒΒῙΤΔΜΕΝΤΑ.

510 347 616 411 49.
664 346 743 410 D.
789 347 895 429 50,
943 348 1001 429 7,
1043 347 1143 411 18.
1216 344 1612 428 Pomponius
1657 344 1811 411 ibid.
1863 382 1940 392 —
1991 395 2006 410 .
2035 393 2052 408 .
2089 345 2162 425 si,
2207 366 2372 409 eum

333 437 539 520 legati
586 434 756 518 apud
799 457 920 499 nos
969 437 1185 499 essent
1229 435 1442 518 gentis
1489 433 1788 517 alicuine,
1833 434 2076 498 bellum
2122 433 2214 498 eis
2265 434 2370 498 in-

336 525 581 589 dictum
630 525 735 604 sit,
780 545 1159 607 responsum
1198 528 1299 586 est
1333 523 1572 588 liberos
1609 545 1720 587 eos
1756 544 2013 588 manere
2053 521 2145 603 [id
2184 523 2371 585 enim

332 613 459 677 iuri
504 613 794 699 gentium
842 614 1145 678 convenit
1188 612 1416 692 esse?].

617 800 676 865 2.
724 798 832 863 Ad
881 798 1212 864 edietum
1260 797 1631 862 aedilium
1677 797 2082 862 curulium.

912 921 1012 988 De
1055 923 1386 1004 mancipiis
1429 923 1784 987 vendundis.

516 1039 620 1103 50.
694 1037 773 1102 D.
828 1040 935 1122 21,
994 1041 1049 1121 1,
1102 1039 1163 1121 4,
1217 1039 1277 1103 2.
1360 1036 1683 1120 Ulpianus
1755 1036 1922 1101 libro
1995 1037 2204 1120 primo
2283 1036 2370 1100 ad

337 1128 617 1193 edietum
692 1127 995 1191 aedilium
1062 1127 1396 1191 curulium.
1475 1162 1552 1172 —
1629 1175 1644 1190 .
1683 1175 1700 1190 .
1761 1125 2075 1190 aleatores
2141 1127 2207 1190 et
2271 1125 2371 1188 vi·

336 1217 553 1281 narios
601 1237 731 1281 non
780 1216 1094 1281 contineri
1142 1215 1348 1280 edicto
1388 1214 1700 1300 quosdam
1737 1214 2138 1298 respondisse
2177 1212 2369 1278 Pom·

337 1305 568 1389 ponius
616 1306 727 1387 ait,
773 1303 1303 1388 quemadmodem
1361 1326 1479 1368 nee
1515 1304 1780 1387 gulosos
1817 1325 1936 1369 nee
1973 1305 2368 1386 impostores

339 1398 454 1458 aut
499 1394 834 1458 mendaces
884 1399 994 1458 aut
1040 1392 1384 1478 litigiosos,

820 1581 879 1644 3.
926 1580 1041 1644 Ad
1089 1580 1426 1645 edietum
1471 1579 1879 1663 praetoris.

609 1705 738 1785 Qui
782 1706 910 1769 nisi
945 1725 1065 1786 pro
1109 1706 1288 1770 certis
1323 1705 1604 1786 personis
1655 1723 1733 1768 ne
1764 1703 2100 1786 postulent.

518 1819 648 1884 51?
705 1819 780 1883 D.
820 1821 880 1902 3,
918 1823 978 1903 2,
1021 1820 1120 1902 13,
1156 1821 1215 1883 7.
1270 1818 1592 1902 Ulpianus
1638 1819 1804 1884 libro
1855 1822 2035 1883 sexto
2083 1816 2164 1881 ad
2203 1815 2390 1881 edic-⁷

340 1913 496 1974 tum.
548 1943 622 1955 —
678 1908 897 1973 Poena
953 1909 1214 1994 gravior
1278 1909 1451 1973 ultra
1512 1908 1724 1992 legem
1779 1908 2084 1993 imposita
2143 1906 2372 1971 existi-

343 1999 693 2063 mationem
743 2003 1096 2082 eonservat,
1143 2003 1215 2061 ut
1261 2000 1327 2061 et
1375 1997 1796 2063 constitutum
1845 2002 1946 2061 est
1990 2000 2056 2061 et
2101 2017 2372 2081 respon-

342 2111 503 2171 sum,
548 2091 783 2170 utputa
822 2087 877 2150 si
916 2109 1059 2151 eum
1101 2088 1211 2170 qui
1246 2091 1431 2170 parte
1471 2087 1786 2151 bonorum
1826 2085 2088 2150 multari
2125 2085 2372 2165 debuit,

340 2198 601 2261 praeses
649 2177 1052 2261 relegaverit.

519 2288 592 2346 ef.
644 2287 884 2347 Sueton.
933 2284 1141 2346 Claud.
1190 2306 1235 2347 e.
1287 2288 1388 2346 14.

866 2442 963 2507 De
1006 2442 1348 2507 minoribus
1391 2440 1533 2505 XX
1543 2441 1603 2506 V
1637 2442 1842 2505 annis,

521 2559 651 2624 52?
698 2558 773 2623 D.
812 2559 873 2640 4,
919 2559 979 2637 4,
1028 2558 1086 2641 7,
1133 2558 1192 2621 9.
1239 2555 1420 2621 Idem
1468 2565 1585 2641 (se.
1631 2554 1979 2639 Ulpianus)
2028 2555 2198 2619 libro
2248 2577 2374 2619 un-

346 2649 590 2714 decimo
657 2648 736 2713 ad
793 2647 1089 2711 edietum.
1159 2682 1235 2692 —
1309 2646 1670 2710 Restitutus
1718 2696 1732 2710 .
1772 2694 1788 2710 .
1849 2666 1995 2709 eum
2059 2665 2128 2707 se
2191 2644 2372 2709 here-

346 2738 537 2802 ditati
586 2738 854 2801 miseeat
901 2736 1001 2799 vel
1048 2757 1189 2798 eam
1239 2735 1429 2799 adeat
1475 2756 1666 2818 quam
1713 2733 2094 2818 repudiavit,
2141 2755 2370 2797 rursus

344 2828 599 2890 restitui
636 2825 893 2909 poterit,
930 2829 1002 2888 ut
1058 2845 1125 2888 se
1182 2822 1530 2905 abstineat3
1579 2827 1644 2887 et
1697 2823 1820 2887 hoe
1869 2826 1935 2885 et
1979 2822 2373 2905 rescriptum

347 2921 411 2979 et
454 2936 839 2998 responsum
887 2916 1001 2977 est.
1046 2970 1051 2973 .

682 3072 781 3137 De
825 3074 1193 3137 alienatione
1237 3072 1454 3136 iudicii
1497 3071 1784 3136 mutandi
1827 3090 2034 3137 causa.

525 3187 655 3253 53?
703 3187 780 3252 D.
818 3189 879 3271 4,
921 3190 977 3270 7,
1020 3190 1116 3252 11.
1162 3187 1343 3252 Idem
1392 3184 1508 3274 (se.
1547 3182 1894 3271 Ulpianus)
1932 3185 2099 3250 libro
2141 3186 2371 3269 quinto

349 3276 759 3361 Opinionum.
802 3314 876 3323 -
921 3274 1083 3341 Cum
1132 3276 1318 3340 miles
1364 3276 1740 3358 postulabat
1787 3296 1901 3339 suo
1939 3274 2202 3339 nomine
2241 3274 2376 3338 liti-

351 3388 504 3452 gare
544 3366 619 3429 de
657 3366 1193 3449 possessionibuS,
1240 3387 1400 3448 quas
1441 3365 1566 3429 sibi
1604 3364 1876 3429 donatas
1916 3384 2054 3428 esse
2095 3363 2370 3448 dicebat,

348 3477 730 3541 responsum
818 3459 942 3537 est,
1028 3454 1082 3518 si
1166 3454 1388 3517 iudicii
1469 3453 1761 3517 mutandi
1833 3474 2029 3517 eausa
2100 3451 2368 3516 donatio

348 3546 522 3609 faeta
605 3544 829 3627 fuerit,
913 3543 1194 3627 priorem
1272 3541 1604 3606 dominum
1688 3543 1961 3625 experiri
2052 3544 2372 3624 oportere,
