2575 3900
805 205 854 253 6.
899 197 1312 254 IAVOLENUS
1348 197 1646 255 PRISCUS
2096 199 2234 264 465

202 362 425 445 fuerit,
487 363 765 427 adiretur
825 381 1006 427 neone
1055 363 1296 444 pupilli
1357 361 1680 439 heraclitae,
1743 382 1884 428 oum
1939 383 2014 426 ea
2069 362 2233 427 bona

205 451 441 516 omissa
492 471 535 514 a
577 450 895 516 substituto
938 451 1262 516 hereditate
1306 452 1393 515 ad
1433 453 1756 516 creditores
1796 471 1922 516 non
1963 453 2229 532 pertine-

204 539 373 604 bant.
463 559 556 604 me
600 540 763 604 illud
803 541 1072 604 maxime
1115 541 1325 618 movit,
1375 541 1538 622 quod
1564 540 2062 622 praeceptoribus
2106 542 2234 606 tuis

197 629 406 711 placet
445 649 641 692 unum
684 649 808 693 esse
853 633 1291 694 testamentum.
1638 709 1645 718 .

387 716 753 800 Respondit:
807 718 968 799 quod
997 721 1253 800 praetor
1291 717 1440 800 filio,
1483 719 1593 800 qui
1626 739 1668 782 a
1690 723 1965 799 paterna
1999 717 2232 783 heredi-

206 810 335 870 tate
376 825 441 870 se
483 806 759 888 abstinet,
791 811 1090 889 praestat,
1133 826 1210 870 ne
1253 806 1428 870 bonis
1451 808 1664 888 patris
1698 807 1828 870 eius
1862 808 2123 872 venditis
2158 809 2230 871 in

201 916 349 959 eum
392 896 549 959 actio
585 896 778 978 detur,
822 893 995 977 (ut),
1040 896 1280 959 tametsi
1302 900 1518 978 postea
1554 896 1611 960 ei
1644 895 1944 961 hereditas
1978 895 2235 978 obvenit,

202 983 606 1048 creditoribus
658 1004 784 1048 non
836 985 1074 1067 reddat,
1127 984 1289 1048 idem
1344 985 1415 1048 in
1466 984 1785 1049 substituto
1838 984 1971 1065 filio
2020 984 2233 1049 herede

205 1072 578 1137 servandum
639 1093 766 1138 non
828 1077 937 1157 est,
999 1073 1293 1155 quoniam
1355 1072 1478 1154 filii
1522 1074 1752 1154 pudori
1795 1074 2098 1155 parcitur,
2162 1078 2236 1137 ut

192 1161 415 1244 potius
447 1162 656 1242 patris
698 1181 887 1242 quam
921 1162 1052 1225 eius
1087 1160 1248 1225 bona
1281 1165 1553 1246 veneant,
1598 1163 1804 1243 itaque
1837 1163 1907 1225 in
1942 1163 2027 1244 id,
2072 1163 2239 1243 quod

196 1253 418 1332 postea
461 1251 519 1314 ei
561 1251 812 1328 obvenit,
857 1251 1017 1314 aetio
1051 1250 1445 1315 creditoribus
1480 1251 1828 1332 deneyatur,
1872 1251 2021 1331 quia
2057 1251 2127 1314 id
2158 1270 2235 1316 ex

206 1338 548 1402 adventicio
618 1339 995 1420 adquisitum
1066 1342 1179 1416 est,
1257 1359 1384 1403 non
1449 1359 1563 1420 per
1624 1344 1867 1421 patrem
1940 1339 2027 1404 ad
2094 1359 2233 1404 eum

191 1427 491 1510 pervenit.
608 1432 676 1492 at
754 1447 894 1491 oum
965 1427 1323 1492 substitutus
1392 1427 1521 1508 ftlio
1594 1427 1985 1492 hereditatem
2054 1429 2233 1513 adiit,

192 1519 532 1599 postquam
572 1516 859 1598 pupillus
902 1536 963 1580 se
994 1520 1296 1597 paternae
1340 1516 1650 1580 misouerit
1689 1516 2035 1599 hereditati,
2091 1521 2235 1582 tune

203 1604 511 1669 hereditas
555 1609 613 1668 et
641 1605 853 1686 patris
896 1609 953 1668 et
993 1605 1115 1686 filii
1151 1625 1281 1668 una
1318 1608 1405 1668 est
1436 1608 1495 1668 et
1528 1606 1598 1668 in
1634 1605 1804 1669 omni
1838 1624 1975 1668 aere
2010 1605 2232 1689 alieno,

201 1694 373 1775 quod
427 1697 538 1756 aut
579 1693 788 1775 patris
831 1697 942 1756 aut
982 1693 1106 1775 filii
1145 1693 1360 1774 fuerit,
1418 1694 1603 1757 etiam
1648 1694 1881 1757 invitus
1921 1692 2092 1758 heres
2137 1694 2234 1758 ob-

210 1782 477 1863 ligatum·
513 1786 570 1846 et
603 1782 1110 1863 quemadmodum
1148 1781 1404 1846 liberum
1441 1783 1497 1846 ei
1530 1801 1657 1846 non
1690 1787 1779 1846 est
1804 1781 2232 1864 obliyationem

199 1868 685 1954 <hereditariam
739 1870 1089 1956 recusare),
1142 1875 1214 1935 ut
1263 1890 1391 1935 non
1435 1871 1782 1935 omnimodo
1787 1920 1807 1951 ,
1862 1871 1920 1935 si
1962 1891 2086 1936 non
2132 1872 2230 1936 de·

203 1961 506 2044 fenditur,
567 1962 769 2042 ipsius
829 1961 988 2025 bona
1038 1966 1317 2044 veneant,
1380 1961 1475 2025 ita
1525 1981 1602 2025 ne
1652 1980 1939 2041 separare
1985 1962 2233 2042 quidem

209 2069 313 2113 aes
357 2050 628 2113 alienum
660 2050 870 2132 patris
914 2054 971 2114 et
1012 2049 1134 2132 filii
1162 2051 1414 2131 poterit‚·
1459 2069 1577 2131 quo
1613 2069 1760 2114 casu
1796 2049 2114 2133 efficietur,
2158 2054 2232 2115 ut

204 2138 602 2203 oreditoribus
636 2139 708 2202 in
741 2159 880 2203 eum
916 2139 1074 2203 actio
1109 2139 1254 2203 dari
1288 2138 1508 2204 debeat.
1581 2139 1745 2220 quod
1775 2139 1833 2203 si
1866 2139 2233 2203 substitutus

205 2225 378 2291 heres
431 2226 818 2293 hereditatem
867 2247 994 2292 non
1044 2228 1292 2311 adierit,
1348 2227 1743 2313 oreditoribus
1775 2228 1985 2309 patris
2028 2228 2099 2291 in
2144 2228 2230 2310 id,

203 2316 372 2397 quod
420 2316 702 2397 pupillus
761 2316 1033 2397 reliquit,
1095 2317 1254 2381 aotio
1307 2316 1451 2379 dari
1502 2336 1627 2379 non
1680 2314 1869 2394 debet,
1932 2316 2229 2398 quoniam

207 2423 397 2485 neque
453 2403 680 2486 pupilli
741 2405 900 2469 bona
960 2404 1165 2468 venire
1227 2404 1437 2469 debent
1482 2408 1738 2486 propter
1799 2423 1904 2468 aes
1954 2406 2230 2470 alienum

196 2492 407 2574 patris
459 2512 647 2574 neque
690 2492 762 2555 in
806 2492 978 2556 bonis
1018 2494 1220 2573 patris
1262 2497 1353 2556 est
1393 2493 1554 2573 quod
1586 2492 1872 2574 pupillus
1915 2494 2228 2575 adquisiit.

1031 2684 1132 2751 De
1175 2686 1407 2768 leyatiS.

386 2801 446 2865 2.
513 2800 588 2865 D.
626 2801 730 2883 31,
768 2801 875 2866 40.
973 2799 1151 2865 Idem
1206 2796 1324 2887 (se.
1368 2796 1739 2887 Iavolenus)
1795 2801 1963 2866 libro
2015 2804 2227 2887 primo

211 2887 676 2974 Epistularum.
725 2926 806 2937 —
855 2887 932 2955 Si
975 2890 1204 2955 duobus
1247 2890 1438 2954 servis
1473 2891 1623 2955 meis
1657 2891 1863 2954 eadem
1897 2911 1994 2956 res
2029 2893 2231 2974 leqata

203 2983 298 3043 est
321 2984 378 3043 et
401 2980 654 3045 alterius
677 2978 837 3044 servi
861 2980 1109 3043 nomine
1134 2980 1221 3043 ad
1243 2999 1339 3043 me
1364 2999 1499 3043 eam
1516 2980 1823 3060 pertinere
1848 2981 2005 3064 noto,
2037 2986 2227 3045 totum

211 3068 295 3132 ad
334 3087 430 3132 me
462 3068 810 3152 pertinebit,
854 3068 1006 3151 quia
1036 3072 1285 3152 partem
1329 3068 1585 3133 alterius
1620 3069 1780 3133 servi
1812 3090 1928 3151 per
1963 3070 2229 3135 alterum

209 3174 447 3221 servum
491 3158 769 3240 adwiro,
804 3158 1062 3239 perinde
1103 3178 1176 3222 ao
1217 3158 1275 3223 si
1320 3178 1447 3222 meo
1492 3162 1549 3221 et
1581 3158 1839 3223 alterius
1872 3180 2040 3225 servo
2076 3163 2231 3225 esset

206 3244 491 3328 Zeyatum.

798 3351 898 3417 De
940 3353 1234 3436 emptione
1277 3353 1631 3419 venditione.

388 3466 447 3531 3.
510 3465 589 3531 D.
628 3468 733 3550 41,
770 3468 832 3552 3,
871 3467 972 3533 19.
1068 3467 1413 3533 Iavolenus
1475 3466 1642 3532 libro
1696 3468 1907 3551 primo
1962 3468 2225 3552 Epistu-

212 3554 438 3619 larum.
497 3591 573 3601 —
631 3555 708 3621 Si
767 3555 1070 3621 hominem
1131 3559 1357 3641 emisti,
1420 3561 1515 3637 ut,
1576 3558 1634 3622 si
1690 3558 1904 3638 aliqua
1955 3558 2225 3621 condicio

316 3666 508 3716 Iun-pr.
534 3669 769 3710 antehsdr.
796 3669 895 3709 reu,
923 3669 992 3711 ed.
1019 3670 1219 3711 Bremer.
1264 3672 1331 3723 11,
1349 3673 1387 3712 2.
1735 3665 1803 3714 30
