2575 3900
944 198 1279 255 ‚SEXTUS
1316 199 1578 256 PEDIUS
2164 201 2247 266 97

398 365 461 428 2.
535 361 614 427 D.
660 364 767 445 21,
816 362 873 446 1,
924 363 1025 446 12,
1075 364 1128 428 1.
1246 362 1570 447 Ulpianus
1642 364 1809 428 libro
1881 365 2092 448 primo
2167 364 2250 428 ad

217 451 503 517 edictum
566 450 866 517 aedilium
924 453 1239 517 curulium
1299 450 1399 537 (Ρ.
1443 447 1680 538 1760‘).
1741 489 1816 500 -
1877 451 2076 536 Eum,
2140 454 2249 537 qui

216 542 499 606 alterum
548 541 804 606 oculum
852 545 967 605 aut
1006 541 1275 605 alteram
1315 540 1646 606 maxillam
1685 541 1994 606 maiorem
2031 541 2251 624 habet,

216 631 276 694 si
328 634 505 696 recte
560 629 641 693 iis
694 633 941 714 utatur,
1006 651 1237 694 sanum
1291 630 1494 695 videri
1548 628 1782 694 Pedius
1838 630 2090 714 scribit3
2157 631 2249 696 ait

217 719 397 783 enim
440 718 967 802 inaequalitatem
1003 718 1408 784 maxillarum
1445 719 1775 784 oculorum
1814 718 2248 804 brachiorum,

218 809 276 872 si
318 806 493 872 nihil
539 830 615 871 ex
662 807 1023 872 ministerio
1066 807 1454 890 praestando
1495 807 1838 887 subtrahit,
1885 811 2068 872 extra
2105 808 2244 873 red·

215 897 609 961 bibitionem
657 917 815 960 esse.

400 984 462 1049 3.
497 981 703 1070 D.21,
725 984 782 1067 1,
808 986 906 1062 14,
925 986 985 1049 4.
1057 981 1376 1066 Ulpianus
1412 985 1579 1049 libro
1614 985 1822 1067 primo
1855 984 1936 1049 ad
1965 984 2247 1051 edictum

216 1073 525 1138 aedilium
572 1074 888 1138 curulium
935 1070 1033 1160 (P.
1069 1073 1314 1156 17608).
1367 1109 1441 1120 -
1485 1124 1500 1138 .
1528 1121 1544 1137 .
1591 1073 1668 1137 de
1716 1095 1791 1139 eo
1839 1074 1948 1158 qui
1993 1075 2246 1139 urinam

216 1163 379 1228 facit
425 1162 776 1246 quaeritur.
860 1165 925 1226 et
959 1161 1192 1227 Pedius
1239 1163 1334 1226 ait
1369 1184 1499 1226 non
1538 1163 1618 1226 ob
1659 1184 1801 1226 eam
1838 1183 1976 1226 rem
2015 1185 2244 1228 sanum

214 1273 352 1316 non
407 1271 574 1334 esse,
635 1250 804 1334 quod
860 1252 929 1314 in
983 1251 1148 1316 lecto
1206 1272 1434 1316 somno
1490 1252 1764 1335 vinoque
1817 1273 2080 1335 pressus
2136 1258 2249 1317 aut

218 1341 418 1404 etiam
464 1339 733 1424 pigritia
776 1339 1084 1424 surgendi
1126 1339 1380 1404 urinam
1425 1339 1647 1424 faciat3
1696 1341 1795 1404 sin
1832 1343 2048 1404 autem
2085 1341 2246 1406 vitio

216 1434 471 1494 vesicae
526 1428 870 1493 collectum
924 1449 1217 1493 umorem
1262 1427 1593 1493 continere
1637 1451 1769 1493 non
1815 1432 2060 1513 potest,
2114 1452 2245 1495 non

217 1519 377 1602 quia
422 1517 675 1581 urinam
720 1517 787 1580 in
834 1517 1005 1582 lecto
1052 1516 1229 1600 facit,
1277 1516 1387 1582 sed
1434 1518 1588 1601 quia
1629 1517 1929 1582 vitiosam
1968 1519 2247 1584 vesicam

216 1606 448 1687 habet,
497 1605 821 1670 redhiberi
867 1627 1078 1689 posse.

402 1693 465 1758 4.
510 1693 671 1761 Ibid.
694 1694 815 1775 ἓξ).
868 1731 942 1742 -
985 1694 1165 1760 Idem
1213 1695 1326 1775 ait,
1372 1694 1426 1758 si
1471 1717 1598 1759 uva
1645 1693 1911 1759 alieuius
1958 1696 2249 1779 praecisa

220 1785 327 1868 sit,
372 1783 605 1848 tollere
651 1783 861 1868 magis
910 1805 1103 1868 quam
1150 1787 1478 1867 praestare
1515 1781 2032 1867 redhibitionem,
2077 1785 2247 1868 quod

216 1871 485 1938 morbus
531 1872 857 1936 minuitur.

882 2015 981 2081 De
1024 2017 1201 2081 dictis
1235 2016 1584 2099 promissis.

401 2140 461 2205 5.
507 2139 585 2204 D.
606 2140 713 2226 21,
734 2141 998 2226 1,.19pr
1073 2139 1392 2223 Ulpianus
1421 2140 1590 2205 libro
1617 2139 1843 2293 primot
1855 2139 1939 2204 ad
1965 2140 2245 2205 edictum

222 2227 531 2293 aedilium
600 2230 917 2293 curulium
991 2226 1091 2315 (P.
1140 2225 1394 2314 17641’).
1458 2264 1542 2275 —-
1598 2278 1614 2295 .
1655 2228 2246 2294 ...Pedius

222 2316 467 2401 scribit,
503 2318 778 2381 multum
816 2319 1100 2402 interest,
1138 2316 1631 2382 commendandi
1668 2318 1837 2383 servi
1871 2339 2064 2382 causa
2093 2317 2246 2402 quid

221 2406 473 2489 dixerit,
509 2427 593 2469 an
629 2428 781 2471 vero
820 2410 1298 2489 praestaturum
1337 2428 1403 2470 se
1439 2407 1814 2489 promiserit
1849 2406 2022 2491 quod
2063 2406 2241 2470 dixit.

400 2496 459 2560 6.
505 2493 583 2559 Ι).
603 2495 709 2579 21,
736 2499 788 2577 1,
808 2496 911 2578 23,
931 2496 990 2561 9.
1063 2495 1381 2579 Ulpianus
1411 2494 1581 2559 libro
1610 2494 1821 2577 primo
1851 2496 1931 2559 ad
1961 2494 2242 2559 edictum

222 2583 527 2648 aedilium
574 2545 911 2648 curuli'um
932 2580 1031 2671 (P.
1056 2580 1274 2669 1772).
1315 2619 1399 2629 —
1440 2581 1604 2646 Cum
1650 2582 2020 2647 redhibetur
2065 2605 2244 2647 man-

221 2672 491 2757 cipium,
548 2671 605 2736 si
650 2672 802 2756 quid
849 2672 930 2737 ad
977 2676 1334 2756 emptorem
1380 2670 1676 2755 pervenit
1720 2672 1823 2735 vel
1870 2671 2060 2755 culpa
2107 2672 2243 2735 eius

220 2782 351 2826 non
387 2761 697 2845 pervenit,
733 2762 988 2826 restitui
1028 2763 1302 2845 oportet,
1337 2781 1470 2824 non
1504 2760 1715 2823 solum
1745 2761 1798 2823 si
1827 2760 1967 2844 ipse
1995 2760 2243 2825 fructus

217 2848 510 2934 percepit
563 2849 965 2915 mercedesve
1021 2872 1061 2914 a
1116 2870 1299 2914 servo
1346 2850 1448 2913 vel
1492 2848 1879 2914 conductore
1927 2848 2098 2913 servi
2145 2871 2246 2914 ac-

219 2938 421 3022 cepit,
486 2938 596 3003 sed
662 2940 858 3004 etiam
922 2938 978 3004 si
1043 2962 1082 3003 a
1145 2938 1475 3004 venditore
1539 2937 1740 3003 fuerit
1796 2938 2034 3003 idcirco
2091 2960 2246 3004 con-

220 3032 501 3106 secutus,
547 3028 719 3112 quod
764 3028 1009 3093 tardius
1059 3026 1118 3093 ei
1162 3028 1491 3092 hominem
1537 3026 1842 3093 restituit.
1913 3028 2026 3093 sed
2072 3032 2140 3091 et
2188 3029 2243 3093 si

218 3138 257 3179 a
315 3116 543 3200 quovis
598 3117 726 3183 alio
782 3137 1153 3200 possessore
1207 3116 1456 3182 fructus
1514 3117 1762 3201 accepit
1807 3119 2087 3202 emptor,
2142 3139 2246 3181 re-

220 3204 493 3269 stituere
543 3226 653 3270 eos
700 3205 975 3271 debebit.
1040 3206 1149 3271 sed
1199 3210 1264 3270 et
1309 3205 1365 3270 si
1410 3204 1563 3290 quid
1610 3205 1932 3270 fructuum
1977 3206 2243 3271 nomine

218 3298 605 3358 consecutus
680 3297 803 3379 est,
881 3295 945 3359 id
1017 3297 1337 3381 praestet3
1417 3296 1576 3359 item
1650 3294 1706 3358 si
1778 3295 2066 3378 legatum
2142 3297 2242 3358 vel

217 3382 545 3447 hereditas
594 3404 775 3451 servo
824 3384 1176 3449 obvenerit.
1258 3405 1465 3468 neque
1501 3382 1720 3466 refert,
1763 3385 2049 3467 potuerit
2084 3382 2243 3447 haec

220 3472 529 3555 consequi
592 3472 890 3537 venditor
954 3494 1035 3537 an
1098 3494 1228 3537 non
1295 3472 1607 3556 potuerit,
1673 3472 1726 3536 si
1791 3493 2047 3537 servum
2112 3492 2243 3535 non

217 3559 642 3644 vendidisset3
688 3583 1005 3645 ponamus
1051 3562 1222 3626 enim
1267 3561 1464 3625 talem
1513 3582 1671 3643 esse,
1717 3560 1830 3643 qui
1869 3580 2094 3643 capere
2133 3559 2246 3622 ali-

326 3672 517 3722 luri-pr.
545 3674 782 3715 antehadr.
809 3674 909 3715 rell.
937 3674 1005 3715 ed.
1032 3675 1234 3715 Bremer.
1280 3673 1344 3727 11,
1364 3676 1401 3715 2.
1787 3667 1817 3714 7
