2575 3900
419 930 567 1029 IV.
651 928 1331 1029 VESPASIANI
1395 931 1615 1030 TITI
1683 932 2271 1033 DOMITIANI

552 1107 1156 1206 TEMPORUM
1219 1108 1514 1208 IURIS
1581 1109 2134 1209 CONSULTI.

332 1328 379 1374 1.
419 1318 699 1376 Servilius.
740 1350 806 1361 -
846 1325 896 1376 2.
934 1318 1197 1390 Pegasus.
1238 1352 1303 1361 —
1342 1326 1392 1377 3.
1433 1322 1766 1378 Octavenus.
1796 1353 1863 1364 -
1891 1328 1942 1376 4.
1981 1323 2251 1381 Plautius.
2281 1355 2348 1366 —

328 1398 378 1445 5.
444 1389 695 1445 Aufidius
752 1391 936 1457 Chiae.
997 1422 1065 1432 —
1125 1398 1174 1447 6.
1239 1391 1597 1451 Puteolanum
1655 1424 1723 1435 —
1781 1400 1828 1450 7.
1891 1394 2223 1465 Campanus.
2280 1426 2351 1437 —

324 1468 385 1518 8.
441 1462 711 1518 Vivianus
749 1492 819 1503 -
867 1467 917 1518 9.
978 1461 1197 1517 Caelius
1227 1464 1514 1605 (3³23ng
1564 1496 1635 1505 —
1683 1472 1766 1521 10.
1822 1465 2109 1521 Iuventius
2155 1465 2349 1522 Celsus

1017 1754 1094 1835 l.
1174 1754 1668 1831 SERVILIUS

500 1915 649 1978 iuris
677 1919 905 1994 peritus
935 1938 971 1979 a
1000 1919 1279 1981 Terentio
1309 1918 1614 1980 Clemente
1642 1916 1943 1997 laudatus,
1973 1919 2076 1995 qui
2105 1918 2350 1980 Proculi

326 2007 686 2067 sententiam
749 2008 960 2085 refert,
1033 2012 1301 2069 ceterum
1361 2007 1533 2069 nobis
1595 2009 1855 2084 ignotus.
1963 2008 2220 2068 fortasse
2284 2009 2350 2068 in

322 2113 570 2155 numero
618 2114 821 2157 eorum
868 2097 1227 2174 scriptorum
1271 2096 1581 2157 habendus
1627 2100 1737 2172 est,
1784 2095 1888 2174 qui
1924 2095 2348 2174 principalium

326 2183 475 2243 iuris
521 2184 929 2244 consultorum
972 2205 1261 2262 responsa
1306 2187 1690 2264 collegerunt.

1166 2411 1179 2424 .
1207 2404 1228 2425 .
1254 2409 1269 2423 .
1316 2362 1506 2424 libri.

968 2472 1069 2538 De
1114 2475 1467 2540 libertorum
1512 2473 1701 2538 bonis.

499 2576 577 2644 D.
607 2580 712 2661 37,
743 2580 843 2664 14,
876 2580 975 2645 10.
1066 2579 1402 2646 Terentius
1454 2578 1754 2646 Clemens
1808 2579 1976 2644 libro
2035 2599 2205 2644 nono
2267 2579 2346 2644 ad

321 2667 531 2752 legem
578 2666 811 2734 Iuliam
870 2673 935 2734 et
980 2668 1250 2754 Papiam
1301 2667 1400 2756 (P.
1429 2664 1564 2755 22).
1607 2705 1697 2715 —
1743 2668 1910 2733 Eum
1958 2667 2070 2752 qui
2117 2668 2346 2752 capitis

319 2762 657 2839 paternum
730 2756 1071 2822 libertum1
1147 2761 1533 2840 accusasset,
1609 2756 1859 2821 excludi
1929 2779 1966 2821 a
2029 2756 2346 2821 bonorum

320 2846 729 2928 possessione
776 2850 1002 2911 contra
1039 2847 1297 2912 tabulas
1336 2847 1596 2931 placuit.
1679 2845 1898 2910 Labeo
1936 2844 2350 2910 existimabat

320 2934 553 3015 capitis
602 2935 1080 3000 accusationem
1126 2958 1266 3000 eam
1317 2956 1477 3020 esse,
1527 2935 1704 2999 cuius
1751 2956 1962 3019 poena
2009 2955 2186 2998 mors
2235 2938 2349 2999 aut

321 3021 582 3085 exilium
638 3027 825 3086 esset.
926 3023 1037 3107 qui
1088 3046 1323 3089 nomen
1383 3024 1643 3105 detulit,
1708 3043 2040 3088 accusasse
2095 3021 2348 3088 intelle-

322 3110 567 3195 gendus
607 3114 722 3194 est,
762 3111 890 3174 nisi
928 3112 1349 3177 abolitionem
1378 3112 1562 3197 petit.
1618 3112 1806 3197 idque
1841 3111 2039 3177 etiam
2069 3110 2347 3178 Proculo

321 3198 646 3282 placuisse
694 3197 999 3266 Servilius
1046 3201 1262 3267 refert.

464 3361 491 3409 1
532 3355 689 3414 Flor.
727 3374 856 3414 eum
891 3361 1189 3429 patronum
1226 3357 1326 3427 qui
1363 3358 1566 3426 capitis
1604 3357 1882 3413 libertum.
