2575 3900
308 143 442 213 442
513 147 580 205 V.
617 146 916 203 NERVAE
955 148 1051 203 ΕΤ
1088 148 1395 205 TRAIANI
1430 146 1650 205 TEMP.
1684 148 1878 204 Iulus
1915 148 2282 215 CONSULTI

307 310 556 393 bebitur,
599 312 752 393 quia
793 312 928 378 sine
969 312 1067 377 his
1102 312 1196 378 ali
1229 332 1449 395 corpus
1484 334 1610 378 non
1638 318 1850 395 potest.
1940 319 2134 379 cetera
2174 335 2350 398 quae

304 401 395 466 ad
432 401 825 485 disciplinam
869 402 1174 483 pertinent
1215 401 1410 487 leyato
1452 422 1579 468 non
1622 403 2025 468 continentur.
2136 446 2147 456 ·

766 566 860 625 De
904 566 1106 641 leyatis
1147 568 1226 627 iis
1268 584 1417 641 quae
1458 567 1687 627 Romae
1729 572 1880 628 sunt.

488 675 590 740 11.
638 674 714 741 D.
743 676 829 742 32
876 677 981 743 84.
1060 676 1403 742 Iavolenus
1440 676 1608 743 libro
1647 677 1925 743 secundo
1964 699 2042 743 ex
2080 675 2341 745 Oassin.

306 800 392 811 --
441 762 561 831 Oui
610 786 768 847 quae
818 728 1055 831 &ornae
1106 769 1302 831 essent
1352 765 1549 849 leyata
1600 771 1772 851 sunt,
1824 767 1882 833 ei
1932 767 2123 832 etiam
2173 788 2344 850 quae

301 854 612 919 custodiae
667 874 860 920 causa
889 858 896 863 '
922 856 993 919 in
1055 853 1291 920 horreis
1350 858 1528 920 extra
1585 854 1796 921 urbem
1846 857 2114 939 reposita
2165 862 2340 941 sunt,

747 1036 842 1097 De
884 1038 1086 1112 legatis
1129 1038 1238 1098 sub
1283 1038 1609 1097 condicione
1650 1038 1884 1099 relictis.

488 1148 586 1213 12.
634 1146 716 1214 D.
736 1146 840 1229 35,
864 1148 920 1230 l,
939 1148 1042 1213 68.
1107 1147 1453 1215 Iavolenus
1480 1146 1650 1212 libro
1677 1146 1957 1213 seeundo
1986 1169 2065 1213 ex
2082 1146 2337 1215 Cassio.

305 1272 390 1284 —-
439 1232 508 1299 Si
543 1238 640 1301 ita.
680 1237 966 1321 legatum
1004 1241 1174 1301 esset
1209 1235 1254 1318 <
1273 1285 1288 1301 .
1310 1285 1325 1300 .
1346 1277 1363 1301 .
1382 1236 1424 1320 >
1453 1234 1622 1301 ‘cum
1659 1236 1993 1320 nubserit’,
2034 1237 2090 1301 si
2126 1241 2336 1321 nupta

305 1324 504 1391 fuerit
559 1328 627 1389 et
679 1324 804 1390 hoe
859 1327 1140 1391 testator
1194 1326 1452 1407 scisset,
1518 1325 1795 1391 alterum
1840 1326 2335 1392 matrimonium

303 1410 464 1479 esse²
534 1414 1035 1499 exspectandum
1106 1412 1397 1498 nihilque
1458 1409 1826 1495 interesse²,
1900 1418 2117 1479 utrum
2182 1414 2333 1480 vivo

304 1504 618 1567 testatore
664 1524 748 1566 an
793 1507 946 1587 post
991 1507 1266 1568 mortem
1314 1524 1390 1567 ea
1434 1502 1673 1567 iterum
1716 1502 2027 1567 nubserit.

487 1590 588 1656 13.
644 1589 721 1656 D.
758 1592 862 1673 35,
904 1594 960 1677 1,
997 1592 1190 1676 54pr.
1289 1590 1631 1656 Iavolenus
1688 1590 1856 1656 libro
1914 1593 2195 1657 seeundo
2252 1612 2332 1655 ex

305 1677 551 1746 cassin.
595 1716 670 1727 —
712 1680 788 1746 Si
830 1682 971 1763 quis
1007 1682 1222 1763 lcyata,
1267 1680 1487 1763 quibus
1521 1680 1649 1744 dies
1684 1681 1968 1761 adposita
2002 1700 2130 1745 non
2164 1685 2331 1764 esset,

303 1788 522 1833 annua
565 1768 733 1833 bima
781 1772 970 1833 trima
1011 1770 1111 1835 die
1153 1771 1301 1835 dari
1341 1769 1527 1834 iussit
1568 1773 1625 1833 et
1666 1769 1883 1850 alicui,
1944 1768 2104 1833 ‘eum
2138 1768 2331 1851 pubes

302 1856 493 1940 esset’,
542 1858 869 1939 pecuniam
915 1859 1158 1940 legavit,
1203 1860 1274 1924 id
1314 1878 1545 1941 quoque
1590 1858 1855 1939 leyatum
1898 1878 2118 1927 annua
2161 1857 2329 1923 bima

305 1947 497 2013 trima
540 1947 638 2012 die
669 1953 817 2029 post
844 1947 1229 2030 pubertatem
1261 1947 1714 2030 praestandum
1758 1966 1882 2012 esse
1924 1946 1997 2012 in
2031 1968 2333 2022 commen:

304 2037 490 2104 taiiis
527 2034 686 2102 Gaii
727 2037 1026 2118 scriptum
1069 2042 1170 2122 est,
1217 2037 1368 2120 quia
1411 2036 1610 2118 mayis
1652 2036 1922 2101 condicio
1966 2056 2155 2119 quam
2199 2036 2330 2102 dies
2420 2057 2429 2068 ·

305 2127 496 2208 leyato
558 2125 796 2190 adiecta
858 2131 1020 2192 esset.
1118 2131 1333 2193 contra
1384 2145 1487 2207 eqo
1539 2125 1754 2209 sentio,
1819 2125 1973 2209 quia
2017 2126 2150 2208 fere
2202 2126 2329 2191 dies

293 2215 558 2299 ponitur
590 2214 679 2278 ad
703 2216 1103 2298 proroyanda
1136 2236 1228 2297 ea,
1272 2235 1429 2297 quae
1464 2214 1551 2280 ad
1573 2233 1869 2295 praesens
1904 2218 2161 2298 tempus,
2204 2234 2328 2280 non

303 2305 491 2368 etiam
544 2323 700 2385 quae
756 2305 824 2368 in
873 2304 1162 2384 futurum
1215 2304 1414 2386 leyata
1466 2307 1637 2386 sunt,
1701 2303 1943 2386 diesque
1982 2303 2327 2386 pubertatis

304 2391 482 2457 habet
523 2392 801 2475 aliquam
848 2395 1136 2476 temporis
1179 2392 1761 2458 demonstrationem.

488 2481 585 2546 14.
639 2479 719 2545 D.
757 2481 910 2546 ibid.
945 2484 986 2562 ξ
1021 2485 1074 2547 1.
1126 2518 1216 2528 -
1269 2480 1529 2547 Duobus
1580 2481 1789 2546 eadem
1839 2500 1965 2564 res,
2018 2481 2077 2546 si
2127 2479 2326 2546 heredi

301 2573 544 2635 centum
577 2571 894 2653 dedissent,
932 2571 1131 2653 leyata
1166 2574 1269 2636 est.
1350 2571 1409 2635 si
1442 2570 1601 2635 alter
1634 2589 1709 2634 ex
1743 2568 1842 2634 his
1879 2570 2325 2652 quinquaqinta

303 2659 560 2739 dederit,
606 2659 851 2742 partem
897 2659 1080 2742 leqati
1123 2663 1511 2741 consequetur
1555 2663 1614 2722 et
1645 2677 1805 2740 pars
1848 2660 2004 2742 eius,
2052 2659 2162 2741 qui
2204 2678 2324 2723 non

303 2748 560 2832 dederit,
605 2749 789 2813 alteri
832 2768 971 2813 cum
1013 2769 1131 2814 sua
1175 2748 1520 2814 condicione
1563 2747 1870 2812 adcrescit.

1133 2947 1352 3008 Liber
1394 2947 1507 3007 III.

1049 3117 1058 3128 .
1130 3065 1229 3131 De
1273 3067 1505 3150 leqatis.

1056 3186 1152 3246 De
1196 3204 1339 3246 area
1384 3189 1587 3263 leyata.

487 3296 588 3361 15.
631 3293 710 3359 D.
740 3296 844 3377 31,
873 3295 976 3361 39.
1038 3295 1218 3361 Idem
1257 3293 1372 3382 (sc.
1401 3295 1775 3382 Iavolenus)
1812 3296 1980 3362 libro
2016 3295 2210 3361 tertio
2246 3316 2316 3360 ex

307 3381 555 3450 Cassio.
607 3420 698 3429 —
753 3382 830 3450 Si
891 3405 1072 3449 areae
1135 3385 1366 3468 leqatae
1414 3390 1561 3467 post
1616 3389 2042 3450 testamentum
2094 3383 2317 3465 factum

449 3527 479 3576 1
525 3523 674 3578 Trib.
712 3521 837 3579 erit.
979 3528 1013 3576 2
1057 3522 1205 3579 'Dr-ib.
1241 3521 1513 3578 intererit.
