2575 3900
909 226 958 275 5.
1004 218 1238 275 TITIUS
1275 219 1533 275 ARISTO
2100 221 2231 287 383

205 382 668 448 manumittere
708 436 721 449 .
751 431 765 446 .
795 381 833 448 .'
924 431 940 447 .
971 433 985 447 .
1013 430 1030 447 .
1070 382 1295 448 Aristo
1362 386 1428 447 et
1485 383 1850 450 Oetavenus
1913 386 2233 469 putabant

205 471 388 536 hune
433 492 720 558 servum,
770 471 848 536 de
894 493 1019 557 quo
1069 477 1495 556 quaereretur,
1540 472 2073 539 fideicommissae
2117 474 2230 539 he-

205 559 508 625 reditatis
552 581 686 626 non
734 576 892 645 esse,
940 560 1093 645 quia
1135 564 1415 626 testator
1457 562 1747 647 rogando
1794 562 2115 649 heredem,
2157 566 2233 628 ut

207 669 362 714 eum
433 649 942 730 manumitteret,
1013 672 1145 715 non
1216 650 1469 716 videtur
1541 650 1618 715 de
1691 672 1765 719 eo
1830 651 2229 717 restituendo

209 758 513 803 sens1sse.

963 826 1064 893 De
1097 827 1489 893 stamziberis.

389 932 495 1000 28.
557 930 636 997 D.
672 934 777 1013 40,
816 934 876 1018 7,
912 934 1065 1017 5pr.
1165 934 1563 1019 Pomponius
1625 934 1791 1002 libro
1858 940 2087 1001 octavo
2148 936 2230 1001 ad

207 1020 522 1087 Sabinum
568 1018 667 1108 (P.
695 1020 876 1109 524).
917 1059 992 1069 —
1037 1021 1397 1089 Statuliber
1443 1024 1759 1089 rationem
1796 1024 2057 1089 reddere
2096 1024 2227 1090 ius·

207 1132 321 1174 sus
366 1110 688 1194 reliquum
737 1111 908 1195 quod
953 1117 1224 1195 apparet
1269 1113 1483 1193 solvit,
1527 1112 1603 1177 de
1652 1134 1745 1192 e0,
1791 1113 1961 1197 quod
1999 1112 2225 1179 obseu-

203 1198 346 1264 rius
393 1202 512 1283 est,
564 1199 890 1265 satisdare·
924 1204 1191 1285 paratus
1239 1206 1356 1266 est.
1445 1199 1750 1266 Neratius
1798 1205 1865 1266 et
1910 1200 2135 1268 Aristo
2166 1253 2179 1267 .
2210 1253 2225 1270 .

203 1290 446 1371 putant
488 1287 778 1355 liberum.
811 1288 968 1368 fore,
1013 1310 1096 1353 ne
1142 1289 1331 1355 multi
1367 1289 1448 1354 ad
1485 1290 1853 1356 libertatem
1889 1292 2227 1375 pervenire

204 1397 344 1529 ξομ
396 1374 652 1529 posgint
701 1378 947 1443 ineerta
1000 1398 1195 1443 eausa
1247 1378 1523 1444 rationis
1580 1384 1645 1444 et
1698 1399 1931 1465 genere
1978 1380 2225 1465 negotii

254 1486 509 1530 musmo
556 1488 596 1529 1.

387 1572 493 1637 29.
538 1572 616 1637 D.
643 1573 749 1657 40,
781 1574 838 1656 7,
870 1573 968 1637 11.
1051 1572 1445 1658 Pomponius
1491 1573 1660 1639 libro
1705 1578 1936 1659 quarto
1975 1574 2223 1640 decimo

209 1660 292 1726 ad
341 1658 650 1726 Sabinum
699 1658 798 1749 (P.
836 1660 1012 1747 597).
1060 1698 1144 1709 —
1192 1659 1262 1727 Si
1307 1662 1495 1727 heres
1540 1663 1874 1745 pecuniam
1922 1663 2227 1729 donasset

207 1750 616 1834 statulibem,
661 1761 734 1815 ut
781 1750 908 1815 sibi
953 1772 1096 1815 eam
1143 1750 1329 1817 daret
1374 1756 1441 1816 et
1481 1751 1646 1816 liber
1684 1756 1872 1835 esset,
1918 1773 2046 1816 non
2084 1752 2226 1817 fieri

207 1839 482 1941 liberum
529 1838 753 1904 Aristo
801 1840 920 1923 ait3
969 1840 1080 1903 sed
1119 1840 1177 1905 si
1213 1841 1281 1904 in
1317 1840 1582 1926 plenum
1620 1841 1679 1905 ei
1716 1839 2035 1924 donasset,
2080 1840 2225 1905 fieri

205 1927 502 1993 hbemm.
845 2016 944 2083 De
989 2027 1182 2102 operis
1227 2019 1597 2084 libertorum.

389 2124 494 2189 30.
540 2124 618 2189 D.
639 2123 833 2209 38,'1,
860 2125 920 2188 4.
983 2123 1165 2189 Idem
1196 2122 1311 2210 (sc.
1339 2122 1768 2212 Pomponius)
1796 2125 1965 2190 libro
1994 2135 2225 2209 quarto

208 2212 291 2278 ad
341 2211 647 2278 Sabinum
694 2210 790 2297 (P.
827 2209 1008 2300 432).
1057 2249 1134 2260 —
1185 2211 1246 2277 A
1294 2214 1542 2280 duobus
1587 2215 2024 2280 manumissus
2071 2217 2225 2280 utri-

210 2322 336 2387 que
376 2323 604 2387 operas
639 2304 1042 2386 promiserat.
1119 2303 1324 2367 altero
1363 2325 1441 2367 ex
1476 2302 1579 2367 his
1617 2307 1873 2369 mortuo
1910 2303 2073 2368 nihil
2111 2307 2225 2388 est,

209 2412 412 2476 quare
457 2412 591 2456 non
635 2390 772 2454 filio
815 2389 971 2474 eius,
1016 2391 1308 2474 quamvis
1348 2391 1692 2474 superstite
1732 2391 1954 2476 altero,
2001 2413 2225 2476 opera·

208 2498 353 2542 rum
401 2477 589 2543 detur
631 2479 878 2562 petitio.
959 2501 1080 2545 neo
1117 2478 1242 2544 hoc
1278 2481 1616 2563 quiequam
1654 2501 1991 2545 commune
2028 2480 2227 2546 habet

209 2588 361 2631 eum
395 2566 752 2634 hereditate
787 2571 901 2632 aut
934 2567 1252 2650 bonorum
1288 2568 1725 2652 possessione3
1760 2569 2024 2653 perinde
2053 2570 2224 2633 enim

208 2676 450 2808 apertae
497 2678 535 2719 a
577 2655 829 2809 {ib‘ffssffifl
877 2678 950 2722 ac
994 2655 1271 2741 pecunia
1317 2655 1558 2721 eredita
1593 2654 1855 2740 petitur.
1934 2656 2095 2721 haee
2130 2657 2224 2721 ita

275 2765 364 2809 ris
398 2766 436 2809 o
483 2765 710 2828 senpsl
743 2795 757 2812 .

387 2856 750 2933 Pomponius
787 2856 980 2917 addit:
1018 2850 1210 2917 ‘euius
1247 2856 1605 2916 sententiam
1640 2860 1788 2932 puto
1816 2875 2047 2935 veram3
2082 2875 2223 2916 nam

208 2945 392 3006 etiam
445 2945 912 3022 praeteritarum
966 2964 1282 3029 operarum
1338 2945 1634 3006 actionem
1687 2946 1818 3006 dari
1871 2945 2074 3006 heredi
2126 2966 2221 3008 ex-

205 3039 415 3094 traneo
481 3035 608 3093 sine
671 3037 836 3094 metu
891 3035 1252 3111 exceptionis
1308 3030 1521 3109 placet.
1622 3034 1862 3094 dabitur
1914 3035 2106 3112 igitur
2160 3039 2226 3095 et

206 3124 344 3184 vivo
390 3124 582 3183 altero
626 3117 921 3200 patrono?

799 3295 899 3362 De
941 3297 1236 3379 emptione
1279 3297 1636 3362 venditione.

385 3402 488 3467 31.
543 3400 624 3466 D.
652 3403 714 3482 2,
745 3403 846 3480 14,
873 3402 978 3468 58.
1065 3401 1373 3467 Neratius
1427 3403 1592 3469 libro
1648 3403 1845 3468 tertio
1898 3402 2219 3469 Membra-

206 3513 457 3556 narum.
516 3526 604 3536 —-
668 3489 774 3554 Ab
841 3490 1166 3574 emptione
1231 3490 1628 3577 venditione,
1688 3491 2007 3557 locatione
2072 3513 2218 3557 con-

207 3579 510 3645 ductione
566 3578 923 3662 ceterisque
978 3578 1298 3644 similibus
1355 3578 1859 3665 obligationibus
1916 3579 2071 3663 quin
2125 3579 2218 3643 in-
