2575 3900
339 191 474 255 374
545 190 610 245 V.
648 190 948 246 NERVAE
987 190 1081 244 ΕΤ
1117 188 1422 245 TRAIANI
1458 188 1670 245 TEMP.
1707 188 1898 245 IUms
1935 187 2291 244 CONSULTI

912 411 1024 472 ΠΙ.
1088 412 1548 489 Digestorum
1596 411 1786 472 libri.

515 534 587 593 In
630 534 951 595 Iustiniani
996 535 1260 613 Digestis
1303 536 1371 597 D.
1405 537 1507 614 24,
1535 538 1595 613 3,
1623 537 1805 612 44pr.
1851 537 2000 595 haec
2044 536 2357 615 leguntur:

339 619 587 683 ‘Paulus
644 623 795 683 libro
851 624 1058 701 quinto
1115 624 1562 696 Quaestionum.
1653 671 1668 685 .
1712 672 1723 684 .
1766 672 1779 686 .
1832 624 2037 685 Nerva
2090 628 2153 685 et
2208 624 2356 684 Cato

339 713 796 790 responderunt,
861 717 933 772 ut
992 716 1086 773 est
1137 715 1398 773 relatum
1450 713 1613 789 apud
1666 713 1911 773 Sextum
1965 712 2359 790 Pomponium

336 802 725 879 Digestorum
789 801 864 860 ab
919 801 1202 862 Aristone
1266 802 1422 863 libro
1481 802 1708 878 quinto.
1806 802 2029 862 ibidem
2084 802 2359 862 Aristoni

338 884 674 951 consentit'.
783 890 1000 968 quibus
1065 891 1137 949 de
1200 891 1398 951 verbis
1462 890 1951 969 interpretandis,
2016 894 2223 950 utrum
2286 890 2359 951 de

338 979 637 1039 Aristonis
678 981 779 1038 'an
843 978 915 1038 de
979 979 1293 1056 Pomponii
1362 980 1628 1059 Digestis
1702 998 1896 1040 sermo
1970 980 2080 1039 fiat
2144 980 2358 1039 eximie

339 1068 666 1128 dubitatur.
750 1070 932 1146 atque
967 1067 1295 1128 Mommsen
1334 1068 1395 1130 Z.
1423 1069 1465 1128 f.
1494 1068 1615 1129 RG.
1644 1068 1766 1128 VH
1790 1089 1847 1145 p.
1880 1070 2007 1128 477
2045 1068 2361 1145 Pomponii

340 1176 507 1237 opus,
535 1176 651 1233 quo
672 1155 970 1217 Aristonis
1001 1156 1327 1218 sententias
1356 1158 1691 1234 contulerit,
1720 1156 2024 1235 designari
2052 1158 2361 1218 existimat

339 1246 844 1306 consentientibus
891 1245 1197 1324 Kruegero
1246 1246 1307 1307 Z.
1353 1246 1410 1305 d.
1448 1246 1702 1306 Sav.-St.
1741 1245 1859 1305 VII
1896 1267 1952 1323 p.
1987 1248 2097 1323 943
2146 1247 2361 1307 Geseh.

336 1355 392 1411 p.
417 1336 544 1394 164
591 1338 653 1394 et
689 1334 971 1394 Karlowa
1005 1333 1034 1392 I
1062 1354 1118 1410 p.
1142 1337 1288 1395 670.
1316 1337 1457 1395 700.
1532 1335 1637 1395 alii
1681 1335 1795 1395 viri
1833 1334 1993 1397 docti
2030 1354 2149 1395 non
2186 1334 2361 1396 Pom-

335 1423 600 1499 ponium,
637 1422 742 1482 sed
777 1423 1120 1483 Aristonem
1157 1424 1405 1500 Digesta
1442 1423 1697 1483 edidisse
1723 1422 1898 1483 Pauli
1935 1424 2132 1483 verbis
2172 1424 2359 1502 signi-

335 1512 504 1571 ficari
548 1512 838 1591 iudicant,
881 1512 1153 1587 inprimis
1199 1512 1272 1571 H.
1321 1512 1568 1572 Pernice
1613 1513 1778 1572 Misc.
1824 1532 1880 1588 p.
1913 1514 2025 1573 35:
2080 1507 2361 1589 ‘Digesta

337 1600 414 1659 ab
443 1598 727 1660 Aristone
766 1647 814 1660 ..
839 1648 852 1661 .
889 1601 1050 1660 kann
1088 1646 1102 1659 .
1123 1647 1136 1661 .
1159 1646 1172 1660 .
1212 1599 1547 1676 sprachlich
1583 1620 1699 1660 nur
1725 1602 2023 1661 bedeuten
2051 1601 2360 1681 Digesten‚

335 1688 560 1749 welche
605 1689 810 1749 Aristo
861 1688 1245 1765 geschrieben
1287 1688 1395 1749 hat
1440 1735 1453 1749 .
1484 1732 1501 1749 .
1530 1684 1568 1749 .'
1659 1690 1753 1749 cui
1798 1690 2123 1750 assentitur
2166 1690 2360 1750 Lenel

337 1777 404 1839 P.
433 1778 543 1837 col.
567 1780 644 1837 61
685 1797 741 1837 n.
765 1782 820 1837 1.
893 1778 1040 1836 mihi
1075 1797 1215 1838 vero
1257 1779 1459 1855 verba,
1504 1798 1656 1856 quae
1693 1779 1843 1838 mire
1877 1779 2134 1839 distorta
2170 1778 2359 1839 Paulo

337 1866 772 1941 attribuuntur,
837 1867 1040 1941 potius
1104 1885 1140 1925 a
1196 1866 1558 1927 Triboniano
1612 1867 1892 1927 videntur
1943 1868 2031 1926 ita
2086 1868 2360 1928 confecta

239 2022 247 2031 ⁸
335 1973 494 2035 esse,
541 1959 610 2014 ut
654 1974 807 2031 quae
853 1955 1074 2015 Paulus
1121 1958 1194 2017 de
1239 1957 1474 2018 Nervae
1520 1957 1819 2017 Aristonis
1867 1955 2181 2033 Pomponii
2226 1977 2357 2018 sen-

335 2045 544 2104 tentiis
607 2045 953 2122 rettulerat,
1019 2063 1089 2104 ea
1155 2045 1409 2121 pessime
1472 2045 1536 2104 in
1590 2045 1771 2107 breve
1834 2045 2113 2123 coegerit.
2214 2047 2361 2122 quid

335 2133 510 2192 Pauli
555 2131 738 2193 verba
782 2152 846 2192 re
883 2152 1025 2192 vera
1063 2133 1177 2193 sibi
1212 2133 1404 2194 velint
1438 2134 1733 2211 explorari
1779 2153 1899 2194 non
1932 2138 2158 2212 potest,
2204 2135 2359 2194 illud

335 2234 524 2282 unum
579 2222 892 2280 dicendum
947 2225 1064 2299 est,
1121 2221 1252 2282 fieri
1306 2240 1504 2302 posse,
1561 2227 1630 2282 ut
1685 2223 1906 2283 Paulus
1962 2223 2358 2298 Digestorum

337 2311 525 2372 libros
588 2311 664 2370 ab
717 2310 1001 2371 Aristone
1057 2313 1357 2371 confectos
1411 2313 1631 2371 iterum
1685 2330 1722 2372 a
1776 2311 2103 2388 Pomponio
2159 2311 2352 2373 editos

339 2419 468 2460 esse
523 2398 854 2460 tradiderit.
959 2401 1117 2478 quod
1163 2400 1365 2478 Lenel,
1411 2401 1514 2477 qui
1558 2400 1719 2474 apud
1761 2399 2107 2462 Aristonem
2154 2406 2356 2461 notat.

337 2483 725 2564 Pomponius
787 2535 800 2548 .
839 2537 852 2550 .
915 2489 1164 2567 Digesta
1227 2488 1359 2566 illa,
1425 2489 1753 2565 epitomata
1816 2489 2094 2565 forsitan,
2159 2490 2354 2550 denuo

337 2578 578 2638 videtur
613 2572 907 2654 edidisse',
945 2577 1104 2653 apud
1138 2576 1533 2654 Pomponium
1570 2579 1773 2636 autem
1811 2573 1902 2655 (II
1928 2579 2035 2638 eol.
2060 2573 2170 2658 79)
2208 2578 2357 2638 haec

335 2669 576 2727 tantum
614 2668 869 2742 profert:
910 2660 1127 2726 ‘Notae
1159 2665 1236 2725 ad
1262 2666 1564 2726 Aristonis
1592 2661 1886 2744 Digesta',
1923 2667 2147 2726 librum
2181 2666 2357 2726 illum

339 2757 614 2832 quintum
642 2775 679 2814 a
696 2755 886 2814 Paulo
915 2755 1168 2814 allatum
1187 2755 1487 2816 Aristonis
1506 2754 1770 2833 Digestis
1798 2755 2095 2833 attribuit,
2111 2757 2358 2832 probari

342 2845 564 2918 nequit.
677 2842 1036 2919 Pomponius
1109 2845 1266 2902 enim
1340 2837 1605 2902 ‘ibidem'
1676 2842 1949 2904 Aristoni
2020 2845 2355 2904 consentire

335 2931 582 3008 dicitur,
645 2933 806 3006 quod
871 2931 946 2990 ad
1008 2932 1192 2992 verba
1255 2926 1430 2992 ‘libro
1495 2925 1729 3008 quinto'
1792 2952 1911 2993 non
1972 2936 2173 3009 potest
2235 2953 2357 2994 non

337 3018 654 3095 pertinere.

516 3107 588 3165 In
623 3107 1010 3184 Digestorum
1053 3108 1220 3167 libris
1257 3107 1602 3169 Aristonem
1647 3113 1711 3169 et
1754 3109 2025 3187 priorum
2068 3129 2359 3188 responsa

337 3195 788 3272 sententiasque
823 3195 1146 3276 rettulisse,
1183 3217 1271 3257 ex.
1292 3217 1381 3276 gr.
1410 3196 1601 3258 Cassii
1628 3194 1846 3278 (D.17,
1864 3201 2095 3276 2,29,2
2126 3193 2355 3260 ‘Aristo

339 3284 527 3343 refert
591 3283 864 3344 Cassium
933 3279 1392 3368 respondisse'),
1463 3288 1623 3348 notis
1691 3288 2043 3365 plerumque
2107 3287 2356 3348 adiectis

337 3367 442 3450 (D.
493 3375 548 3446 7,
590 3375 646 3449 1,
688 3375 744 3448 7,
783 3375 819 3432 3
887 3367 1150 3434 ‘Cassius
1215 3421 1228 3434 .
1265 3420 1280 3435 .
1346 3375 1557 3436 scribit
1619 3420 1636 3437 .
1672 3423 1685 3436 .
1750 3379 1813 3436 et
1872 3377 2080 3438 Aristo
2142 3369 2357 3438 notat'z

339 3461 413 3519 D.
446 3463 547 3539 39,
575 3463 636 3537 -2,
666 3463 748 3522 28
797 3454 1060 3522 ‘Cassius
1105 3463 1316 3524 scribit
1358 3511 1373 3524 .
1402 3508 1416 3523 .
1442 3508 1455 3522 .
1503 3463 1707 3524 Aristo
1755 3468 1956 3525 autem
2002 3512 2051 3526 ..
2072 3512 2087 3528 .
2134 3461 2355 3526 adicit'.

341 3548 414 3608 D.
456 3553 511 3627 7,
554 3553 610 3626 1,
651 3553 748 3623 17,
791 3553 822 3608 1
886 3544 1114 3612 ‘Aristo
1167 3553 1329 3630 apud
1383 3552 1658 3612 Cassium
1708 3547 1921 3614 notat'.
2009 3555 2079 3616 D.
2124 3559 2179 3629 7,
2218 3557 2278 3632 8,
2317 3558 2354 3616 6
