2575 3900
1036 173 1086 221 2.
1126 165 1450 222 PEGASUS
2121 167 2253 232 203

227 349 305 391 ea
349 350 417 393 re
463 329 565 392 vel
612 328 725 392 alii
768 328 1105 393 fruendam
1153 329 1499 394 concedere
1545 330 1648 394 vel
1693 328 1909 395 locare
1954 331 2057 395 vel
2101 352 2252 395 ven-

226 416 376 481 dere
432 419 675 500 potest3
732 439 885 482 nam
940 420 1006 481 et
1059 416 1169 501 qui
1224 418 1400 483 locat
1453 419 1684 501 utitur,
1742 422 1809 482 et
1868 419 1976 503 qui
2031 419 2256 483 vendit

224 504 447 571 utitur.
546 506 658 570 sed
723 509 788 570 et
852 506 913 570 si
973 505 1085 570 alii
1150 506 1441 589 precario
1507 506 1814 572 concedat
1877 507 1982 571 vel
2041 506 2255 590 donet,

224 596 382 678 puto
438 615 585 658 eum
639 594 736 658 uti
790 597 983 679 atque
1036 594 1180 659 ideo
1236 596 1512 661 retinere
1566 617 1753 660 usum
1809 595 2121 678 fructum,
2187 599 2253 660 et

226 683 351 746 hoc
398 679 659 747 Cassius
706 686 772 747 et
814 682 1102 767 Pegasus
1148 683 1639 767 responderunt.

400 772 461 836 4.
507 769 585 836 D.
616 771 719 854 33,
748 772 807 856 8,
836 772 987 855 8pr.
1060 771 1381 855 Ulpianus
1418 773 1589 838 libro
1627 772 1977 837 vicensimo
2018 772 2245 856 quinto

222 858 305 922 ad
360 857 669 924 Sabinum
728 858 826 947 (P.
863 857 1122 947 2680b).
1178 896 1262 907 -
1319 910 1334 926 .
1363 911 1376 925 .
1418 861 1704 945 Pegasus
1759 862 2125 945 respondit,
2191 862 2248 925 si

222 947 633 1032 statulibero,
688 949 789 1013 cui
841 950 1164 1035 peculium
1218 950 1510 1035 legatum
1567 952 1680 1034 sit,
1734 950 1924 1015 heres
1982 950 2241 1014 interim

218 1035 585 1121 crediderit,
658 1036 723 1101 id
788 1037 930 1143 ipso
993 1038 1131 1103 iure
1195 1038 1449 1102 detrahi
1514 1042 1579 1103 et
1643 1060 1914 1123 corpora
1980 1038 2244 1123 singula

218 1125 419 1189 etiam
463 1147 580 1209 per
625 1126 749 1191 hoc
795 1149 904 1191 aes
952 1126 1235 1191 alienum
1283 1127 1583 1193 deminui.

1033 1292 1129 1351 De
1170 1292 1433 1366 nuptiis?

399 1390 457 1455 5.
504 1390 585 1455 D.
614 1390 673 1474 3,
703 1392 763 1473 2,
792 1392 853 1474 2,
882 1392 941 1458 5.
1013 1392 1334 1476 Ulpianus
1381 1392 1549 1458 libro
1596 1396 1777 1458 sexto
1826 1392 1910 1457 ad
1956 1393 2239 1457 edictum

222 1477 324 1561 (P.
353 1476 556 1565 279⁸).
610 1517 685 1526 —
738 1480 872 1545 Eos
902 1529 915 1545 .
947 1531 980 1565 .,
1027 1483 1133 1565 qui
1184 1485 1491 1564 quaestus
1539 1502 1735 1547 causa
1780 1482 1843 1545 in
1885 1482 2238 1548 certamina

220 1567 636 1653 descendunt,
694 1573 759 1633 et
813 1592 1036 1635 omnes
1092 1573 1361 1653 propter
1405 1571 1765 1654 praemium
1819 1570 1890 1634 in
1946 1592 2244 1635 scaenam

218 1656 607 1739 prodeuntes
662 1657 951 1723 famosos
1008 1677 1148 1723 esse
1194 1657 1484 1742 Pegasus
1541 1663 1607 1723 et
1651 1658 1865 1723 Nerva
1920 1659 2093 1723 filius
2152 1681 2246 1724 re-

224 1744 643 1829 sponderunt.

218 1848 223 1853 “
396 1839 468 1898 cf.
516 1839 587 1899 D.
621 1843 677 1913 1,
709 1842 767 1913 9,
800 1844 853 1912 7,
888 1843 920 1899 1
971 1840 1131 1900 infra
1176 1860 1231 1916 p.
1265 1841 1409 1900 206.

749 2046 754 2052 .
812 2001 907 2059 De
950 2002 1255 2060 verborum
1301 2002 1657 2075 obliqatione.

397 2100 455 2165 6.
530 2099 607 2164 D.
646 2099 753 2186 45,
800 2102 854 2182 1,
898 2101 1041 2186 115,
1078 2103 1137 2167 2.
1251 2100 1645 2186 Papinianus
1718 2102 1886 2167 libro
1961 2102 2238 2168 secundo

218 2187 682 2264 Quaestionum
736 2187 833 2274 (P.
875 2189 1005 2274 79).
1050 2227 1139 2237 —
1186 2240 1200 2255 .
1231 2239 1246 2256 .
1296 2192 1352 2254 si
1408 2191 1550 2275 quis
1605 2193 1698 2255 ita
1753 2191 2098 2275 stipuletur
2164 2191 2241 2256 ‘si

217 2276 632 2360 Pamphilum
678 2300 810 2343 non
857 2278 1134 2363 dederis,
1189 2285 1448 2344 centum
1497 2279 1636 2344 dari
1682 2279 2030 2363 spondes?
2121 2279 2237 2344 Pe·

217 2385 415 2449 gasus
495 2366 827 2450 respondit
898 2389 1030 2433 non
1106 2371 1255 2432 ante
1336 2368 1655 2432 committi
1733 2368 2237 2452 stipulationem,

219 2475 410 2537 quam
463 2454 737 2520 desisset
780 2477 972 2540 posse
1018 2455 1394 2540 Pamphilus
1442 2456 1600 2521 dari.
1692 2454 1970 2521 Sabinus
2019 2461 2235 2522 autem

224 2543 637 2609 existimabat
674 2548 739 2608 et
778 2567 835 2629 q.
865 2566 913 2609 s.

976 2665 1071 2724 De
1115 2666 1478 2726 condictione.

397 2766 453 2830 7.
499 2763 577 2831 D.
610 2767 711 2851 12,
741 2766 801 2849 5,
826 2767 870 2830 4
884 2788 979 2849 pr.
1069 2765 1392 2849 Ulpianus
1439 2766 1610 2830 libro
1657 2765 2006 2831 vicensimo
2055 2769 2238 2830 sexto

215 2853 295 2917 ad
336 2853 621 2919 edictum
650 2854 751 2940 (P.
772 2856 808 2919 7
816 2857 852 2919 7
860 2852 978 2941 3¹³).
1007 2891 1081 2901 —
1116 2854 1295 2919 Idem
1333 2855 1387 2918 si
1427 2855 1509 2920 ob
1549 2860 1843 2940 stuprum
1874 2855 2095 2920 datum
2136 2856 2239 2938 sit,

216 2942 316 3005 vel
389 2943 447 3006 si
511 2944 654 3028 quis
719 2944 788 3007 in
853 2943 1166 3008 adulterio
1233 2943 1668 3028 deprehensus
1733 2944 2077 3010 redemerit
2140 2967 2234 3029 se3
2309 3023 2318 3030 ·

214 3035 426 3096 cessat
481 3033 650 3096 enim
707 3033 1039 3116 repetitio,
1094 3031 1283 3116 idque
1342 3029 1619 3097 Sabinus
1677 3037 1742 3098 et
1795 3033 2080 3118 Pegasus
2136 3056 2232 3099 re·

220 3119 636 3203 sponderunt.

982 3215 1090 3276 ΠΙ.
1138 3258 1153 3276 .
1184 3262 1196 3276 .
1228 3260 1241 3274 .
1271 3214 1464 3275 libri.

774 3323 875 3390 De
916 3326 1302 3406 adquirenda
1345 3325 1686 3392 hereditate.

397 3430 453 3494 l.
509 3429 587 3495 D.
625 3431 731 3516 28,
770 3431 831 3509 5,
875 3431 974 3497 19.
1063 3429 1382 3515 Ulpianus
1435 3432 1603 3497 libro
1660 3433 1934 3516 septimo
1993 3433 2072 3498 ad
2121 3435 2236 3498 Sa-

216 3515 441 3582 binum
488 3515 590 3605 (P.
620 3517 843 3607 2489).
890 3555 973 3566 —-
1021 3519 1125 3584 Ex
1180 3520 1354 3585 facto
1383 3569 1398 3586 .
1429 3569 1444 3586 .
1474 3522 1792 3606 agitatum
1835 3520 2234 3605 Pomponius
