2575 3900
619 221 670 268 3.
715 214 790 270 M.
823 212 1169 269 COCCEIUS
1207 213 1460 267 NERVA
1500 212 1569 269 M.
1603 214 1658 268 F.
2112 214 2153 277 ’ἶ

317 382 472 452 Quae
515 382 750 455 inclusi,
795 381 1040 441 Pernice
1086 381 1350 441 eicienda
1394 383 1608 442 merito
1654 384 1871 442 censet.

316 473 381 531 cf.
410 470 534 532 Gai.
569 473 626 549 2,
659 474 760 531 67.

316 581 369 644 6.
415 580 490 646 D.
509 581 664 646 ibid.
686 583 727 661 ξ
755 581 853 645 14.
882 616 968 626 -
996 578 1161 645 Item
1197 579 1369 644 feras
1404 579 1663 661 bestias,
1701 601 1860 664 quas
1889 579 2155 645 vivariis

176 668 607 753 incluserimuS,
663 675 729 734 et
781 671 992 754 pisces
1003 720 1022 754 ,
1076 690 1236 752 quos
1282 669 1349 733 in
1393 668 1675 752 piscinas
1723 669 2156 754 coiecerimus,

175 779 205 818 a
240 758 409 822 nobis
452 758 790 842 possideri.
875 756 984 822 sed
1033 779 1141 822 eos
1187 757 1414 840 pisces,
1462 756 1571 842 qui
1616 757 1684 821 in
1732 761 1965 842 stagno
2004 758 2155 841 sint,

172 853 264 910 aut
293 845 469 931 feraS,
513 868 676 930 quae
713 847 781 911 in
820 845 996 911 silvis
1036 845 1475 927 circumseptis
1515 849 1853 931 vagantur,
1893 869 1931 911 a
1967 847 2154 912 nobis

170 955 278 998 non
302 934 626 1020 possideri,
656 935 963 1019 quoniam
990 934 1252 1000 relictae
1282 935 1414 998 sint
1441 935 1507 998 in
1528 935 1827 999 libertate
1847 935 2157 1021 naturali3

169 1023 424 1108 alioquin
461 1024 659 1089 etiam
699 1025 754 1088 si
792 1024 935 1107 quis
976 1024 1205 1088 silvam
1241 1023 1489 1106 emerit,
1524 1023 1727 1087 videri
1754 1044 1899 1088 eum
1930 1045 2157 1089 omnes

167 1110 309 1176 feras
351 1112 694 1197 possidere.

317 1224 385 1284 cf.
414 1222 543 1283 Gai.
575 1227 631 1298 2,
664 1226 765 1284 68.

321 1335 377 1399 7.
427 1333 506 1400 D.
534 1334 686 1398 ibid.
715 1335 869 1414 §17
918 1356 976 1398 v.
958 1355 1218 1468 —supra
1263 1357 1326 1418 p.
1354 1333 1417 1399 5.

320 1422 376 1487 8.
435 1421 516 1487 D.
551 1422 658 1506 41,
694 1424 755 1506 2,
792 1423 897 1486 47.
1092 1420 1271 1487 Idem
1337 1421 1453 1503 (sc.
1500 1419 1925 1508 Papinianus)
1990 1422 2159 1487 libro

171 1508 486 1575 vicensimo
560 1514 743 1576 sexto
802 1505 1264 1587 Quaestionum
1334 1507 1432 1598 (P.
1481 1508 1657 1597 319).
1728 1547 1802 1557 -
1876 1508 1947 1577 Si
2020 1532 2159 1576 rem

171 1597 440 1662 mobilem
502 1599 670 1683 apud
733 1603 798 1664 te
859 1598 1216 1683 depositam
1275 1605 1389 1664 aut
1444 1621 1521 1663 ex
1576 1598 1980 1665 commodato
2036 1601 2159 1665 tibi

168 1683 601 1772 (permissam)
690 1687 1018 1789 possidere
1105 1709 1312 1772 neque
1393 1688 1655 1754 reddere
1728 1688 2160 1772 constitueris,

171 1774 478 1840 confestim
543 1777 838 1841 amisisse
900 1797 1003 1840 me
1060 1777 1538 1862 possessionem
1592 1777 1692 1842 vel
1749 1778 2158 1862 ignorantem

171 1883 513 1946 responsum
562 1867 678 1929 est.
757 1866 935 1930 cuius
982 1869 1076 1930 rei
1119 1865 1399 1930 forsitan
1446 1865 1561 1930 illa
1606 1865 1774 1931 ratio
1824 1869 1939 1950 est,
1986 1867 2155 1951 quod

174 1971 354 2017 rerum
381 1954 713 2019 mobilium
737 1956 1032 2040 neglecta
1051 1957 1244 2038 atque
1265 1955 1507 2020 omissa
1526 1954 1835 2039 custodia,
1865 1956 2158 2039 quamvis

175 2060 263 2103 eas
303 2063 482 2107 nemo
532 2042 699 2108 alius
744 2042 1073 2127 invaserit,
1117 2043 1353 2108 veteris
1390 2044 1815 2127 possessionis
1854 2044 2158 2109 damnum

177 2127 393 2196 adferre
455 2132 824 2214 consuevit,
887 2131 1078 2216 idque
1123 2130 1345 2198 Nerva
1407 2132 1581 2198 filius
1637 2132 1821 2197 libris
1879 2131 1955 2196 de
2010 2155 2157 2197 usu·

181 2216 520 2301 eapionibus
575 2220 843 2286 rettulit.
941 2220 1110 2287 idem
1167 2220 1395 2285 scribit
1450 2221 1645 2286 aliam
1702 2242 1961 2286 causam
2019 2243 2159 2287 esse

178 2301 421 2373 hominis
458 2308 852 2374 commodati
880 2310 1119 2373 omissa
1147 2308 1468 2393 custodia3
1504 2332 1655 2374 nam
1682 2309 2158 2393 possessionem

179 2394 386 2460 tamdiu
444 2400 730 2462 veterem
795 2398 1050 2462 retmerl
1064 2397 1103 2481 ¹,
1167 2396 1471 2484 quamdiu
1536 2419 1725 2463 nemo
1791 2398 1955 2463 alius
2012 2421 2158 2465 eum

178 2482 464 2561 possidere
528 2486 815 2570 coeperit
879 2485 1201 2567 [videlicet
1254 2486 1425 2571 ideo,
1489 2488 1639 2572 quia
1692 2490 1910 2589 potest
1962 2486 2158 2552 homo

181 2572 470 2653 proposito
501 2573 810 2638 redeundi
839 2574 1099 2640 domino
1127 2575 1602 2659 possessionem
1634 2576 1734 2639 sui
1763 2596 2160 2652 conservare,

183 2657 329 2723 cuius
361 2682 622 2748 corpore
661 2666 905 2728 ceteras
945 2684 1194 2747 quoque
1232 2685 1335 2728 res
1373 2683 1717 2747 possumus
1752 2660 2079 2745 possidere
2095 2625 2160 2743 ‘?]’

890 2843 1003 2904 111.
1067 2892 1078 2905 .
1113 2889 1168 2906 ..
1216 2844 1408 2904 libri.

320 2956 480 3020 Alios
518 2979 771 3038 quorum
809 2959 882 3019 de
919 2964 1272 3038 argumento
1310 2959 1461 3019 nihil
1487 2962 1659 3037 patet
1684 2960 1868 3019 libros
1895 2960 2161 3022 Nervam

179 3048 537 3121 composuisse
582 3048 818 3125 reliqua
862 3049 1204 3127 fragmenta
1247 3047 1531 3108 indicant.

964 3201 1064 3268 De
1109 3203 1337 3286 leqatis.

329 3326 379 3388 1.
421 3323 496 3391 D.
520 3327 576 3411 7,
599 3330 658 3409 1,
682 3326 782 3409 13,
804 3328 861 3392 7.
945 3325 1125 3392 Idem
1173 3323 1288 3411 (sc.
1327 3323 1672 3412 Ulpianus)
1719 3327 1885 3392 libro
1932 3331 2159 3394 octavo

185 3403 388 3476 decimo
443 3414 521 3478 ad
569 3413 881 3479 Sabinum
931 3412 1030 3500 (P.
1061 3411 1415 3500 2582).-
1468 3465 1481 3477 .
1511 3463 1527 3480 .
1584 3414 1641 3479 si
1697 3415 1947 3480 aedium
2004 3439 2161 3481 usus
2290 3488 2293 3491 ,

296 3579 323 3627 1
360 3577 446 3633 Fl.
482 3580 620 3637 fieri.
