2575 3900
697 217 703 224 ·
799 207 851 255 4.
891 201 949 257 c.
980 170 1271 257 CAssn'Js
1307 200 1678 256 muamus
2169 202 2255 266 23

232 364 579 448 scriptum:
661 363 884 430 ‘Lucio
950 364 1152 448 Titio,
1226 365 1284 429 si
1347 365 1402 429 is
1467 365 1688 429 heredi
1751 385 1896 428 meo
1959 363 2256 444 tabellas,

232 454 468 536 quibus
536 453 594 516 ei
656 453 999 536 pecuniam
1063 454 1595 538 expromiseram,
1659 453 1924 535 dederit,
1995 457 2256 517 centum

230 540 426 607 dato'.
493 541 702 606 Titius
732 542 957 606 deinde
987 546 1337 626 antequam
1369 542 1650 607 tabellas
1685 542 1905 606 heredi
1941 542 2257 623 redderet,

229 630 625 695 decesserat:
700 631 1066 714 quaesitum
1131 635 1258 714 est,
1333 653 1414 698 an
1478 630 1699 696 heredi
1763 631 1899 695 eius
1963 631 2255 714 legatum

228 719 587 784 deberetur.
674 717 937 784 Cassius
983 719 1337 802 respondit,
1386 720 1443 785 si
1485 719 1746 784 tabulae
1785 719 2080 800 fuissent,
2124 741 2254 784 non

228 808 479 891 deberi,
540 807 693 892 quia
745 829 879 872 non
933 807 1204 872 redditis
1260 809 1364 874 his
1420 809 1554 872 dies
1611 808 1812 894 legati
1865 829 1995 872 non
2044 808 2254 872 cessit.

1033 983 1133 1050 De
1174 986 1465 1050 societate.

412 1101 472 1165 7.
517 1100 595 1164 D.
629 1101 729 1182 17,
758 1101 818 1182 2,
849 1100 953 1182 29,
985 1101 1044 1165 2.
1136 1099 1453 1184 Ulpianus
1510 1100 1678 1164 libro
1734 1101 2115 1184 trigensimo
2173 1102 2254 1165 ad

228 1187 549 1253 Sabinum
596 1185 695 1274 (P.
724 1187 949 1275 2742).
996 1225 1080 1234 -
1129 1189 1353 1254 Aristo
1400 1187 1600 1252 refert
1647 1187 1945 1254 Cassium
1992 1210 2253 1274 respon-

226 1278 403 1342 disse
442 1277 822 1342 societatem
857 1278 1060 1342 talem
1097 1277 1257 1342 coiri
1291 1299 1426 1342 non
1460 1299 1672 1362 posse,
1711 1283 1782 1342 ut
1812 1278 1978 1343 alter
2003 1278 2254 1343 lucrum

220 1365 497 1449 totum¹‚
564 1366 725 1430 alter
786 1366 1093 1431 damnum
1157 1365 1455 1450 sentiret,
1530 1370 1596 1430 et
1653 1366 1820 1432 hanc
1875 1366 2255 1432 societatem

219 1453 557 1519 leoninam
602 1455 868 1519 solitum
915 1454 1261 1539 appellare.

410 1575 483 1634 cf.
532 1574 786 1635 Phaedr.
833 1574 953 1635 fab.
999 1573 1141 1634 ΑΘΒ.
1188 1573 1245 1651 Ι,
1283 1576 1345 1635 5.

408 1695 465 1758 8.
529 1692 609 1758 D.
651 1695 752 1777 17,
790 1694 850 1778 2,
896 1693 1001 1774 52,
1044 1695 1143 1758 18.
1250 1691 1433 1758 Idem
1497 1689 1611 1779 (sc.
1669 1689 2017 1780 Ulpianus)
2083 1693 2253 1761 libro

218 1781 615 1868 trigensimo
678 1781 891 1865 primo
948 1743 1028 1846 a'd
1086 1782 1369 1846 edictum
1425 1777 1524 1867 (P.
1563 1778 1742 1867 922).
1802 1817 1876 1828 —-
2029 1783 2254 1868 .apud

217 1875 477 1936 veteres
525 1874 862 1955 tractatur,
908 1892 991 1935 an
1039 1871 1252 1935 socius
1291 1869 1582 1935 omnium
1619 1870 1958 1957 bonorum,
2005 1871 2060 1934 si
2099 1872 2253 1956 quid

218 1962 311 2025 ob
390 1960 775 2025 iniuriarum
847 1961 1167 2025 actionem
1242 1960 1589 2024 damnatus
1661 1959 2092 2043 praestiterit,
2176 1984 2254 2026 ex

217 2049 554 2117 communi
583 2052 1012 2133 consequatur
1039 2053 1113 2112 ut
1141 2052 1432 2132 praestet
1459 2096 1474 2113 .
1505 2052 1571 2112 et
1593 2047 1942 2113 Atilicinus
1973 2047 2253 2115 Sabinus

220 2136 492 2203 Cassius
539 2137 1038 2221 responderunt,
1086 2137 1142 2202 si
1187 2136 1424 2202 iniuria
1475 2136 1704 2202 iudicis
1753 2138 2098 2204 damnatus
2149 2139 2255 2223 sit,

218 2229 745 2308 consecuturum,
802 2226 859 2290 si
905 2226 988 2290 ob
1034 2225 1422 2291 maleficium
1471 2248 1685 2309 suum,
1736 2226 1948 2312 ipsum
1995 2232 2251 2292 tantum

215 2316 534 2379 damnum
584 2314 825 2379 sentire
870 2314 1122 2378 debere.

955 2481 1055 2547 De
1097 2486 1235 2547 iure
1278 2484 1530 2547 dotium.

401 2596 461 2661 9.
499 2594 579 2660 Ι).
600 2596 705 2681 24,
721 2599 781 2681 3,
796 2598 899 2679 22,
918 2598 1019 2663 12.
1074 2596 1254 2662 Idem
1284 2595 1397 2677 (sc.
1426 2595 1776 2683 Ulpianus)
1804 2598 1973 2662 libro
2001 2598 2248 2682 trigen-

216 2685 395 2750 simo
429 2685 628 2751 tertio
668 2686 748 2749 ad
786 2686 1066 2750 edictum
1105 2686 1204 2767 (P.
1232 2683 1438 2771 955⁸).
1480 2722 1564 2733 —
1604 2735 1618 2749 .
1648 2734 1662 2748 .
1701 2686 1758 2749 si
1794 2685 1929 2750 filio
1969 2686 2124 2749 data
2165 2687 2251 2749 sit

214 2770 345 2860 (sc.
385 2771 532 2859 dos)
578 2796 713 2839 non
758 2774 939 2839 iussu
984 2774 1212 2859 patriS‚
1260 2772 1540 2839 Sabinus
1579 2778 1645 2837 et
1681 2771 1946 2838 Cassius
1984 2794 2248 2859 respon-

216 2864 463 2927 derunt
515 2863 724 2928 nihilo
780 2864 993 2928 minus
1049 2886 1196 2929 cum
1250 2868 1441 2948 patre⁴
1494 2863 1602 2947 agi
1658 2866 1981 2947 oporter03
2043 2862 2250 2928 videri

214 2952 397 3015 enim
468 2951 550 3015 ad
624 2973 771 3016 eum
841 2953 1215 3036 pervenisse
1288 2953 1532 3035 dotem,
1612 2973 1810 3036 penes
1883 2974 2070 3037 quem
2148 2958 2248 3018 est

212 3037 567 3124 peculium.

405 3128 506 3192 10.
560 3128 641 3193 D
679 3129 787 3213 24,
818 3130 881 3213 3,
916 3129 1023 3196 59.
1110 3130 1402 3194 Iulianus
1455 3130 1632 3194 libro
1673 3130 1952 3196 secundo
2001 3085 2080 3194 ad
2127 3128 2249 3196 Ur-

214 3217 432 3281 seium
476 3216 788 3283 Ferocem
836 3180 937 3303 (P.
964 3216 1145 3304 895).
1190 3251 1278 3265 -·--
1323 3217 1527 3285 Filiae
1575 3239 1759 3283 meae
1802 3219 2246 3303 emancipatae

214 3309 285 3369 et
340 3324 575 3389 aegrae
630 3306 731 3370 vir
784 3329 853 3371 m
904 3307 1028 3372 hoc
1082 3307 1420 3391 repudium
1476 3307 1682 3387 misit,
1737 3312 1812 3372 ut
1855 3312 2116 3374 mortua
2168 3330 2246 3373 ea

212 3393 437 3457 dotem
510 3393 726 3477 potius
800 3395 1143 3461 heredibus
1220 3396 1358 3461 eius
1433 3418 1626 3481 quam
1700 3398 1861 3462 mihi
1933 3397 2246 3461 redderet.

364 3573 393 3621 1
436 3565 535 3625 Fz.
569 3570 808 3627 tantum.
