2575 3900
319 146 448 212 338
521 146 588 202 V.
626 145 925 202 NERVAE
961 144 1054 201 ΕΤ
1090 145 1396 200 TRAIANI
1433 144 1649 201 ΤΕΜΡ.
1685 144 1879 201 IURIS
1919 143 2276 200 CONSULTI

320 313 422 375 est
483 310 695 394 primo
751 309 895 374 loco
951 307 1269 392 Stichum,
1334 309 1614 374 secundo
1671 330 1815 374 eum
1870 308 1971 374 cui
2028 330 2105 373 ex
2158 307 2339 373 fidei-

326 397 656 479 commissi
702 419 897 465 causa
940 398 1309 464 libertatem
1356 396 1567 481 debet,
1609 398 1881 463 liberum
1929 400 1995 461 et
2038 397 2338 463 heredem

328 487 711 570 instituerit,
771 486 1079 552 Neratius
1140 486 1418 552 secundo
1473 485 1617 552 loco
1674 486 1982 572 scriptum
2036 485 2340 551 heredem

324 575 466 642 fore
522 577 641 662 ait,
694 575 843 660 quia
897 597 1029 641 non
1084 575 1342 641 videtur
1395 575 1782 641 creditorum
1836 573 2337 640 fraudandorum

318 686 515 730 causa
561 665 1013 730 manumissus.

498 775 625 838 Gai.
660 778 716 849 2,
750 777 894 837 154.
970 770 1009 836 ³.
1038 824 1051 836 .
1082 776 1187 855 qni
1231 777 1558 837 facultates
1603 794 1744 836 suas
1793 778 2102 853 suspectas
2137 776 2340 854 habet,

324 864 484 926 solet
528 884 771 927 servum
818 885 993 926 suum
1027 865 1221 942 primo
1258 869 1368 924 aut
1405 864 1662 926 secundo
1699 865 1800 924 vel
1834 866 2018 925 etiam
2051 863 2338 926 ulteriore

318 954 516 1103 ggagjii
571 953 829 1102 liberum
882 950 1054 1030 <esse
1111 950 1364 1034 iubere>
1417 958 1480 1014 et
1530 953 1810 1014 heredem
1865 953 2180 1014 instituere
2209 998 2224 1013 .
2254 998 2267 1012 .
2299 946 2337 1013 .'

318 1061 350 1103 c
376 1089 390 1103 .
508 1063 566 1120 p.
600 1047 656 1123 1,
685 1047 725 1104 4
776 1088 789 1102 .

502 1146 560 1210 2.
618 1142 697 1209 D.
726 1145 831 1225 28,
859 1144 922 1231 5,
949 1144 1010 1226 9,
1043 1145 1142 1209 14.
1235 1143 1550 1229 Ulpianus
1606 1143 1774 1207 libro
1824 1144 2050 1227 quinto
2097 1143 2177 1208 ad
2225 1141 2336 1208 Sa·

323 1233 547 1300 binum
603 1231 703 1321 (P.
744 1234 963 1318 2464).
1020 1267 1105 1279 -
1170 1230 1241 1297 Si
1305 1232 1450 1317 quis
1507 1233 1601 1296 ita
1658 1231 1991 1316 scripserit
2053 1230 2338 1298 ‘Stichus

324 1322 490 1387 liber
526 1325 666 1387 esto
705 1325 789 1406 et,
823 1325 1245 1406 posteaquam
1286 1320 1453 1386 liber
1491 1321 1631 1404 erit,
1666 1321 1855 1385 heres
1883 1321 2066 1405 esto’‚
2105 1320 2340 1402 Labeo,

322 1409 633 1476 Neratius
697 1414 763 1474 et
818 1409 1061 1475 Aristo·
1103 1409 1451 1495 opinantur
1511 1408 1799 1474 detracto
1862 1411 2060 1475 verbo
2127 1409 2336 1474 medio

324 1496 600 1583 ‘postea'
661 1499 851 1564 simul
912 1499 974 1564 ei
1026 1501 1092 1563 et
1145 1498 1515 1564 libertatem
1572 1503 1638 1561 et
1691 1497 2113 1564 hereditatem
2171 1519 2335 1563 com-

322 1591 556 1672 petere.

1141 1727 1242 1794 De
1286 1729 1515 1812 leyatia

920 1856 1013 1918 De
1058 1859 1376 1933 leyatorwm
1415 1859 1734 1934 generibus.

876 1976 965 2031 De
1002 1976 1175 2045 leyato
1202 1992 1308 2044 per
1342 1976 1779 2031 vindicationem.

503 2070 564 2135 3.
609 2066 751 2133 Gai.
780 2068 842 2151 2,
873 2067 1017 2133 195.
1063 2102 1150 2113 —
1199 2117 1213 2132 .
1244 2118 1257 2133 .
1289 2118 1304 2132 .
1332 2066 1551 2132 Nerva
1581 2117 1595 2131 .
1623 2118 1638 2133 .
1668 2072 1734 2133 et
1767 2066 2080 2134 Proculus
2117 2070 2342 2135 ceteri-

325 2179 449 2245 que
523 2158 699 2223 illius
774 2155 1033 2221 scholae
1096 2160 1393 2221 auctores
1457 2178 1589 2222 non
1654 2157 1843 2221 aliter
1905 2162 2139 2243 putant
2201 2180 2338 2223 rem

322 2247 625 2337 legatarii
670 2245 842 2328 fieri,
898 2265 1091 2329 quam
1140 2246 1195 2309 si
1239 2246 1523 2311 voluerit
1567 2267 1708 2311 eam
1757 2246 1835 2311 ad
1885 2267 1952 2312 se
1998 2248 2339 2332 pertinere.

885 2420 973 2475 De
1009 2420 1183 2491 leqato
1210 2436 1317 2489 per
1352 2420 1770 2475 damnationem.

495 2514 557 2578 4.
604 2512 681 2577 D.
710 2514 815 2595 31,
845 2512 948 2596 67,
978 2512 1036 2577 8.
1116 2509 1296 2576 Idem
1336 2509 1452 2597 (sc.
1489 2509 1916 2599 Papinianus)
1950 2512 2118 2578 libro
2164 2535 2339 2579 nono

320 2604 567 2668 decimo
608 2601 1073 2678 Quaestionum
1123 2597 1220 2687 (P.
1248 2598 1428 2688 288).
1472 2636 1560 2648 —
1607 2599 1675 2665 Si
1724 2623 1859 2666 rem
1901 2605 2099 2686 tuam,
2145 2623 2337 2686 quam

322 2691 771 2758 existimabam
830 2711 1066 2771 meam,
1122 2694 1188 2754 te
1243 2690 1476 2754 herede
1529 2690 1832 2755 instituto
1881 2689 2056 2756 Titio
2108 2691 2338 2773 legem,

320 2804 451 2847 non
518 2784 619 2845 est
681 2777 937 2843 Neratii
1000 2778 1208 2843 Prisci
1272 2778 1628 2843 sententiae
1698 2799 1815 2843 nec
1888 2780 2339 2844 constitutioni

320 2867 437 2957 (sc.
476 2868 608 2934 divi
646 2866 771 2943 Pii)
817 2868 1017 2950 locus,
1065 2889 1193 2951 qua
1241 2872 1528 2946 cavetur,
1572 2888 1705 2931 non
1751 2868 2110 2951 cogendum
2155 2889 2336 2953 prae-

320 2964 490 3024 stare
536 2959 826 3041 legatum
872 2955 1190 3020 heredem.

502 3068 629 3129 Gai.
673 3072 731 3145 2,
772 3070 918 3128 202.
1010 3062 1048 3126 ³.
1080 3113 1093 3127 .
1132 3085 1319 3143 eoque
1383 3086 1599 3145 genere
1664 3069 1850 3146 legati
1905 3068 2089 3129 etiam
2143 3070 2339 3129 aliena

322 3176 418 3218 res
465 3158 657 3234 legari
701 3148 941 3232 potest?
1031 3156 1079 3215 I.
1112 3157 1166 3227 2,
1201 3158 1302 3226 20,
1332 3158 1391 3215 4.
1456 3150 1495 3215 ³.
1525 3204 1536 3215 .
1569 3204 1582 3216 .
1613 3157 1772 3234 quod
1799 3200 1816 3216 .
1845 3203 1858 3216 .
1889 3157 2146 3218 diximus
2192 3158 2335 3218 alie·

322 3266 462 3306 nam
508 3264 635 3305 rem
680 3263 855 3321 posse
891 3246 1100 3323 legari,
1147 3245 1235 3304 ita
1269 3244 1742 3322 intellegendum
1777 3249 1886 3323 est,
1934 3248 1986 3305 si
2023 3246 2336 3307 defunctus

322 3335 549 3395 sciebat
602 3334 860 3393 alienam
915 3353 1039 3393 rem
1097 3352 1255 3411 esse,
1308 3354 1427 3395 non
1484 3338 1544 3393 et
1590 3334 1640 3394 si
1685 3335 2030 3413 ignorabat3
2084 3335 2338 3396 forsitan

324 3423 499 3500 enim,
547 3423 599 3480 si
645 3423 854 3483 scisset
899 3423 1171 3502 alienam,
1213 3443 1331 3485 non
1375 3425 1656 3502 legasset.
1738 3426 1798 3484 et
1841 3423 1930 3483 ita
1975 3423 2149 3495 divus
2194 3424 2340 3484 Pius

322 3505 670 3589 rescripsit?
