2575 3900
305 133 439 196 552
919 169 940 189 .
1040 132 1595 190 ADDITAMENTA.

311 294 445 360 dati
501 297 668 361 actio
726 317 845 361 neo
898 296 1309 382 negotiorum
1354 302 1683 382 gestorum
1732 301 1859 382 est3
1904 297 2015 363 sed
2064 297 2357 383 quidam

313 383 540 450 utilem
584 388 815 470 putant
861 385 1000 449 dari
1047 389 1361 469 oportere.

483 504 810 581 Ulpianus,
847 505 1039 564 addit:
1113 499 1355 583 ‘quibus
1426 524 1546 565 non
1610 507 1944 583 consentiO,
2002 506 2357 566 secundum

305 592 465 670 quod
512 596 574 653 et
618 592 945 669 Pomponio
992 588 1269 654 videtur'.
1350 589 1541 654 nihilo
1586 595 1784 655 minus
1828 595 2071 655 Pernice
2118 596 2353 656 verbaz

308 675 435 740 ‘sed
483 728 496 741 .
527 727 584 742 ..
634 675 928 758 oportere'
975 683 1179 759 spuria
1225 701 1352 742 esse
1402 685 1595 756 putat.

1091 862 1194 929 De
1235 863 1547 930 solutione.

491 987 637 1052 110.
685 985 824 1052 Gai.
855 989 914 1069 3,
948 989 1092 1053 160.
1132 1025 1215 1034 —-
1251 985 1605 1074 (Utilitatis
1635 1009 1827 1052 causa
1853 992 2184 1071 receptum
2215 993 2345 1072 est,

311 1077 390 1139 ut
444 1075 500 1139 si
555 1083 810 1140 mortuo
857 1099 932 1141 eo
980 1079 1088 1160 qui
1136 1077 1296 1141 mihi
1344 1076 1776 1161 mandaverit,
1820 1076 2134 1161 ignorans
2183 1098 2339 1141 eum

289 1163 662 1237 ¹decessisse
718 1171 1018 1229 executus
1063 1164 1244 1230 fuero
1295 1165 1693 1250 mandatum,
1746 1186 1941 1248 posse
1986 1186 2089 1229 me
2137 1186 2347 1252 agere

311 1253 600 1316 mandati
656 1249 957 1339 actione.)
1048 1260 1114 1316 et
1168 1253 1317 1318 huic
1372 1254 1583 1318 simile
1639 1258 1740 1318 est
1790 1253 1960 1339 quod
2005 1253 2344 1338 plerisque

310 1339 582 1424 placuit,
638 1341 692 1404 si
749 1341 999 1407 debitor
1045 1363 1223 1406 meus
1270 1342 1663 1406 manumisso
1712 1341 2140 1426 dispensatori
2188 1363 2342 1406 meo

307 1450 422 1511 per
467 1428 898 1512 ignorantiam
945 1430 1230 1513 solverit,
1275 1431 1535 1495 liberari
1582 1453 1725 1494 eum
1774 1481 1788 1495 .
1818 1482 1831 1494 .
1863 1480 1876 1493 .

490 1537 635 1600 111.
683 1534 759 1600 D.
801 1536 901 1619 12,
933 1537 988 1617 1,
1017 1537 1122 1601 21.
1205 1536 1384 1600 Idem
1434 1535 1547 1620 (sc.
1592 1533 1909 1621 Iulianus)
1957 1537 2127 1602 libro
2175 1559 2343 1621 qua-

311 1622 718 1707 dragensimo
775 1630 1002 1689 octavo
1060 1624 1498 1710 Digestorum.
1536 1661 1620 1672 --
1669 1624 1947 1702 Quidam
2004 1625 2339 1690 existima-

314 1716 543 1776 verunt
579 1734 785 1797 neque
823 1734 988 1796 eum,
1033 1713 1144 1798 qui
1180 1713 1398 1778 decem
1434 1718 1699 1798 peteret,
1746 1713 2103 1798 cogendum
2144 1714 2337 1798 quin·

312 1821 435 1883 que
499 1801 784 1885 accipere
851 1804 915 1865 et
984 1804 1232 1887 reliqua
1295 1805 1621 1886 persequi,
1694 1824 1903 1886 neque
1967 1824 2145 1885 eum,
2219 1803 2337 1886 qui

312 1888 613 1989 fundum·
678 1910 863 1954 suum
959 1890 1223 1975 diceret,
1323 1895 1571 1975 partem
1673 1890 2009 1956 dumtaxat
2089 1890 2339 1956 iudicio

318 1999 633 2062 persequl.

1082 2086 1181 2152 De
1216 2087 1572 2152 actionibus.

491 2208 636 2275 112.
687 2207 824 2274 Gai.
855 2210 917 2292 4,
944 2210 1049 2276 29.
1096 2247 1180 2257 -
1363 2210 1555 2275 certis
1599 2211 1813 2275 verbis
1851 2210 2087 2295 pignus
2126 2211 2335 2294 capie-

311 2298 504 2361 batur
563 2301 628 2360 et
691 2298 774 2363 ob
839 2298 903 2362 id
973 2299 1289 2383 plerisque
1353 2299 1652 2382 placebat
1714 2299 1884 2363 hanc
1932 2320 2183 2383 quoque
2232 2321 2337 2363 ac-

310 2386 554 2450 tionem
592 2386 752 2470 legis
793 2387 1108 2452 actionem
1149 2409 1306 2469 esse,
1346 2388 1727 2471 quibusdam
1767 2391 1980 2451 autem
2018 2386 2338 2472 (contra)

310 2475 626 2559 placebat,
660 2477 942 2558 primum
980 2476 1150 2560 quod
1187 2476 1477 2560 pignoris
1514 2476 1700 2559 capio
1730 2480 1913 2540 extra
1938 2476 2038 2539 ius
2068 2496 2333 2561 perage-

318 2565 537 2647 batur,
592 2563 656 2627 id
715 2569 814 2629 est
867 2586 1001 2628 non
1058 2565 1226 2649 apud
1269 2568 1665 2647 praetorem,
1710 2564 2085 2648 plerumque
2133 2563 2333 2632 etiam

315 2654 578 2717 absente
627 2654 994 2717 adversario
1042 2704 1056 2718 .
1085 2704 1100 2718 .
1130 2702 1145 2717 .

493 2762 636 2825 113.
695 2759 774 2825 D.
813 2759 926 2843 50,
968 2761 1075 2843 16,
1115 2760 1272 2841 238,
1311 2761 1369 2824 2.
1451 2758 1630 2823 Idem
1689 2756 1803 2843 (sc.
1864 2755 2095 2845 Gaius)
2161 2758 2336 2825 libro

316 2852 496 2913 sexto
557 2848 636 2913 ad
691 2850 902 2934 legem
961 2848 1293 2914 duodecim
1339 2848 1727 2912 tabularum.
1787 2883 1863 2894 —
1923 2898 1938 2912 .
1967 2896 1982 2912 .
2011 2895 2027 2912 .
2072 2847 2337 2931 quidam

311 2938 578 3021 putant,
623 2938 854 3022 pignus
902 2938 1160 3022 proprie
1208 2937 1298 3000 rei
1350 2937 1607 3001 mobilis
1655 2935 1979 3001 constitui.

497 3044 638 3109 114.
689 3044 823 3109 Gai.
852 3046 913 3127 4,
941 3043 1026 3110 58
1049 3066 1139 3127 sq.
1203 3081 1292 3089 —
1338 3041 1408 3107 Si
1462 3042 1530 3106 in
1588 3041 2133 3106 demonstratione
2178 3042 2337 3125 plus

315 3134 429 3196 aut
476 3132 686 3195 minus
731 3134 1013 3216 positum
1061 3134 1164 3215 sit,
1212 3132 1376 3196 nihil
1421 3132 1491 3195 in
1536 3130 1842 3194 iudicium
1892 3129 2335 3196 deducitur...

313 3219 425 3287 sed
473 3223 624 3283 sunt
669 3222 778 3304 qui
823 3226 1057 3306 putant
1102 3222 1313 3285 minus
1362 3224 1531 3285 recte
1578 3218 2048 3302 comprehendi,
2100 3221 2173 3282 ut
2220 3221 2331 3303 qui

315 3310 483 3374 forte
542 3306 834 3375 Stichum
889 3314 954 3374 et
1012 3310 1279 3374 Erotem
1346 3309 1595 3389 emerit,
1658 3312 1833 3371 recte
1892 3307 2185 3371 videatur
2240 3312 2337 3372 ita

315 3400 759 3463 demonstrare
815 3398 1009 3482 ‘quod
1066 3420 1185 3484 ego
1243 3397 1319 3462 de
1365 3401 1430 3461 te
1476 3396 1803 3461 hominem
1849 3395 2115 3460 Erotem
2164 3396 2336 3482 emi'‚

315 3494 382 3552 et
427 3488 483 3552 si
530 3488 712 3571 velit,
760 3493 834 3552 de
883 3483 1103 3552 Sticho
1152 3487 1279 3551 alia
1323 3486 1603 3551 formula
1649 3488 1802 3569 agat
1848 3533 1864 3549 .
1894 3533 1908 3549 .
1938 3533 1953 3549 .
