2575 3900
314 184 448 249 364
519 184 586 240 V.
623 183 924 275 NERVAE
965 183 1056 238 ET
1091 183 1395 239 TRAIANI
1430 184 1645 241 TEMP.
1681 184 1875 241 IURIS
1918 181 2281 239 CONSULTI

319 358 520 432 11‚11
563 353 628 412 Ρ.
656 349 876 434 1597),
913 354 1163 413 Lxxxl
1201 346 1425 434 (D.39,
1443 357 1499 431 2,
1518 357 1601 415 28
1639 345 1943 435 P.1755).
2014 352 2351 429 Ulpianum

308 463 489 520 porro
551 444 845 520 quaedam
900 462 972 502 ex
1024 443 1339 519 Pomponii
1392 443 1565 503 libris
1621 443 1697 502 sd
1752 442 2016 502 edictum
2068 444 2347 505 hausisse

313 536 590 609 apparet:
635 552 692 593 v.
721 551 810 591 ex.
838 552 926 611 gr.
947 532 1092 592 LXI
1129 525 1227 613 (D.
1248 536 1307 609 4,
1328 536 1389 611 4,
1412 535 1512 605 16,
1534 534 1572 591 2
1622 524 2011 608 ‘Pomponius
2060 574 2111 591 ..
2156 533 2349 592 refert

309 621 466 682 libro
526 621 846 681 vicensimo
901 624 1113 682 octavo
1164 666 1180 681 .
1210 670 1224 683 .
1254 667 1267 680 .
1315 623 1661 682 Aristonem
1715 613 2036 703 putasse'),
2080 621 2122 681 1.
2150 620 2349 681 LXXI

307 702 413 790 (D.
436 712 538 783 39,
561 712 619 788 5,
643 712 723 771 18
764 702 996 770 ‘Aristo
1041 710 1130 769 sit
1176 757 1191 772 .
1214 758 1264 771 ..
1314 714 1376 771 et
1421 712 1511 770 ita.
1547 710 1913 786 Pomponius
1956 729 2097 769 eum
2142 710 2348 771 existi-

310 818 478 859 mare
520 800 706 859 refert
750 844 765 857 .
796 842 809 857 .
842 846 855 859 .
903 798 1159 877 denique
1205 800 1395 860 refert
1437 798 1786 859 Aristonem
1831 791 2121 880 putare').
2157 860 2161 866 ,

488 887 819 965 Ulpianum
855 887 1231 966 Paulumque
1266 889 1572 948 Aristonis
1612 888 1941 947 sententias
1986 888 2349 965 saepissime

307 978 570 1054 probare
607 977 822 1037 docent
858 996 1012 1054 quae
1049 977 1211 1053 apud
1237 982 1563 1054 utrumque
1592 978 1895 1054 leguntur,
1926 976 2154 1036 scilicet
2181 977 2349 1054 apud

309 1066 639 1144 Ulpianum
665 1065 837 1125 haec:
871 1059 1203 1143 ‘eleganter
1222 1066 1429 1126 Aristo
1462 1110 1477 1126 .
1495 1112 1509 1127 .
1540 1058 1873 1142 respondit'
1904 1066 1975 1126 D.
1998 1068 2055 1143 2,
2082 1067 2182 1143 14,
2206 1070 2264 1143 7,
2287 1068 2349 1128 2.

309 1149 541 1216 ‘Aristo
598 1198 610 1214 .
647 1199 662 1214 .
717 1154 929 1214 scribit
976 1200 989 1213 .
1023 1200 1037 1214 .
1073 1200 1086 1213 .
1135 1156 1294 1232 quod
1348 1172 1490 1214 sane
1545 1172 1759 1216 verum
1812 1148 1926 1214 est'
1984 1155 2054 1215 D.
2094 1156 2200 1227 43,
2242 1157 2351 1233 24,

314 1247 417 1323 11,
450 1247 551 1304 11.
624 1237 1012 1320 ‘Pomponius
1060 1290 1074 1303 .
1103 1290 1117 1303 .
1143 1289 1156 1303 .
1205 1245 1309 1319 ait,
1354 1243 1703 1304 Aristonem
1750 1290 1763 1303 .
1785 1289 1799 1302 .
1846 1243 2150 1317 adnotare,
2196 1244 2349 1304 haec

308 1352 455 1394 vera
500 1350 643 1393 esse.
720 1337 782 1392 et
819 1340 961 1392 sunt
995 1327 1162 1393 vers'
1204 1332 1341 1392 Vat.
1366 1334 1468 1393 88.
1546 1327 1777 1392 ‘Aristo
1814 1332 2027 1392 scribit
2064 1378 2077 1391 .
2098 1377 2113 1392 .
2135 1378 2149 1391 .
2190 1350 2353 1411 quse

311 1423 613 1483 sententis.
665 1421 983 1500 benignior
1036 1416 1150 1481 est'
1208 1422 1277 1482 D.
1321 1426 1378 1498 7,
1419 1424 1478 1498 8,
1521 1424 1621 1494 14,
1664 1422 1720 1480 1.
1812 1415 2042 1481 ‘Aristo
2101 1467 2113 1479 .
2154 1466 2167 1480 .
2225 1440 2350 1481 non

308 1512 465 1571 male
520 1504 729 1571 adicit'
791 1510 864 1571 D.
905 1511 1008 1588 39,
1045 1513 1104 1587 2,
1144 1512 1246 1571 28.
1332 1510 1493 1587 apud
1549 1509 1810 1569 Paulum
1873 1511 2047 1569 haec:
2111 1503 2349 1570 ‘Aristo

310 1644 324 1659 .
347 1644 394 1659 ..
443 1603 606 1659 recte
651 1592 854 1675 putst'
900 1599 973 1658 D.
996 1601 1098 1673 25,
1123 1602 1180 1674 2,
1202 1602 1260 1672 3,
1283 1602 1340 1660 5.
1414 1594 1647 1660 ‘Aristo
1684 1617 1721 1657 a
1755 1600 2029 1659 veterum
2066 1599 2350 1675 opinione

309 1688 558 1747 recessit
613 1733 628 1748 .
669 1732 682 1746 .
720 1732 736 1749 .
791 1688 971 1765 idque
1024 1687 1298 1748 Iulianus
1354 1692 1517 1748 recte
1572 1681 1813 1763 probst'
1867 1688 1941 1747 D.
1973 1690 2075 1765 35,
2106 1690 2164 1761 2,
2198 1692 2255 1767 1,
2288 1691 2349 1757 9,

309 1772 615 1836 Aristonis
644 1776 1006 1835 sententiam
1034 1777 1419 1853 reprobatam
1446 1794 1579 1837 esse
1609 1776 1905 1852 Ulpianus
1943 1777 2127 1837 semel
2154 1776 2352 1837 tradit

310 1866 384 1927 D.
425 1867 531 1938 40,
570 1867 628 1942 4,
669 1867 706 1923 2
756 1859 987 1924 ‘Aristo
1044 1866 1132 1925 sit
1187 1912 1200 1926 .
1232 1911 1287 1925 ..
1343 1866 1494 1925 mihi
1538 1864 1782 1926 videtur
1835 1882 2011 1941 posse
2070 1866 2187 1925 dici
2244 1912 2301 1925 ..
2333 1912 2348 1926 .

309 1973 425 2032 quo
480 1955 612 2014 iure
665 1947 939 2028 utimur',
990 1955 1139 2014 item
1191 1955 1421 2015 Paulus
1489 1955 1561 2014 D.
1602 1956 1708 2032 45,
1749 1957 1808 2034 1,
1844 1951 1947 2032 83,
1989 1956 2053 2013 1:
2110 1948 2352 2016 ‘Aristo

313 2043 714 2118 existimavit3
760 2042 864 2102 sed
911 2089 924 2103 .
956 2088 970 2101 .
1017 2044 1209 2121 magis
1256 2047 1351 2103 est
1392 2038 1507 2104 ut?

487 2132 775 2207 Denique,
815 2133 883 2190 ut
909 2130 1062 2190 alios
1091 2133 1384 2208 omittam,
1420 2132 1764 2192 Marcianus
1791 2132 1856 2191 in
1883 2131 2350 2192 Institutionum

309 2221 483 2281 libris
529 2220 832 2280 Aristonis
879 2220 1207 2280 sententias
1254 2221 1469 2281 attulit
1515 2212 1585 2302 (l.
1616 2220 1706 2280 VI
1748 2220 1821 2280 D.
1854 2223 1953 2294 30,
1987 2223 2069 2282 88
2108 2220 2174 2282 P.
2202 2224 2349 2295 104,

310 2311 348 2370 l.
395 2309 516 2368 VH
561 2309 634 2370 D.
682 2310 794 2382 33,
845 2311 911 2382 7,
962 2311 1073 2386 17,
1124 2311 1158 2368 1
1214 2309 1292 2382 P.
1335 2303 1519 2389 123),
1594 2311 1891 2386 aliamque
1961 2310 2058 2369 ius
2134 2311 2355 2370 fecisse

308 2398 834 2564 {idgtgrggssadm
879 2391 1259 2478 (secundum
1306 2398 1610 2459 Aristonis
1671 2399 2031 2459 sententiam
2084 2393 2353 2459 constst’

1084 2629 1132 2690 Ι.
1195 2629 1581 2706 Responsa.

488 2754 722 2826 Quibus
775 2753 1222 2814 consulentibus
1275 2771 1565 2830 responsa
1613 2751 1819 2811 Aristo
1878 2752 2137 2830 dederit,
2194 2773 2352 2815 non·

308 2863 619 2920 nunquam
669 2843 733 2901 in
777 2842 1100 2902 Iustiniani
1144 2841 1415 2920 Digestis
1468 2842 1761 2902 traditum
1816 2845 1933 2901 est:
1994 2841 2166 2902 Celso
2218 2843 2357 2903 filio

312 2925 412 3012 (D.
451 2933 510 3002 2,
553 2934 652 3006 14,
693 2933 759 3005 73
815 2932 919 3005 40,
955 2933 1012 3001 7,
1045 2932 1146 3003 29,
1178 2925 1272 3007 1),
1325 2931 1575 2991 Neratio
1629 2929 1833 2990 Prisco
1892 2924 1994 3012 (D.
2026 2933 2127 3000 20,
2164 2935 2222 3009 3,
2253 2925 2355 3013 3),

311 3019 568 3079 Cerellio
602 3019 792 3078 Vitali
815 3011 916 3100 (D.
941 3020 998 3092 8,
1021 3020 1078 3093 5,
1101 3020 1158 3094 8,
1181 3011 1268 3100 5),
1299 3019 1548 3078 Neratio
1576 3019 1853 3095 Appiano
1874 3015 1973 3098 (D.
1996 3022 2101 3094 40,
2123 3024 2183 3100 6,
2205 3021 2356 3100 46),

311 3108 569 3167 Traiano
616 3107 870 3182 principi
917 3097 1017 3188 (D.
1039 3108 1142 3182 37,
1164 3109 1265 3184 12,
1287 3098 1378 3186 5).
1447 3107 1602 3167 illud
1646 3109 1963 3183 praeterea
2006 3110 2340 3170 verisimile

312 3199 406 3257 est
462 3196 662 3271 ipsum
716 3213 1007 3271 response.
1051 3213 1244 3271 neque
1287 3195 1601 3272 collegisse
1654 3214 1848 3273 neque
1896 3196 2179 3278 edidisse,
2236 3200 2351 3260 sed

309 3285 626 3344 Neratium
687 3283 1013 3360 praecipua.
1084 3283 1376 3360 quaedam
1439 3284 1739 3345 Aristonis
1811 3302 2099 3361 responsa
2154 3288 2353 3348 Mem·

311 3373 636 3432 bransrum
688 3371 862 3430 libris
913 3370 1293 3449 proposuisse
1347 3365 1447 3452 (D.
1492 3375 1592 3450 18,
1632 3375 1691 3451 3,
1731 3375 1796 3449 ὃς
1858 3376 1959 3453 13,
2000 3377 2056 3448 1,
2102 3378 2203 3451 12,
2244 3369 2355 3457 2),

312 3461 531 3541 quibus
593 3460 957 3536 Pomponius
1019 3461 1081 3519 in
1146 3461 1331 3521 variis
1391 3462 1589 3539 libris,
1643 3462 1871 3521 scilicet
1917 3464 1992 3522 sd
2057 3463 2354 3525 Sabinum

316 3545 417 3612 (Ι).
451 3552 551 3629 17,
582 3552 639 3626 2,
680 3552 790 3625 62;
838 3550 941 3624 46,
973 3551 1029 3624 3,
1063 3541 1193 3630 16),
1239 3549 1316 3608 ad
1358 3549 1427 3621 Q.
1462 3550 1728 3610 Mucium
1764 3541 1865 3632 (D.
1896 3553 2000 3626 40,
2033 3554 2091 3630 7,
2121 3556 2224 3632 29,
2257 3546 2355 3636 1),
