2575 3900
973 174 1023 233 9,
1061 166 1470 223 ATILIOINUS
2111 169 2235 232 191

208 332 280 395 in
337 330 539 396 fundo
594 332 815 415 legato
860 329 1160 396 inutilem
1208 330 1524 414 futuram,
1579 331 1810 397 deinde
1856 353 1934 397 ex
1978 332 2246 418 reliquis

207 419 507 505 partibus
564 418 748 486 fundi
801 419 966 505 legis
1021 418 1346 485 Falcidiae
1401 420 1766 504 portionem
1823 419 2247 504 decessuram,

209 510 378 574 sicut
426 529 505 574 ex
553 508 852 574 omnibus
898 507 1155 594 legatis.

928 674 1025 733 De
1057 674 1288 748 peculio
1335 674 1532 747 legato.

389 775 449 841 5.
506 774 584 840 D.
616 774 721 861 33,
749 775 808 857 8,
837 775 897 857 6,
924 775 984 839 4.
1057 773 1379 859 Ulpianus
1420 774 1586 840 libro
1623 774 1978 842 vicensimo
2018 776 2244 862 quinto

208 864 290 929 ad
351 862 669 929 Sabinum
702 826 827 951 (P.
866 862 1089 950 2680).
1139 900 1230 911 --
1285 912 1302 928 .
1328 914 1344 929 .
1400 885 1544 929 cum
1600 862 1860 929 Gnaeus
1914 863 2246 929 Domitius

205 953 380 1018 filiae
412 974 565 1018 suae
592 952 917 1041 peculium
947 952 1118 1037 quod
1156 951 1294 1017 eius
1332 955 1505 1016 esset
1531 954 1831 1038 legasset,
1869 958 1933 1018 et
1961 976 2247 1018 annuum

208 1043 382 1127 quod
429 1046 490 1106 ei
537 1036 770 1107 solitus
818 1046 960 1106 erat
997 1047 1163 1125 dare,
1208 1041 1474 1107 biennio
1511 1064 1644 1107 non
1682 1042 1981 1126 dedisset,
2029 1043 2246 1107 sedin

208 1130 575 1196 rationibus
616 1130 750 1196 suis
791 1130 1154 1195 rettulisset
1187 1130 1360 1195 filiae
1400 1151 1468 1195 se
1497 1130 1726 1196 debere
1756 1131 2246 1218 quinquaginta,

209 1218 567 1286 Atilicinus
615 1218 1009 1285 existimavit
1050 1220 1273 1304 legato
1320 1241 1455 1284 non
1499 1221 1739 1285 cedere.

387 1313 480 1373 De
545 1311 649 1374 Cn.
705 1313 961 1374 Domitii
1038 1312 1383 1373 nominibus
1456 1314 1724 1392 vulgatis
1796 1335 1852 1375 v.
1908 1314 2244 1374 Wilmanns

206 1403 503 1479 Exempla
538 1402 602 1461 H
645 1423 704 1479 p.
736 1404 863 1463 324
912 1406 974 1462 et
1017 1402 1372 1481 Prosopogr.
1409 1402 1475 1463 H
1503 1404 1606 1462 23.

389 1487 449 1551 6.
513 1484 594 1552 D.
635 1486 734 1569 15,
773 1487 830 1572 1,
874 1487 973 1551 17.
1066 1485 1387 1569 Ulpianus
1443 1486 1607 1551 libro
1665 1486 2015 1552 vicensimo
2071 1508 2244 1552 nono

210 1575 292 1640 ad
360 1575 637 1641 edictum
704 1574 803 1662 (P.
844 1574 1054 1660 852⁸).
1118 1612 1193 1621 —
1253 1574 1344 1639 Et
1401 1574 1712 1640 Proculus
1777 1582 1844 1640 et
1897 1576 2245 1641 Atilicinus

89 1742 99 1753 .
209 1664 607 1748 existimant,
654 1665 822 1729 sicut
864 1662 994 1747 ipsi
1038 1664 1262 1729 vicarii
1309 1668 1461 1729 sunt
1495 1664 1565 1728 in
1601 1664 1873 1749 peculio,
1918 1664 2012 1729 ita
2049 1665 2247 1729 etiam

205 1754 461 1839 peculia
506 1774 744 1819 eorum.

644 1900 740 1960 Dc
784 1902 1138 1962 ornamentis
1180 1901 1559 1961 muliebribus
1603 1901 1818 1977 leyah‘a

385 2029 443 2070 v.
481 2008 657 2085 Resp.
700 2010 760 2068 2.

604 2169 700 2228 Dc
746 2170 1010 2228 cautione
1054 2170 1374 2243 leyatorum
1418 2170 1854 2229 servamdorum.

394 2270 455 2334 7.
503 2267 581 2334 D.
608 2268 835 2352 32,19.
874 2305 959 2316 --
997 2267 1241 2334 Valens
1291 2268 1462 2335 libro
1501 2269 1728 2354 quinto
1766 2269 2246 2336 Fideicommis-

211 2380 432 2424 sorum
463 2354 562 2444 (P.
580 2356 713 2441 14).
732 2394 817 2404 -
845 2355 913 2422 Si
942 2357 1068 2423 tibi
1098 2358 1390 2443 legatum
1419 2364 1520 2423 est
1547 2359 1650 2422 vel
1678 2358 2246 2423 fideicommissum

206 2447 539 2530 relictum,
585 2447 681 2510 uti
728 2446 882 2531 quid
927 2447 1150 2526 facias,
1195 2447 1452 2511 etiamsi
1496 2469 1630 2512 non
1677 2448 1952 2511 interest
1991 2446 2246 2512 heredis

210 2535 275 2600 id
322 2536 488 2619 ficri,
531 2534 897 2620 negandam
945 2534 1069 2599 tibi
1114 2529 1454 2613 actionem,
1501 2535 1558 2599 si
1592 2557 1724 2601 non
1762 2556 1989 2600 caveas
2025 2536 2248 2600 heredi

206 2623 526 2708 futurum,
592 2625 762 2710 quod
820 2622 1156 2689 defunctus
1211 2624 1442 2708 voluit,
1501 2622 1719 2689 Nerva
1775 2627 1840 2688 et
1893 2623 2246 2689 Atilicinus

208 2764 223 2779 .
253 2762 269 2778 .
302 2717 726 2797 putaverunt.

1052 2807 1147 2865 De
1189 2807 1412 2878 funere.

393 2909 451 2974 8.
506 2905 584 2972 D.
618 2908 721 2992 11,
753 2908 811 2991 7,
839 2909 945 2973 28.
1036 2906 1435 2991 Pomponius
1492 2907 1661 2972 libro
1720 2908 1944 2992 quinto
1999 2906 2245 2974 decimo

212 2998 293 3063 ad
354 2995 669 3062 Sabinum
703 2958 827 3099 (P'.
868 2993 1075 3083 60712).
1132 3033 1215 3044 --
1274 2997 1460 3074 Quod
1525 2996 1582 3061 si
1643 2997 1823 3062 nulla
1884 2996 1998 3062 dos
2056 3002 2248 3083 esset,

206 3091 368 3152 tunc
426 3107 681 3150 omnem
737 3085 1069 3170 inpensam
1130 3083 1246 3176 (sc.
1293 3082 1570 3172 funeris)
1617 3089 1869 3170 patrem
1913 3090 2246 3171 praestare

210 3176 442 3241 debere
488 3175 838 3240 Atilicinus
897 3176 990 3240 ait
1045 3181 1157 3240 aut
1211 3175 1478 3240 heredes
1531 3174 1670 3240 eius
1719 3175 2032 3258 mulieriS,
2089 3180 2248 3260 puta

209 3265 672 3348 emancipatae.
775 3263 943 3349 quod
1012 3265 1067 3329 si
1129 3285 1336 3349 neque
1399 3264 1669 3329 heredes
1733 3264 1974 3330 habeat
2037 3285 2244 3348 neque

205 3357 397 3438 pater
443 3352 748 3418 solvendo
796 3353 899 3437 sit,
946 3353 1252 3418 maritum
1299 3354 1364 3417 in
1414 3357 1726 3438 quantum
1774 3353 1983 3419 facere
2029 3355 2247 3438 potest

207 3464 328 3527 pro
375 3441 499 3506 hoc
548 3442 905 3526 conveniri,
959 3463 1041 3507 ne
1087 3441 1326 3506 iniuria
1372 3442 1507 3508 eius
1558 3442 1876 3508 videretur
1922 3442 2245 3526 quondam

205 3553 473 3597 uxorem
525 3530 659 3595 eius
707 3531 1098 3616 insepultam
1145 3531 1438 3614 relinqui.
