2575 3900
484 172 550 227 H.
589 170 1066 228 INCERTORUM
1103 171 1560 227 SENTENTIAE
1598 173 1690 227 ET
1726 172 1935 227 LIBRI.
2094 173 2221 238 567

984 335 1084 401 De
1127 337 1459 418 adoptione.

382 452 442 518 5.
490 449 651 518 Gell.
699 450 758 533 5,
807 452 909 533 19,
957 452 1039 516 12
1087 475 1178 537 sq.

382 575 436 615 v.
482 555 515 614 I
559 575 616 630 p.
665 557 764 614 21.

719 709 820 775 De
863 712 1282 775 communione
1327 715 1385 775 et
1425 711 1713 776 societate.

386 826 444 891 6.
508 825 684 890 Paul.
750 847 829 889 ex
891 823 1085 891 Festo
1150 848 1209 909 p.
1268 827 1373 892 82.
1437 863 1521 872 —
1581 796 1850 890 Eretum
1906 825 2230 910 citumque

196 914 516 1089 {21}ssssOE
580 918 932 998 consortes,
991 919 1060 978 ut
1122 916 1192 978 in
1254 915 1440 980 libris
1505 917 1725 1000 legum
1790 915 2231 980 Romanorum

385 1106 456 1165 In
493 1107 652 1166 notis
692 1125 728 1165 a
757 1100 1004 1166 Valerio
1045 1107 1239 1166 Probo
1277 1108 1575 1186 congestis
1613 1111 1734 1168 est:
1770 1107 1837 1168 F.
1874 1106 1924 1165 Ε
1964 1107 2229 1167 familiae

203 1196 605 1256 erciscundae.
664 1194 907 1255 Collect.
953 1195 1086 1255 libr.
1133 1197 1249 1258 iur.
1294 1195 1371 1256 ΙΙ.
1419 1218 1477 1273 p.
1528 1199 1671 1257 147.

389 1297 446 1360 7.
512 1295 587 1361 D.
669 1297 777 1380 17,
849 1297 918 1379 2,
992 1297 1105 1381 65,
1170 1297 1226 1362 8.
1338 1297 1577 1361 Paulus
1653 1297 1819 1362 libro
1893 1297 2232 1382 trigesimo

207 1385 486 1472 secundo
537 1384 617 1449 ad
665 1384 962 1450 edictum.
1006 1421 1093 1431 —-
1142 1437 1198 1449 ..
1248 1386 1561 1470 scriptum
1608 1390 1709 1450 est
1761 1407 1955 1469 posse
2000 1409 2235 1471 procu-

204 1475 414 1539 ratori
460 1495 713 1558 quoque
760 1495 904 1538 meo
953 1475 1194 1538 socium
1243 1495 1457 1538 meum
1504 1475 1893 1540 renuntiare.

387 1577 462 1638 cf.
509 1576 554 1636 Ι.
602 1596 660 1651 p.
709 1577 856 1635 223.

1056 1676 1154 1742 De
1193 1679 1384 1760 furto.

391 1793 448 1858 8.
499 1791 635 1874 Gai,
682 1794 742 1876 3,
792 1793 936 1858 194.
985 1830 1069 1838 --
1117 1843 1134 1858 .
1163 1846 1175 1859 .
1206 1841 1220 1856 .
1262 1795 1424 1858 ‘sunt
1478 1795 1587 1878 qui
1636 1794 1929 1858 scribunt
1985 1793 2235 1858 furtum

210 1881 628 1946 manifestum
675 1888 789 1947 aut
833 1883 974 1968 lege
1020 1881 1401 1969 (intellegi)
1448 1886 1559 1946 aut
1604 1886 1850 1948 natura.
2267 1876 2285 1886 ⁸

1008 2042 1109 2108 De
1146 2043 1440 2124 formula.

391 2159 450 2223 9.
499 2158 638 2224 Gai.
683 2160 756 2241 4,·
793 2159 894 2224 60.
948 2196 1022 2205 -
1076 2209 1135 2223 ..
1179 2181 1299 2224 nos
1356 2159 1525 2243 apud
1572 2159 1886 2243 quosdam
1926 2161 2239 2243 scriptum

213 2247 599 2328 invenimUS,
652 2250 720 2312 in
777 2249 1030 2312 actione
1086 2247 1363 2332 depositi
1420 2252 1485 2312 et
1548 2249 1820 2333 denique
1884 2250 1951 2313 in
2008 2249 2239 2313 ceteris

217 2336 513 2399 omnibus
573 2338 642 2399 in
698 2336 931 2420 quibus
989 2334 1330 2399 damnatus
1388 2338 1819 2421 unusquisque
1882 2338 2241 2422 ignominia

215 2429 495 2502 notatur,
543 2446 688 2487 eum
735 2426 842 2508 qui
889 2424 1033 2507 plus
1082 2446 1276 2507 quam
1325 2429 1649 2507 oporteret
1687 2426 2238 2511 demonstraverit,

215 2512 396 2576 litem
461 2512 746 2595 perdere,
809 2512 1014 2575 veluti
1071 2512 1128 2575 si
1193 2513 1336 2595 quis
1402 2534 1529 2577 una
1588 2536 1657 2577 re
1724 2513 2017 2598 deposita
2080 2515 2239 2579 duas

217 2600 514 2684 pluresve
589 2602 701 2684 <se
784 2600 1200 2684 de>posuisse
1266 2601 1821 2685 demonstraverit,
1896 2608 2009 2666 aut
2072 2604 2128 2667 si
2182 2604 2241 2667 is

219 2691 317 2754 cui
384 2710 600 2773 pugno
657 2689 831 2753 mala
883 2711 1189 2773 percussa
1245 2696 1363 2775 est,
1424 2690 1491 2754 in
1549 2691 1800 2755 actione
1856 2690 2240 2755 iniuriarum

219 2780 413 2842 etiam
472 2779 666 2842 aliam
719 2782 968 2861 partem
1027 2780 1316 2863 corporis
1371 2802 1741 2863 percussam
1798 2780 1922 2844 sibi
1979 2779 2241 2845 demon-

219 2866 538 2932 straverit.

916 2925 1033 3030 De‘
1059 2966 1263 3047 officio
1308 2944 1543 3031 iudicis.

399 3088 498 3154 10.
556 3087 718 3154 Gell.
782 3090 880 3171 14,
936 3091 996 3172 2,
1059 3092 1114 3155 1.
1177 3126 1252 3137 --
1315 3089 1455 3165 Quo
1501 3090 1779 3175 primum
1842 3095 2132 3177 tempore
2198 3116 2237 3157 a

219 3179 625 3263 praetoribus
681 3180 889 3243 lectus
946 3179 1012 3244 in
1077 3179 1321 3244 iudices
1392 3202 1563 3265 sum,
1616 3184 1692 3244 ut
1744 3179 2007 3264 iudicia,
2072 3203 2235 3266 quae

224 3267 628 3352 appellantur
655 3270 910 3353 privata
947 3269 1358 3353 susciperem,
1386 3268 1591 3333 libros
1611 3270 1944 3354 utriusque
1969 3271 2236 3355 linguae

225 3356 294 3419 de
369 3355 588 3422 officio
661 3356 890 3422 iudicis
966 3358 1242 3441 scriptos
1318 3358 1679 3444 conquisivi
1733 3409 1746 3423 .
1786 3408 1801 3423 .
1840 3410 1853 3424 .
1902 3364 2094 3443 atque
2167 3360 2237 3422 in

226 3444 466 3509 dierum
515 3446 771 3530 quidem
827 3445 1292 3511 diffissionibus
1331 3446 2237 3531 comperendinationibusque

227 3537 288 3597 et
350 3534 494 3598 aliis
570 3535 954 3619 quibusdam
1036 3535 1346 3619 legitimis
1419 3536 1651 3601 ritibus
1718 3578 1735 3600 0
1779 3585 1793 3601 .
1856 3559 1933 3601 ex
2008 3534 2239 3601 Sabini
