2575 3900
848 205 929 256 11.
969 198 1314 255 CANINIUS
1351 198 1656 255 REBILUS
2129 197 2253 262 197

785 380 884 446 De
928 382 1246 446 interdicto
1277 380 1699 463 possessorio?

405 508 467 571 4.
524 505 602 571 D.
640 507 749 588 42,
777 506 846 589 b,
885 506 991 571 29.
1088 504 1329 569 Paulus
1392 505 1560 569 libro
1628 504 1852 588 quinto
1913 503 1994 567 ad
2049 504 2256 589 legem

227 594 461 659 Iuliam
512 598 579 658 et
623 593 891 678 Papiam
940 590 1039 681 (P.
1068 592 1248 681 957).
1297 630 1382 641 —
1429 592 1714 659 Fufidius
1761 593 1962 657 refert
2007 595 2256 657 statuas

229 683 297 747 in
375 684 634 767 publico
709 684 957 766 positas
1031 682 1218 747 bonis
1294 683 1621 747 distractis
1695 682 1858 765 eiuS‚
1931 683 2112 745 cuius
2189 682 2260 744 in

232 772 547 837 honorem
609 774 862 855 positae
928 774 1106 857 sunt,
1167 792 1300 835 non
1365 792 1502 835 esse
1568 771 1879 854 emptoris
1940 770 2256 835 bonorum

232 862 397 938 eine,
464 860 577 925 sed
643 867 756 924 aut
819 860 1141 943 publicae,
1208 860 1263 923 si
1330 859 1600 924 ornandi
1664 858 2001 943 municipii
2065 879 2260 923 causa

230 950 485 1035 positae
534 949 693 1031 sint,
750 953 865 1013 aut
911 949 1067 1031 eius,
1113 948 1292 1013 cuius
1335 948 1407 1013 in
1451 948 1764 1013 honorem
1808 948 2060 1033 positae
2109 948 2258 1028 sint,

236 1042 302 1102 et
346 1038 528 1103 nullo
577 1038 766 1102 modo
814 1060 922 1101 eas
971 1036 1223 1101 detrahi
1270 1059 1480 1120 posse.

412 1150 485 1209 cf.
528 1144 654 1209 Gai.
685 1150 747 1222 4,
778 1150 923 1209 145.
1014 1143 1342 1209 ‘Bonorum
1396 1166 1630 1225 quoque
1675 1146 1932 1224 emptori
1977 1148 2259 1209 similiter

232 1240 587 1315 proponitur
622 1238 1007 1297 interdictum
1037 1229 1147 1319 (sc.
1175 1238 1590 1313 adipiscendae
1617 1229 2060 1319 possessionis),
2097 1238 2259 1314 quod

232 1328 476 1404 quidam
520 1328 953 1402 possessorium
998 1318 1245 1386 vocant’.

411 1416 497 1475 De
544 1416 761 1475 statuis
810 1434 1041 1493 eorum,
1092 1416 1196 1491 qui
1240 1415 1494 1491 relegati
1539 1418 1682 1475 sunt
1728 1434 1799 1474 ex
1847 1431 2028 1474 causa
2073 1414 2256 1474 maie-

234 1504 439 1581 statis,
486 1498 917 1564 ‘detrahendis'
964 1505 1051 1563 ait
1094 1504 1466 1563 Modestinus
1514 1502 1586 1565 D.
1616 1505 1720 1577 48,
1753 1506 1852 1579 19,
1887 1504 1985 1563 24.

696 1798 816 1881 11.·
890 1802 1346 1877 CANINIUS
1404 1802 1806 1876 REBILUS

411 1946 571 2008 filius
627 1946 886 2008 consulis
941 1948 1070 2008 suff.
1110 1967 1161 2010 a.
1202 1944 1311 2025 12,
1374 1948 1502 2024 ipse
1557 1948 1764 2008 consul
1818 1965 1972 2008 anno
2025 1946 2256 2008 incerto

235 2030 484 2116 (quippe
542 2055 719 2114 quem
772 2037 992 2096 Seneca
1041 2037 1114 2096 de
1162 2039 1289 2098 ben.
1326 2040 1381 2114 2,
1415 2040 1514 2115 21,
1546 2040 1582 2097 5
1631 2037 2004 2099 consularem
2053 2031 2258 2116 dicat),

234 2119 336 2184 ‘ob
364 2125 641 2185 libidines
669 2126 1043 2186 muliebriter
1070 2121 1353 2200 infamis’‚
1385 2121 1711 2186 ‘cruciatus
1739 2127 1952 2206 aegrae
1985 2129 2256 2186 senectae

232 2215 415 2274 misso
462 2233 568 2290 per
611 2233 795 2274 venas
843 2215 1130 2293 sanguine
1171 2210 1406 2293 effugit’
1455 2231 1506 2275 a.
1539 2217 1640 2276 56.
1715 2215 1850 2275 Tac.
1873 2227 2006 2275 ann.
2033 2215 2130 2291 13,
2155 2215 2256 2275 30.

413 2301 692 2362 Rebilum
747 2303 929 2362 etiam
986 2297 1227 2379 ‘peritia
1273 2299 1498 2382 legum'
1547 2325 1618 2363 ex
1663 2304 2023 2380 primoribus
2070 2304 2257 2363 fuisse

234 2391 394 2450 idem
442 2394 651 2451 auctor
695 2393 735 2452 1.
765 2411 811 2451 c.
858 2393 1061 2452 refert.
1153 2391 1224 2452 de
1262 2393 1562 2468 responsis
1609 2392 1734 2452 eius
1780 2393 1931 2452 nihil
1976 2393 2254 2452 traditur.
