2575 3900
322 199 453 264 262
527 199 593 253 V.
630 198 929 254 NERVAE
969 198 1061 253 ΕΤ
1100 198 1404 254 TRAIANI
1440 197 1650 253 ΤΕΜΡ.
1688 197 1879 254 IURIS
1918 196 2280 254 CONSULTI

318 368 576 444 quidam,
624 367 731 444 qui
768 366 1086 445 consuluit,
1120 385 1269 426 usus
1305 367 1580 427 videatur
1616 385 1765 427 esse.
1825 386 1972 426 num
2007 367 2136 442 ipse
2163 367 2339 425 Pom·

316 455 533 534 penius
589 455 861 516 Priscum
914 455 1310 531 consuluerit,
1365 456 1642 534 cognosci
1693 455 1920 533 nequit.
2007 474 2141 515 cum
2193 473 2338 516 vero

316 545 423 604 ino
460 545 589 605 loco
628 564 746 621 quo
784 544 1124 603 Fulcinium
1157 544 1384 619 laudat,
1430 563 1549 604 non
1583 563 1937 620 responsum
1973 544 2102 603 eius
2145 544 2339 620 affert,

318 632 423 694 sed
477 635 635 711 quod
679 633 989 693 Fulcinius
1035 626 1341 709 ‘scripsit',
1388 633 1656 693 Priscum
1714 636 1918 692 autem
1962 632 2339 708 respondisse

316 722 523 799 tradit,
568 722 906 782 Fulcinium
951 740 1070 781 non
1114 721 1416 800 designari
1458 722 1813 798 putaverim.

498 811 725 871 Paulus
768 829 888 870 non
933 811 1106 869 modo
1145 810 1488 870 Fulcinium
1532 811 1759 889 laudat,
1804 810 1909 869 sed
1954 809 2137 869 etiam
2164 809 2336 871 Iavo-

323 901 528 959 lenum
593 902 656 959 et
705 898 1049 974 Neratium3
1112 902 1424 975 praeterea
1488 898 1564 958 ad
1626 899 1786 958 hunc
1838 898 2023 958 libros
2080 898 2338 974 scripsit.

318 988 579 1049 Fulcinii
631 1007 775 1050 vero
832 987 1157 1047 sententias
1219 988 1395 1046 affert
1448 987 1511 1046 in
1556 987 1832 1063 pluribus
1877 987 2076 1064 libris,
2135 1005 2212 1047 sc.
2261 987 2340 1046 ad

318 1077 633 1154 Sabinum,
700 1077 774 1136 ad
838 1075 1130 1152 edictum,
1196 1075 1273 1134 ad
1336 1077 1374 1135 1.
1429 1076 1650 1135 Iuliam
1714 1079 1776 1134 et
1830 1075 2078 1152 Papiam
2143 1078 2206 1135 et
2261 1077 2340 1134 ad

314 1166 639 1225 Plautium.
739 1184 874 1224 cum
928 1164 1001 1223 de
1054 1164 1245 1223 Prisci
1294 1165 1593 1224 sententia
1641 1165 1938 1223 referatur
1994 1164 2149 1224 libro
2196 1163 2340 1222 LIV

316 1255 392 1315 ad
458 1254 747 1330 edictum,
810 1254 875 1311 in
937 1270 1053 1328 quo
1111 1252 1448 1312 Fulcinium
1512 1272 1748 1328 quoque
1811 1252 2023 1312 laudat
2089 1245 2192 1334 (D.
2231 1255 2339 1331 43,

320 1346 421 1420 16,
462 1335 550 1422 8),
596 1343 725 1402 fieri
769 1344 995 1418 potest,
1039 1343 1113 1400 ut
1158 1341 1499 1400 Fulcinium
1545 1341 1736 1401 Prisci
1779 1342 2015 1401 nomine
2061 1341 2336 1418 designa·

316 1432 499 1505 verit,
557 1450 735 1508 quem
791 1429 939 1490 alias
987 1423 1283 1489 ‘Priscum
1327 1425 1691 1489 Fulcinium'
1736 1430 2031 1489 nominari
2076 1430 2338 1507 legimus

317 1513 416 1600 (D.
449 1521 552 1593 31,
582 1521 682 1592 49,
717 1511 804 1598 2).
895 1517 1073 1577 aliter
1118 1517 1304 1578 sentit
1347 1517 1549 1595 Lenel,
1596 1518 1701 1595 qui
1737 1519 1801 1577 P.
1831 1519 1863 1577 I
1901 1518 2008 1579 col.
2041 1520 2168 1579 778
2205 1538 2263 1577 n.
2297 1522 2334 1577 2

315 1610 476 1668 certe
513 1606 583 1666 D.
616 1610 718 1680 41,
749 1610 807 1681 2,
839 1610 895 1684 1,
927 1610 1004 1665 21
1056 1606 1372 1666 Neratium
1418 1606 1723 1684 designari
1759 1606 2063 1666 existimat
2099 1607 2336 1667 collatis

314 1696 389 1755 D.
418 1697 521 1770 41,
557 1698 611 1775 1,
646 1697 723 1755 13
773 1699 833 1755 et
871 1698 975 1771 41,
1006 1697 1062 1770 3,
1092 1697 1196 1754 47.
1278 1698 1344 1754 at
1390 1694 1453 1754 in
1489 1695 1562 1754 D.
1592 1697 1696 1771 41,
1726 1698 1786 1772 2,
1817 1698 1872 1769 1,
1904 1697 1983 1754 21
2035 1695 2106 1755 de
2153 1695 2338 1754 simili

315 1784 558 1861 quidem
594 1803 657 1843 re
695 1785 1041 1859 disputatur
1078 1787 1257 1860 atque
1296 1784 1367 1842 de
1405 1803 1523 1858 qua
1550 1782 1833 1843 Neratius
1871 1783 2039 1861 dixit,
2075 1784 2183 1843 sed
2216 1802 2338 1843 non

315 1873 389 1932 de
444 1873 678 1950 eadem;
733 1873 805 1932 de
860 1873 953 1931 his
1008 1891 1147 1932 vero
1204 1873 1382 1931 rebus
1439 1891 1475 1930 a
1528 1872 1736 1931 multis
1785 1872 2159 1948 disputatum
2205 1891 2336 1932 esse

316 1965 566 2023 constat.
617 1962 690 2020 cf.
719 1963 791 2020 D.
821 1964 924 2023 41.
956 1964 1013 2042 2,
1046 1964 1099 2034 1,
1134 1964 1214 2020 22
1247 1955 1516 2038 ‘quidam
1544 1965 1751 2021 contra
1778 1965 2016 2037 putant,
2053 1962 2340 2039 quoniam

313 2051 724 2198 {32⁰3ssssss
747 2042 1481 2215 Ρῒέἓθεξῗὲεἱῖἓῖἵηὲῗὲ
1497 2043 1854 2219 ωᾷῗώξὲἰ)
1878 2053 1978 2199 02¹⁵.
1999 2048 2336 2215 {²532ssss

1644 2185 1655 2199 ·
2321 2187 2336 2215 τ

316 2245 465 2304 quas
529 2227 590 2285 in
648 2246 829 2285 manu
883 2227 1252 2302 mancipiove
1307 2218 1626 2308 habemus)
1687 2227 1895 2304 quaeri
1949 2228 2127 2306 solet,
2192 2228 2338 2305 quia

313 2316 478 2391 ipsas
523 2335 643 2375 non
686 2310 1097 2391 possidemus'.

494 2403 786 2480 Ulpianus
816 2404 921 2480 qui
949 2415 1132 2480 aeque
1162 2406 1344 2480 atque
1371 2404 1597 2463 Paulus
1622 2422 1744 2462 non
1770 2402 1946 2464 modo
1974 2404 2336 2483 Fulcinium,

317 2492 421 2551 sed
475 2494 657 2552 etiam
710 2493 1060 2555 Iavolenum
1116 2496 1177 2551 et
1230 2492 1548 2551 Neratium
1585 2492 1836 2569 laudat,
1891 2494 2153 2553 Fulcinii
2208 2512 2338 2553 sen-

312 2583 531 2641 tentias
581 2586 643 2641 et
678 2582 849 2641 libris
888 2583 963 2640 ad
1002 2580 1293 2641 Sabinum
1330 2584 1390 2639 et
1428 2582 1502 2639 ad
1540 2580 1819 2658 edictum,
1865 2582 2134 2643 Iavoleni
2161 2582 2335 2641 libris

314 2671 389 2729 ad
430 2671 717 2731 Sabinum
764 2670 1000 2748 attulit,
1048 2671 1118 2728 de
1156 2670 1390 2746 Prisce,
1438 2669 1491 2728 si
1536 2668 1776 2746 quidem
1812 2670 1956 2729 libri
1990 2671 2182 2731 nostri
2217 2670 2335 2730 fide

316 2758 483 2837 digni
519 2763 677 2834 sunt,
717 2762 776 2817 et
813 2759 983 2817 libris
1022 2759 1099 2817 ad
1132 2757 1420 2817 Sabinum
1449 2752 1549 2837 (D.
1581 2760 1638 2835 7,
1669 2760 1726 2831 8,
1760 2760 1859 2833 10,
1890 2762 1927 2817 2
1970 2753 2054 2819 ‘et
2091 2759 2336 2819 Priscus

316 2849 377 2904 et
424 2848 712 2905 Neratius
767 2839 1036 2928 putant')
1093 2848 1156 2905 et
1208 2846 1363 2905 libro
1412 2846 1702 2924 singulari
1751 2846 2124 2923 Regularum
2171 2848 2333 2907 dicit.

320 2934 423 2991 sed
459 2954 568 3009 pro
608 2929 894 2993 ‘Priscus'
941 2936 1048 2994 illo
1086 2935 1218 2995 loco
1255 2935 1584 2993 Mommsen
1621 2953 1754 2993 cum
1793 2935 2094 3012 Stephano
2132 2938 2335 3013 potius

316 3014 651 3081 ‘Proculus'
717 3023 1031 3099 legendum
1089 3041 1219 3083 esse
1275 3026 1501 3094 censet,
1558 3022 1716 3100 quod
1776 3023 2051 3103 Krueger
2103 3045 2162 3101 p.
2205 3027 2330 3086 162

315 3130 372 3168 n.
425 3111 549 3170 126
616 3112 885 3187 quamvis
951 3110 1297 3171 dubitanter
1369 3113 1598 3187 probat.
1710 3115 1774 3171 at
1847 3132 1982 3172 cum
2045 3114 2337 3173 Neratius

317 3216 549 3275 quoque
585 3198 650 3256 in
678 3199 1119 3274 Responsorum
1156 3200 1325 3258 libris
1355 3200 1694 3259 Fulcinium
1730 3200 2070 3263 laudaverit
2099 3195 2200 3279 (D.
2231 3206 2336 3282 39,

320 3288 377 3359 6,
416 3278 558 3367 43),
613 3287 741 3346 fieri
787 3291 1013 3363 potest,
1066 3290 1137 3347 ut
1191 3288 1297 3348 illo
1346 3308 1580 3365 quoque
1629 3290 1756 3349 loco
1801 3290 2089 3350 Neratius
2131 3292 2340 3351 Fulci-

316 3372 480 3432 nium
537 3378 600 3435 et
652 3376 988 3435 laudaverit
1052 3381 1111 3435 et
1172 3379 1414 3436 secutus
1472 3377 1566 3436 sit.
1667 3381 1932 3438 ceterum
1987 3381 2059 3439 de
2118 3381 2336 3458 tutela,

318 3461 390 3519 de
446 3483 567 3539 qua
624 3464 689 3523 in
744 3464 935 3524 altero
991 3464 1238 3540 Ulpiani
1293 3466 1629 3540 fragmento
1687 3460 1976 3527 ePriscus'
2032 3468 2206 3542 dixit,
2271 3470 2340 3527 in

326 3548 575 3611 Fulcinii
618 3554 856 3629 quidem
900 3553 1255 3630 fragmentis
1302 3552 1450 3611 nihil
1493 3552 1770 3615 traditur.
