2575 3900
302 150 446 213 ¹170
474 149 567 207 m.
588 149 740 205 sAn
760 149 1055 206 cLAnmI
1073 149 1342 207 NERON.
1363 149 1651 209 GALBAE
1673 150 2101 208 TEMP.1URIS
2121 151 2330 210 cons,

296 312 626 377 crederet'.
716 312 827 379 sed
888 313 945 378 si
997 314 1319 397 peculium
1374 312 1614 379 habeat
1661 319 1778 380 aut
1819 315 1889 381 in
1933 336 2072 381 rem
2115 336 2328 381 meam

296 418 556 468 versum·
604 401 694 466 sit.
734 424 816 467 ex
858 422 935 466 eo
972 401 1346 468 contractu¹
1365 462 1372 469 .
1391 424 1508 468 nec
1542 403 1740 469 velim
1775 425 1901 489 quo
1939 404 2329 487 locupletior

299 490 423 553 sim
494 490 771 573 solvere,
839 490 1139 575 replicari
1200 491 1279 557 dc
1347 491 1494 557 dolo
1557 493 1730 557 malo
1795 496 2070 575 oportet.
2178 514 2331 557 nam

298 578 500 643 videri
548 600 649 643 me
693 579 913 644 dolum
956 581 1199 645 malum
1246 580 1482 663 facere,
1538 579 1650 665 qui
1693 600 1772 645 ex
1818 581 2030 647 aliena
2072 582 2325 647 iactura

297 668 547 733 lucrum
594 688 921 751 quaeram.

306 824 479 907 Quae
530 828 601 891 in
644 826 935 909 fraudem
978 827 1346 893 oreditomm
1382 825 1556 908 facta
1597 832 1748 895 sunt
1787 830 1860 894 ut
1899 830 2328 897 restituantur.

481 950 582 1016 13.
645 950 725 1017 D.
760 952 869 1035 42,
898 952 957 1035 8,
988 952 1047 1035 6,
1078 951 1181 1016 13.
1278 949 1600 1035 Ulpianus
1658 946 1827 1015 libro
1882 953 2331 1038 sexagensimo

301 1042 484 1104 sexto
529 1040 612 1103 ad
659 1039 940 1105 edictum
989 1038 1088 1125 (P.
1119 1037 1339 1125 1452).
1375 1074 1459 1085 —-
1499 1088 1548 1105 ..
1596 1040 1653 1103 si
1695 1041 2097 1106 necessarius
2143 1042 2331 1107 heres

303 1128 524 1212 legata
560 1128 982 1211 praestiterit,
1019 1127 1243 1191 deinde
1279 1128 1416 1192 eius
1447 1128 1619 1194 bona
1644 1128 1980 1214 venierint,
2015 1128 2330 1195 Proculus

300 1217 412 1299 ait,
440 1216 696 1281 etiamsi
714 1213 1161 1301 ignoraverint
1177 1214 1496 1303 legatarii,
1525 1222 1742 1281 tamen
1761 1215 1986 1282 utilem
2006 1219 2331 1284 actionem

300 1305 712 1458 dandssffcai.
744 1401 803 1474 3,
834 1400 934 1460 vs.

480 1496 581 1563 14.
624 1497 703 1565 D.
720 1499 828 1579 42,
849 1500 907 1581 8,
929 1500 985 1564 7.
1066 1498 1305 1565 Paulus
1353 1500 1515 1564 libro
1561 1500 2006 1584 sexagensimo
2047 1498 2328 1568 secundo

299 1588 380 1653 ad
437 1588 714 1652 edictum
759 1584 859 1674 (P.
890 1586 1064 1674 741).
1115 1624 1193 1635 -
1245 1586 1315 1653 Si
1369 1588 1622 1653 debitor
1674 1588 1741 1652 in
1787 1586 2081 1653 fraudem
2129 1588 2330 1654 credi-

298 1679 514 1741 torum
553 1676 802 1741 minore
838 1676 1046 1761 pretio
1083 1675 1352 1747 fundum
1383 1676 1610 1741 scienti
1641 1676 1921 1761 emptori
1947 1675 2329 1761 vendiderit,

302 1766 527 1830 deinde
581 1764 679 1843 hi,
736 1764 967 1850 quibus
1024 1766 1099 1837 de
1154 1766 1514 1831 revocando
1570 1784 1646 1831 co
1694 1765 1861 1829 actio
1909 1763 2125 1849 datur,
2182 1786 2329 1831 eum

301 1857 551 1938 petant,
607 1853 970 1937 quaesitum
1024 1858 1149 1935 est,
1204 1874 1287 1919 an
1343 1855 1624 1939 pretium
1676 1854 2018 1919 restituere
2075 1851 2330 1919 debent.

301 1942 610 2008 Proculus
639 1941 966 2008 existimat
994 1942 1364 2009 omnimodo
1391 1942 1860 2008 restituendum
1885 1965 2025 2009 esse
2044 1942 2334 2029 fundum,

303 2033 561 2098 etiamsi
605 2032 889 2116 pretium
936 2053 1069 2097 non
1115 2033 1424 2098 solvatur.

478 2141 705 2204 Paulus
761 2142 953 2206 addit:
1008 2137 1095 2204 ‘et
1145 2143 1504 2222 rescriptum
1559 2145 1652 2204 est
1706 2141 2030 2204 secundum
2085 2141 2331 2204 Proculi

304 2226 704 2294 sententiam'.

855 2472 935 2556 8.
1007 2475 1408 2550 URSEIUS
1477 2477 1792 2551 FEROX

485 2623 636 2683 iuris
682 2623 911 2700 peritus
959 2620 1163 2682 Cassio
1210 2624 1273 2681 et
1317 2621 1571 2682 Proculo
1618 2622 1813 2682 minor
1857 2625 2010 2682 natu
2021 2613 2062 2698 ²,
2113 2621 2337 2696 Sabini,

303 2716 375 2771 ut
420 2712 677 2788 videtur,
724 2711 979 2788 auditor,
1027 2711 1133 2787 qui
1176 2729 1298 2770 non
1341 2714 1469 2770 tam
1505 2711 1912 2786 respondendo
1961 2729 2141 2786 quam
2176 2710 2336 2786 prio-

308 2787 444 2859 rum
491 2799 640 2859 iuris
690 2800 1098 2859 consultorum
1144 2797 1447 2874 responsis
1495 2798 1834 2876 digerendis
1871 2817 2113 2874 operam
2152 2798 2335 2864 dedit.

308 2889 479 2946 cuius
528 2887 723 2963 operis
783 2906 904 2946 non
951 2889 1090 2945 ante
1135 2886 1390 2947 Neronis
1435 2891 1724 2963 tempora,
1769 2891 1840 2946 ut
1884 2887 2139 2962 videtur,
2188 2885 2338 2947 editi

308 2995 500 3053 neque
550 2993 767 3034 nomen
811 2992 1006 3051 neque
1054 2980 1476 3053 argumentum
1521 2976 1841 3035 memoriae
1887 2975 2182 3036 traditum
2227 2979 2338 3036 est.

308 3059 409 3124 ‘ad
455 3057 757 3124 Urseium'
803 3056 1017 3138 libr'oS,
1072 3083 1325 3141 quorum
1370 3065 1710 3142 fragmenta
1754 3064 1818 3123 in
1863 3064 2190 3126 Iustiniani
2234 3063 2339 3123 Di-

304 3153 493 3240 gestis
542 3154 781 3212 servata
825 3154 993 3230 sunt,
1041 3153 1375 3229 composuit
1420 3152 1659 3213 Salvius
1706 3153 1992 3214 Iulianus,

455 3311 481 3357 1
527 3303 623 3358 Fl.
666 3302 763 3358 sed
800 3301 849 3357 si
886 3319 953 3358 ex
990 3319 1057 3358 eo
1094 3304 1266 3358 contr.
1306 3304 1486 3374 pecul.
1525 3303 1733 3359 habeat
1768 3305 1867 3359 aut
1901 3303 1961 3358 in
1997 3321 2116 3360 rem
2153 3317 2340 3358 meam

307 3376 743 3502 'versnggiiicis
791 3462 1098 3517 cognomen
1135 3461 1312 3516 prope
1349 3445 1647 3500 Patavium
1687 3447 1744 3500 et
1780 3446 1985 3500 Tomos
2033 3448 2091 3500 et
2131 3445 2342 3517 Vespa-

309 3517 452 3575 siani
492 3518 714 3588 quidem
752 3519 939 3572 aetate
974 3517 1266 3586 reperitur.
1341 3515 1656 3572 Wilmanns
1691 3517 1789 3572 Ex.
1827 3522 1988 3574 2683.
2027 3522 2184 3572 2866.
