2575 3900
907 181 955 232 5.
1004 174 1281 230 SEXTUS
1321 175 1578 230 PEDIUS
2167 179 2251 244 83

212 343 433 403 urbani
468 343 801 421 composita
837 361 965 403 esse
1003 344 1340 417 traduntur,
1382 344 1432 402 si
1469 344 1710 421 quidem
1747 345 1823 404 ad
1858 345 2036 405 huius
2065 367 2237 422 prae-

207 433 361 493 toris
418 433 677 492 edictum
733 432 1124 507 compositum
1191 435 1308 508 est,
1363 432 1454 491 ita
1507 434 1578 491 ut
1631 452 1765 492 cum
1819 435 1925 494 illo
1981 454 2088 495 con
2100 436 2246 496 ferri

212 522 423 598 possit,
478 520 638 596 quod
686 521 881 580 Labeo
928 521 1005 579 ad
1050 519 1354 598 peregrini
1399 523 1692 596 praetoris
1739 523 2001 583 edictum
2049 523 2236 601 scrip-

210 613 357 670 sisse
406 609 697 685 traditur,
755 610 925 668 cuius
970 610 1123 668 liber
1168 610 1335 668 XXX
1377 610 1662 669 laudatur
1708 601 1800 691 (ΙΙ
1845 633 1902 688 p.
1947 603 2080 693 93).

390 699 591 756 Libris
639 699 713 756 ad
760 698 1023 757 edictum
1074 698 1368 774 praetoris
1418 701 1596 758 antea
1650 700 1726 758 ab
1775 700 1910 760 aliis
1957 702 2244 762 confectis

212 788 465 846 Pedium
529 806 705 846 usum
768 805 897 846 esse
962 787 1176 846 docent
1230 805 1302 846 ea
1356 806 1506 863 quae
1564 788 1634 846 de
1692 786 1888 865 Ofilio,
1951 786 2247 867 Labeone,

214 877 436 934 Sabino
484 894 619 934 eum
666 875 883 934 dixisse
928 876 1217 953 traditur,
1272 894 1422 951 quos
1469 877 1924 937 iurisconsultos
1971 882 2032 937 et
2076 878 2242 954 ipsos

215 966 293 1023 ad
349 964 618 1036 edictum
661 964 957 1041 praetoris
1003 963 1189 1024 libros
1236 965 1638 1040 composuisse
1693 969 1932 1026 constat
1975 958 2053 1048 (I,
2099 970 2244 1028 340.

210 1053 290 1132 H,
335 1057 367 1112 1
411 1074 470 1129 p.
509 1054 589 1112 83
641 1055 702 1111 et
749 1044 927 1132 566).
1017 1053 1164 1112 haec
1219 1054 1379 1112 enim
1431 1054 1741 1132 leguntur:
1790 1055 1861 1113 D.
1895 1058 1994 1134 14,
2031 1060 2084 1127 1,
2121 1059 2176 1131 1,
2209 1060 2244 1117 9

209 1141 350 1218 Ulp.
391 1141 469 1200 ad
506 1141 598 1201 ed.
643 1136 903 1216 ‘quaerit
938 1139 1149 1202 Ofilius
1187 1187 1200 1200 .
1230 1189 1243 1202 .
1274 1189 1286 1201 .
1329 1161 1511 1220 quam
1546 1142 1989 1203 distinctionem
2028 1143 2246 1204 Pedius

211 1223 476 1309 probat'.
576 1231 647 1289 D.
691 1232 790 1308 13,
830 1233 889 1308 5,
929 1233 986 1302 3,
1028 1233 1064 1289 2
1112 1229 1249 1306 Ulp.
1309 1231 1386 1290 ad
1442 1231 1530 1291 ed.
1600 1226 1686 1290 eet
1731 1232 1932 1293 Labeo
1989 1234 2075 1291 ait
2113 1281 2126 1296 .
2159 1278 2172 1291 .
2201 1281 2246 1308 .‚

210 1339 396 1396 quam
435 1320 800 1378 sententiam
840 1322 901 1378 et
935 1319 1157 1378 Pedius
1193 1313 1452 1396 probat'.
1525 1319 1598 1380 D.
1629 1319 1734 1394 50,
1767 1324 1867 1398 16,
1900 1323 2000 1399 13,
2034 1325 2064 1381 1
2107 1319 2243 1400 Ulp.

212 1409 291 1468 ad
340 1409 457 1467 ed.:
508 1399 604 1467 ‘ut
641 1406 899 1466 Sabinus
946 1408 1033 1467 ait
1078 1413 1140 1468 et
1185 1408 1406 1467 Pedius
1451 1404 1711 1485 probat’.

397 1495 687 1574 Krueger,
726 1497 830 1572 qui
857 1496 1107 1554 Pedium
1137 1497 1358 1556 Iuliani
1394 1498 1519 1556 fere
1558 1499 1868 1574 aequalem
1905 1500 2090 1559 fuisse
2128 1500 2247 1560 exi-

215 1587 445 1660 stimat,
490 1584 678 1644 libros
722 1586 831 1643 hos
868 1588 1006 1661 post
1042 1582 1263 1645 Iuliani
1302 1585 1572 1664 Digesta,
1619 1587 1721 1645 sed
1759 1591 1899 1647 ante
1935 1586 2250 1665 Pomponii

214 1675 405 1734 libros
443 1674 517 1732 ad
555 1672 812 1732 edictum
850 1674 1211 1750 compositos
1250 1693 1381 1734 esse
1419 1675 1692 1753 quamvis
1730 1675 2076 1736 dubitanter
2112 1677 2245 1738 ideo

218 1763 438 1822 conicit
474 1753 561 1843 (p.
595 1754 770 1844 173),
818 1761 975 1839 quod
1012 1762 1156 1822 haec
1182 1764 1494 1840 leguntur:
1543 1763 1613 1822 D.
1643 1766 1702 1837 4,
1735 1767 1792 1840 8,
1822 1767 1923 1840 32,
1957 1769 2036 1826 16
2075 1764 2244 1828 Paul.

216 1853 297 1911 ad
338 1852 430 1912 ed.
470 1845 634 1909 ‘nam
671 1855 732 1910 et
768 1850 1037 1910 Iulianus
1075 1893 1091 1911 .
1120 1898 1133 1911 .
1164 1896 1177 1909 .
1216 1852 1376 1911 idem
1402 1851 1624 1911 Pedius
1656 1847 1912 1929 probat'.
1987 1858 2053 1913 at
2087 1855 2245 1931 prio-

216 1962 355 2000 rum
408 1939 559 1999 iuris
620 1940 1027 2001 consultorum
1086 1940 1415 2001 sententias
1478 1960 1597 2001 non
1656 1941 1877 2019 ubique
1941 1943 2242 2019 historice,

216 2035 287 2089 ut
343 2030 435 2089 ita
489 2030 709 2104 dicam,
771 2028 1060 2088 librorum
1122 2030 1328 2089 ordine
1384 2031 1728 2091 coniunctas
1788 2032 2043 2108 proferri
2099 2035 2244 2093 satis

214 2121 474 2179 constat.

392 2208 483 2266 De
539 2224 740 2265 rerum
798 2206 1002 2265 ordine
1067 2206 1212 2267 haec
1266 2208 1579 2268 habemuse
1641 2209 1795 2269 libro
1843 2209 1963 2268 VH
2018 2210 2245 2271 dictum

212 2296 334 2355 fuit
390 2296 463 2354 de
518 2294 777 2373 negotiis
832 2296 1045 2371 gestis,
1109 2294 1261 2354 VIII
1326 2297 1398 2355 de
1463 2316 1531 2357 eo
1595 2298 1756 2373 quod
1809 2303 2007 2358 metus
2063 2318 2244 2359 causa

210 2389 455 2462 gestum
512 2384 655 2459 erit,
709 2383 795 2443 IX
849 2385 923 2443 de
980 2385 1336 2444 alienatione
1383 2385 1591 2445 iudicii
1634 2387 1910 2446 mutandi
1954 2406 2135 2447 causa
2181 2392 2243 2447 et

211 2472 287 2533 de
334 2474 429 2531 his
476 2474 579 2548 qui
626 2472 944 2531 arbitrium
988 2474 1344 2551 receperint,
1389 2472 1499 2532 XV
1537 2476 1610 2533 de
1646 2475 1973 2535 tributoria
2009 2476 2240 2536 actione

212 2566 277 2621 et
321 2562 394 2621 de
440 2562 699 2637 peculio,
755 2561 1007 2638 denique
1055 2560 1238 2638 XXV,
1297 2563 1347 2620 si
1393 2563 1635 2621 tabulae
1681 2565 2027 2623 testamenti
2074 2569 2239 2625 exta-

210 2651 389 2726 bunt,
454 2669 607 2726 quae
671 2650 911 2725 quidem
974 2667 1069 2707 res
1133 2649 1197 2707 in
1260 2649 1452 2709 edicto
1519 2670 1555 2709 a
1615 2648 1849 2710 Iuliano
1913 2654 2239 2728 composito

212 2739 418 2798 eodem
466 2738 671 2798 ordine
720 2741 1075 2798 tractantur.
1152 2738 1221 2798 cf.
1269 2737 1456 2797 Lenel
1503 2738 1693 2799 Edict.
1739 2760 1794 2817 p.
1828 2740 1928 2800 83.
1961 2742 2061 2800 90.
2096 2743 2238 2801 101.

218 2830 361 2888 103.
403 2830 547 2887 215.
591 2828 734 2887 272.

391 2916 558 2975 Pedii
604 2915 775 2974 libris
822 2916 917 2975 usi
965 2917 1106 2975 sunt
1143 2915 1247 2992 qui
1281 2920 1494 2992 postea
1531 2918 1606 2976 ad
1645 2918 1907 2978 edictum
1942 2920 2237 2995 praetoris

216 3005 611 3081 scripserunt,
656 3004 929 3081 inprimis
976 3004 1336 3081 Pomponius
1384 2997 1476 3086 (P.
1507 3009 1609 3067 44.
1643 3009 1744 3067 61.
1778 2999 1960 3089 158),
2007 3008 2236 3069 Paulus

212 3087 305 3175 (P.
345 3084 525 3153 2131‘.
566 3095 711 3153 232.
748 3095 903 3154 2510
949 3090 1033 3169 §g
1066 3096 1165 3153 16.
1200 3096 1300 3154 18.
1348 3095 1494 3155 282.
1527 3088 1702 3157 50211.
1735 3098 1881 3158 541.
1912 3098 2056 3157 552.
2091 3098 2235 3158 577.

217 3184 362 3243 678.
412 3184 561 3243 686.
606 3184 751 3243 792.
793 3174 977 3263 798),
1042 3182 1338 3259 Ulpianus
1397 3176 1490 3264 (P.
1532 3187 1677 3245 240.
1719 3188 1862 3245 244.
1905 3188 2051 3247 245.
2090 3188 2234 3248 263.

214 3264 391 3332 2691’.
440 3272 585 3331 350.
638 3272 807 3331 377³.
857 3272 1027 3330 453⁰.
1077 3274 1223 3331 455.
1276 3273 1447 3332 788⁰.
1495 3276 1641 3334 816.
1684 3276 1829 3334 836.
1871 3277 2016 3336 845.
2056 3268 2234 3336 8511).

213 3352 445 3421 85226.
507 3362 693 3420 1073.
755 3361 941 3420 1133.
1004 3362 1189 3420 1266..
1239 3362 1428 3421 1536.
1481 3363 1667 3423 1556.
1721 3355 1938 3424 15571’.
1990 3355 2232 3445 1592⁸).

209 3449 580 3526 Pomponius
626 3453 687 3507 et
732 3448 1045 3526 Ulpianus,
1090 3448 1450 3527 ubicumque
1488 3447 1741 3511 Pedium
1785 3453 2053 3528 laudant,
2098 3473 2228 3512 cum

210 3558 279 3597 eo
326 3538 730 3615 consentiunt,
774 3538 998 3600 Paulus
1035 3537 1339 3597 interdum
1377 3538 1657 3599 dissentit
1702 3533 1802 3622 (D.
1833 3543 1891 3616 4,
1924 3543 1982 3614 8,
2014 3543 2114 3613 32,
2146 3544 2230 3600 20

211 3620 458 3686 ‘Sextus
496 3626 715 3685 Pedius
752 3628 945 3701 putat,
994 3627 1153 3703 quod
1197 3627 1428 3686 nullam
1475 3628 1770 3687 rationem
1816 3622 2068 3708 habet').

1733 3727 1806 3779 ὅντε
