2575 3900
294 160 421 226 136
464 161 559 216 III.
580 161 732 216 GAII
752 160 1042 216 CLAUDII
1059 161 1111 216 N
1118 159 1330 217 ERON
1353 158 1638 215 GALBAE
1657 159 1872 216 TEMP.
1893 159 2084 216 IURIS
2104 159 2304 217 CONS.

294 326 493 389 etiam
548 346 723 408 eum,
787 325 896 409 qui
950 327 1103 408 post
1156 327 1431 388 mortem
1486 324 1690 408 patris
1747 323 2062 388 senatoris
2115 328 2306 388 natus

292 413 395 496 sit,
442 413 630 496 quasi
675 413 991 477 senatoris
1038 411 1245 476 filium
1293 433 1449 476 esse.
1533 412 1644 477 sed
1690 434 1855 495 eum,
1902 411 2011 495 qui
2056 417 2307 497 postea-

292 523 487 587 quam
549 505 734 585 pater
798 503 937 565 eius
992 501 1069 564 de
1124 504 1352 565 senatu
1407 505 1621 566 motus
1677 505 1776 566 est
1830 501 2188 586 concipitur
2243 506 2310 566 et

287 592 602 675 nascitur,
676 589 986 655 Proculus
1061 593 1126 653 et
1188 589 1474 673 Pegasus
1550 590 1896 674 opinantur
1966 613 2098 656 non
2165 611 2306 654 esse

288 679 475 764 quasi
523 679 841 744 senatoris
888 679 1105 744 filium.

669 932 763 990 De
808 933 1111 992 donatione
1154 934 1305 992 inter
1349 934 1540 992 virum
1587 937 1639 991 et
1681 949 1933 992 uxorem.

471 1068 567 1133 16.
614 1067 691 1133 D.
722 1069 827 1152 24,
859 1071 915 1152 1,
943 1069 1047 1133 64.
1121 1068 1463 1134 Iavolenus
1501 1068 1669 1133 libro
1708 1071 1890 1133 sexto
1930 1090 2007 1133 ex
2037 1068 2306 1153 posteri·

289 1159 508 1223 oribus
535 1157 878 1222 Labeonis.
913 1195 989 1204 —
1022 1156 1143 1222 Vir
1182 1157 1434 1222 mulieri
1471 1156 1749 1222 divortio
1789 1157 1960 1222 facto
1992 1158 2306 1243 quaedam

287 1247 523 1311 idcirco
571 1246 849 1332 dederat,
894 1251 967 1310 ut
1013 1247 1094 1310 ad
1142 1269 1209 1311 se
1255 1251 1714 1331 reverteretur3
1778 1247 2008 1311 mulier
2052 1268 2308 1311 reversa

287 1340 453 1416 erat,
512 1335 738 1400 deinde
785 1334 1134 1400 divortium
1179 1336 1351 1400 fecit.
1443 1333 1688 1399 Labeo:
1746 1333 2088 1400 Trebatius
2134 1337 2310 1400 inter

291 1424 661 1488 Terentiam
691 1427 756 1488 et
774 1423 1212 1489 Maecenatem
1240 1423 1590 1508 respondit,
1621 1422 1675 1488 si
1702 1445 1929 1488 verum
1959 1423 2307 1488 divortium

285 1512 543 1596 fuisset,
605 1518 814 1577 ratam
872 1534 1009 1577 esse
1058 1513 1498 1595 donationem,
1538 1512 1596 1576 si
1644 1513 1979 1596 simulata,
2035 1516 2260 1577 contra
2286 1563 2303 1578 .

288 1602 398 1666 sed
426 1651 441 1666 .
472 1651 486 1666 .
518 1652 531 1665 .
560 1600 872 1667 Proculus
921 1606 986 1665 et
1032 1599 1349 1666 Caecilius
1396 1604 1648 1687 putant,
1695 1605 1851 1665 tunc
1896 1623 2117 1666 verum
2165 1623 2306 1665 esse

286 1691 631 1756 divortium
671 1695 737 1755 et
772 1690 985 1755 valere
1025 1690 1435 1755 donationem
1479 1690 1766 1770 [divortii
1795 1712 1990 1755 causa
2016 1689 2305 1774 factam]‚

288 1779 344 1844 si
392 1780 555 1843 aliae
596 1780 861 1864 nuptiae
897 1781 1223 1843 insecutae
1262 1783 1414 1843 sunt
1451 1782 1566 1843 aut
1601 1782 1736 1842 tam
1773 1779 1974 1864 longo
2014 1784 2305 1862 tempore

286 1869 475 1933 vidua
511 1867 758 1948 fuisset,
804 1870 876 1931 ut
914 1867 1179 1932 dubium
1216 1889 1349 1932 non
1384 1866 1555 1933 foret
1591 1867 1866 1932 alterum
1906 1889 2045 1932 esse
2082 1869 2307 1932 matri·

286 1960 598 2041 monium3
666 1958 828 2022 alias
890 1978 1009 2022 nec
1076 1956 1494 2022 donationem
1549 1958 1741 2021 ullius
1800 1978 1939 2021 esse
1996 1958 2308 2022 momenti

286 2046 588 2111 futuram.

1117 2204 1217 2270 De
1260 2206 1480 2270 tutelis.

467 2347 567 2413 17.
634 2345 774 2413 Grai.
812 2349 873 2431 2,
909 2346 1057 2413 231.
1103 2358 1192 2393 —-'
1260 2344 1462 2433 (Ante
1519 2346 1770 2411 heredis
1836 2346 2308 2412 institutionem

286 2437 605 2502 inutiliter
677 2437 959 2521 legatur,
1035 2435 1280 2500 scilicet
1354 2436 1504 2520 quia
1572 2438 1965 2499 testamenta
2029 2436 2162 2499 vim
2228 2458 2306 2499 ex

286 2526 696 2591 institutione
744 2526 994 2590 heredis
1042 2526 1368 2609 accipiunt
1396 2574 1410 2589 .
1441 2574 1455 2587 .
1483 2525 1625 2607 pari
1670 2524 1922 2589 ratione
1961 2545 2078 2588 nec
2113 2524 2307 2595 liber-

285 2620 387 2681 tas
455 2621 604 2681 ante
668 2614 921 2679 heredis
985 2614 1462 2679 institutionem
1530 2612 1666 2676 dari
1731 2609 1992 2697 potest.)
2095 2612 2306 2678 nostri

284 2708 734 2789 praeceptores
772 2726 890 2769 nec
926 2707 1208 2769 tutorem
1247 2724 1322 2767 eo
1353 2702 1494 2767 loco
1525 2702 1671 2766 dari
1689 2724 1877 2786 posse
1906 2701 2307 2786 existimant;

287 2798 386 2857 set
428 2792 647 2859 Labeo
695 2796 759 2856 et
796 2793 1109 2857 Proculus
1157 2795 1437 2856 tutorem
1484 2812 1676 2875 posse
1727 2790 1882 2874 dari,
1928 2791 2094 2874 quod
2140 2789 2306 2855 nihil

292 2903 369 2943 ex
414 2882 771 2945 hereditate
819 2884 1121 2965 erogatur
1167 2880 1404 2943 tutoris
1453 2879 1727 2944 datione.

470 2988 567 3051 18
613 2986 761 3057 Vat.
791 2986 866 3050 fr.
898 2987 931 3050 1
982 2984 1083 3072 (Ρ.
1118 2984 1464 3070 1782).-
1513 2984 1681 3069 <Qui
1730 3008 1768 3049 a
1814 2984 2122 3070 muliere>
2167 2986 2307 3051 sine

290 3075 530 3140 tutoris
579 3076 963 3140 auctoritate
1012 3074 1218 3139 sciens
1264 3096 1402 3138 rem
1450 3075 1734 3159 mancipi
1781 3076 1954 3150 emit,
2000 3075 2101 3138 vel
2142 3074 2305 3139 falso

286 3167 503 3228 tutore
551 3166 811 3228 auctore
861 3184 1051 3247 quem
1099 3162 1247 3228 sciit
1292 3186 1420 3229 non
1470 3184 1626 3244 esse,
1672 3186 1803 3229 non
1841 3163 2094 3229 videtur
2130 3164 2305 3228 bona

284 3251 411 3316 fide
468 3251 717 3316 emisse.
806 3251 1025 3338 itaque
1081 3256 1145 3316 et
1189 3255 1436 3317 veteres
1483 3254 1744 3337 putant,
1801 3256 1866 3317 et
1913 3250 2190 3318 Sabinus
2239 3255 2306 3316 et

286 3338 548 3406 Cassius
616 3341 926 3405 scribunt.
1034 3338 1250 3405 Labeo
1318 3341 1573 3427 quidem
1641 3341 1938 3426 putabat,
2007 3362 2124 3406 nec
2186 3362 2305 3425 pro

286 3432 575 3512 emptore
624 3451 768 3494 eum
815 3430 1163 3515 possidere,
1215 3431 1323 3495 sed
1371 3452 1488 3513 pro
1536 3451 1934 3515 possessore3
1991 3429 2305 3496 Proculus

287 3524 352 3585 et
399 3517 651 3604 Celsus,
696 3542 813 3605 pro
862 3525 1168 3605 emptore.
