2575 3900
352 174 483 240 256
533 175 625 231 IV.
660 174 1102 230 VESPASIANI
1128 175 1273 229 ΤΙΤΙ
1303 174 1693 230 DOMITIANI
1720 173 1936 230 TEMP.
1964 172 2156 228 IURIS
2187 173 2396 228 CONS.

355 339 678 405 dicionem
754 336 1019 404 Cassius
1093 344 1158 404 et
1232 336 1491 404 Caelius
1566 337 1847 403 Sabinus
1920 336 2397 421 impossibilem

356 449 497 493 esse
544 428 871 506 dixerunt,
916 427 1121 494 veluti
1169 426 1592 512 Tamphilus,
1639 427 1694 491 si
1743 427 1914 512 quod
1963 427 2135 491 Titio
2188 426 2396 492 debeo

356 517 647 598 solverit,
694 516 860 581 liber
906 516 1090 602 esto',
1138 518 1195 582 si
1239 516 1432 581 modo
1478 516 1644 580 nihil
1683 515 1858 581 Titio
1903 515 2031 580 fuit
2075 514 2398 598 debitum3

357 606 529 690 quod
586 607 642 670 si
696 609 848 690 post
901 609 1367 670 testamentum
1422 604 1670 670 factum
1722 608 2000 670 testator
2053 605 2396 688 pecuniam

357 695 657 779 exsolvit,
704 695 1012 760 defecisse
1058 695 1500 760 condicionem
1547 695 1861 779 intellegi.

623 852 725 920 De
768 855 1253 938 (mancipatione
1297 855 1382 938 et)
1425 855 1727 938 emptione
1768 854 2126 919 venditione.

535 961 593 1028 5.
657 959 798 1026 Gai.
827 962 888 1046 3,
920 961 1065 1026 141.
1292 961 1459 1025 ‚ait
1477 957 1735 1026 Caelius
1783 958 2086 1045 Sabinus,
2144 959 2200 1024 si
2256 982 2398 1024 rem

356 1049 481 1118 tibi
535 1050 827 1116 venalem
884 1050 1180 1134 habenti,
1242 1050 1447 1115 veluti
1508 1049 1780 1115 fundum
1833 1047 2231 1133 <acceperim
2287 1050 2398 1138 et>

355 1141 550 1225 pretii
596 1139 859 1204 nomine
901 1139 1230 1204 hominem
1269 1139 1437 1204 forte
1475 1138 1781 1221 dederim,
1826 1137 2096 1203 fundum
2137 1138 2398 1222 quidem

356 1229 563 1294 videri
617 1228 897 1311 venisse,
952 1227 1281 1292 hominem
1337 1231 1553 1292 autem
1607 1227 1803 1312 pretii
1855 1227 2120 1292 nomine
2169 1227 2397 1292 datum

358 1340 526 1401 esse,
572 1321 647 1383 ut
691 1315 929 1381 fundus
977 1317 1394 1400 acciperetur.

1086 1475 1187 1542 De
1231 1477 1370 1541 iure
1413 1477 1668 1542 dotium.

538 1581 624 1648 6?
670 1581 749 1648 D.
778 1583 885 1669 24,
914 1585 972 1668 1,
1001 1583 1105 1649 64.
1177 1582 1525 1648 Iavolenus
1570 1583 1737 1648 libro
1785 1585 1964 1647 sexto
2005 1604 2082 1648 ex
2119 1583 2393 1666 posteri·

360 1672 582 1738 oribus
611 1634 952 1738 LabeoniS.
977 1708 1067 1720 —
1093 1670 1216 1738 Vir
1252 1672 1504 1736 mulieri
1543 1653 1822 1736 divortio
1860 1670 2035 1737 facto
2075 1672 2395 1756 quaedam

357 1760 598 1827 idcirco
647 1760 931 1844 dederat,
978 1764 1051 1825 ut
1096 1761 1176 1825 ad
1226 1783 1293 1825 se
1341 1764 1782 1826 reverteretur.
1856 1760 2088 1825 mulier
2132 1781 2396 1825 reversa

360 1853 531 1928 erat,
586 1848 815 1914 deinde
871 1850 1221 1915 divortium
1278 1850 1544 1914 fecerat.
1636 1899 1651 1914 .
1690 1901 1703 1915 .
1742 1899 1757 1914 .
1802 1870 2028 1914 verum
2076 1852 2176 1914 est
2222 1849 2395 1932 quod

359 1937 670 2005 Proculus
728 1942 796 2004 et
846 1935 1167 2005 Caecilius
1217 1935 1584 2026 (caelius·?)
1640 1942 1902 2023 putant,
1958 1942 2134 2004 tunc.
2170 1960 2394 2003 verum

362 2050 505 2094 esse
571 2028 921 2092 divortium
986 2031 1051 2092 et
1116 2029 1330 2093 valere
1396 2028 1809 2106 donationem
1876 2028 2136 2093 divortii
2198 2036 2394 2093 causa.

360 2118 624 2201 factam,
671 2117 727 2181 si
774 2116 939 2181 aliae
986 2117 1254 2203 nuptiae
1299 2118 1628 2182 insecutae
1676 2119 1829 2182 sunt
1867 2120 1980 2181 aut
2015 2120 2153 2181 tam
2191 2117 2392 2201 longo

359 2211 654 2291 tempore
710 2205 905 2270 vidua
958 2205 1217 2287 fuisset,
1273 2209 1349 2270 ut
1404 2205 1672 2271 dubium
1726 2228 1858 2271 non
1904 2205 2070 2270 foret
2115 2206 2392 2270 alterum

362 2316 506 2360 esse
560 2295 1071 2381 matrimonium3
1128 2294 1291 2360 alias
1347 2316 1465 2359 nec
1522 2294 1936 2361 donationem
1992 2294 2188 2359 ullius
2247 2316 2392 2359 esse

362 2385 675 2450 momenti
721 2384 1028 2449 futuram.

1213 2510 1532 2519 *-

819 2684 956 2767 10.
1012 2688 1537 2761 IUVENTIUS
1595 2688 1943 2762 CELSUS

538 2835 608 2895 P.
653 2834 919 2894 Iuventii
966 2833 1127 2893 Celsi
1182 2834 1445 2893 consulis
1501 2833 1643 2893 anni
1692 2836 1814 2893 129
1864 2837 2054 2909 pater,
2099 2833 2391 2891 iuriscon-

364 2924 587 3001 sultus,
639 2923 742 2998 qui
788 2941 909 2981 non
952 2922 1123 2982 libris
1171 2923 1498 2982 scribendis
1545 2922 1650 2982 sed
1695 2925 1934 2981 tantum
1978 2921 2391 2997 respondendo

366 3031 608 3089 operam
664 3010 857 3085 dedit,
913 3030 1090 3088 quem
1135 3011 1419 3071 Ducenus
1466 3012 1660 3071 Verus
1717 3011 1927 3071 consul
1981 3010 2122 3069 anni
2176 3010 2395 3069 incerti

363 3102 428 3159 in
484 3100 731 3161 consilio
782 3100 996 3159 habuit
1044 3093 1144 3183 (D.
1177 3103 1279 3177 31,
1313 3104 1391 3161 29
1410 3093 1556 3182 pr.,)
1609 3100 2104 3161 Proculianoium
2153 3098 2393 3159 scholae

364 3192 505 3267 post
540 3190 846 3267 Pegasum
891 3188 1166 3267 princeps
1205 3147 1307 3270 (D.
1343 3191 1399 3266 1,
1431 3192 1488 3266 2,
1521 3192 1576 3263 2,
1607 3193 1688 3251 53
1739 3184 1995 3267 Pegaso
2035 3182 2267 3249 Celsus'
2311 3206 2391 3247 sc.

366 3274 705 3359 successit),
764 3297 941 3355 quem
992 3278 1151 3337 filius
1199 3297 1235 3335 a
1280 3281 1450 3352 patre
1495 3278 1824 3338 instructus
1873 3274 1973 3355 (D.
2007 3280 2110 3355 31,
2139 3268 2254 3359 20)
2302 3295 2394 3335 se-

366 3370 540 3427 cutus
579 3370 670 3426 cst
707 3359 809 3448 (D.
838 3367 982 3427 ibid.
1028 3362 1209 3443 ⁶·pat1i
1247 3364 1420 3426 Celso
1460 3366 1669 3427 Celsus
1705 3360 1938 3449 filius’.)
2012 3367 2397 3444 posterioreS,

366 3456 470 3534 qui
514 3456 624 3515 filii
669 3456 941 3534 inprimis
981 3456 1369 3535 Digestorum
1414 3455 1586 3515 libris
1633 3457 1727 3515 usi
1769 3459 1927 3534 sunt,
1971 3456 2128 3515 hunc
2166 3455 2395 3531 simpli-

367 3547 517 3605 citer
581 3538 869 3605 ‘Celsum'
932 3546 1030 3606 vel
1097 3539 1466 3603 ‘Iuventium
1531 3539 1794 3605 Celsum'
1859 3545 2204 3624 designant,
2274 3562 2400 3603 non
