2575 3900
379 208 518 272 476
589 207 655 263 V.
693 206 990 262 NERVAE
1031 205 1124 260 ET
1163 205 1468 262 TRAIANI
1502 204 1717 261 ΤΕΜΡ.
1754 204 1948 260 Imus
1986 203 2371 260 CONSULTI

387 371 679 436 dominns
737 390 920 434 snam
982 390 1111 434 rem
1171 370 1576 434 conduxisset.
1654 369 1929 450 seqnitur
1982 369 2152 449 enyo,
2218 373 2300 432 nt
2352 389 2451 432 ne

373 461 822 542 possessionem
862 460 1105 541 quidem
1143 459 1367 523 locator
1401 460 1735 538 retinuerit,
1779 459 2026 538 ideoque
2058 456 2447 540 usucapio¹

386 568 515 612 non
558 548 824 612 duravit.
905 550 976 610 in
1021 549 1363 611 venditione
1406 547 1567 610 idem
1602 547 1766 610 iuris
1799 551 1904 627 est,
1950 547 2113 627 qnod
2148 547 2224 609 in
2265 546 2447 610 loca-
2557 573 2558 582 ¹

395 637 584 718 tione,
629 642 699 700 ut
741 638 963 718 emptio
1007 656 1157 700 suae
1197 637 1293 699 rei
1336 637 1657 700 consistere
1697 655 1823 699 non
1856 636 2072 716 possit.

1380 793 1413 857 *Ρ

565 903 669 966 33.
734 900 810 965 D.
849 902 960 980 50,
1002 901 1111 982 17,
1153 901 1295 964 199.
1396 899 1575 964 Idem
1632 897 1747 986 (sc.
1801 897 2182 984 Iavolenus)
2240 900 2437 965 libro

385 996 572 1055 sexto
635 990 1096 1073 Epistularum.
1165 1025 1242 1035 —-
1312 989 1459 1054 Non
1519 995 1721 1072 potest
1788 989 1925 1054 dolo
1995 1009 2233 1073 carere,
2312 991 2441 1071 qui

387 1081 645 1164 imperio
689 1081 1088 1162 mayistratus
1130 1099 1255 1142 non
1287 1079 1529 1160 paruit.

1194 1278 1410 1337 Liber
1454 1277 1590 1337 VII.

1133 1386 1236 1452 De
1281 1391 1667 1454 testamentis.

567 1505 670 1570 34.
736 1502 814 1568 D.
851 1503 963 1582 50,
1007 1505 1115 1587 16,
1159 1504 1299 1568 116.
1399 1503 1577 1568 Idem
1632 1501 1750 1589 (sc.
1806 1501 2179 1589 Iavolenus)
2242 1504 2432 1569 libro

388 1593 667 1674 septimo
742 1591 1208 1674 Epistularum.
1285 1629 1368 1638 —-
1435 1592 1755 1673 Quisquis
1824 1592 1980 1655 mihi
2052 1594 2222 1657 alius
2291 1595 2433 1676 filii

383 1681 627 1765 filiusve
696 1680 864 1744 heres
928 1679 1054 1745 sit'.
1121 1681 1323 1746 Labeo
1394 1703 1518 1745 non
1576 1682 1771 1745 videri
1829 1683 2032 1764 filiam
2093 1683 2431 1764 contineri,

385 1769 691 1835 Proculus
735 1775 904 1834 contr
904 1791 965 1835 a.
1052 1769 1208 1833 mihi
1251 1771 1453 1834 Labeo
1496 1771 1734 1834 videtur
1775 1770 2093 1834 verborum
2136 1733 2431 1852 yiyuram²

391 1861 588 1941 sequi,
637 1858 939 1923 Proculus
982 1865 1238 1922 mentem
1285 1860 1581 1924 testantis.

565 1946 934 2031 Respondit.-
979 1968 1103 2012 non
1149 1948 1371 2029 dubit0,
1415 1951 1567 2030 quin
1603 1947 1908 2013 Labeonis
1940 1947 2243 2013 sententia
2269 1969 2429 2013 vera

392 2056 522 2100 non
565 2039 662 2101 sit.

567 2125 670 2190 35.
718 2123 794 2189 D.
815 2125 919 2207 28,
949 2124 1007 2203 5,
1029 2124 1131 2189 65.
1197 2123 1373 2189 Idem
1403 2122 1519 2212 (sc.
1547 2122 1919 2228 Iavplenus)
1947 2124 2111 2189 libro
2134 2125 2424 2207 septimo

389 2212 853 2296 Epistularum.
905 2249 980 2258 —
1032 2212 1195 2277 Eius
1247 2234 1512 2293 servum,
1566 2216 1674 2295 qui
1718 2219 1861 2295 post
1910 2219 2163 2278 mortem
2206 2234 2424 2277 meam

388 2307 580 2366 natus
617 2303 751 2385 erit,
795 2301 1065 2367 heredem
1101 2303 1347 2366 institui
1374 2322 1550 2386 posse
1584 2303 1785 2368 Labeo
1814 2303 2162 2384 frequenter
2196 2303 2429 2367 scribit

389 2391 572 2471 idque
623 2411 832 2455 verum
885 2411 1010 2455 esse
1052 2392 1378 2475 manifesto
1421 2396 1777 2475 arynmento
1818 2391 2197 2473 comprobat:
2258 2392 2427 2474 quia

390 2498 598 2543 servus
640 2479 1061 2561 hereditarius,
1100 2481 1471 2561 prinsquam
1506 2482 1765 2545 adeatur
1798 2480 2114 2562 hereditas,
2160 2481 2419 2543 instit-ui

388 2566 558 2633 heres
585 2573 787 2652 potest,
823 2570 1104 2651 quamvis
1131 2570 1186 2633 is
1213 2570 1553 2633 testamenti
1574 2568 1728 2648 facti
1757 2573 2016 2650 tempore
2042 2568 2284 2633 nullius
2308 2569 2417 2633 sit.

568 2658 671 2722 36.
718 2657 796 2722 D.
826 2659 929 2737 28,
959 2659 1018 2739 5,
1051 2658 1150 2721 11.
1232 2656 1573 2720 Iavolenus
1613 2657 1781 2721 libro
1822 2657 2095 2741 septimo
2133 2656 2423 2739 Epistu-

387 2746 616 2810 larum.
661 2784 734 2793 —
778 2745 1012 2811 ‘Attius
1052 2746 1238 2826 fundi
1275 2744 1631 2810 Corneliani
1673 2746 1842 2810 heres
1883 2751 2006 2811 esto
2050 2744 2239 2823 mihi;
2287 2747 2421 2810 dno

393 2834 550 2899 Titii
603 2836 776 2900 illius
827 2835 1069 2899 insulae
1119 2835 1357 2899 heredes
1409 2832 1628 2899 sunto?
1718 2834 2019 2900 habebunt
2070 2836 2191 2899 duo
2253 2834 2419 2898 Titii

387 2924 720 3074 segnissem,
772 2923 987 2988 Attius
1038 2925 1370 3008 semissem,
1424 2924 1604 3005 idque
1647 2921 1911 2987 Proculo
1946 2924 2164 3005 placet.
2255 2923 2420 3005 quid

393 3011 443 3073 ti
484 3011 508 3073 i
552 3012 840 3077 videtur?

561 3098 930 3181 Respondit:
977 3121 1119 3164 vera
1163 3106 1250 3165 est
1293 3100 1551 3165 Proculi
1593 3100 1817 3183 opinio.

1210 3257 1312 3322 De
1355 3259 1583 3341 leyatis.

568 3364 674 3428 37.
717 3362 796 3427 D.
818 3365 923 3447 31,
941 3365 1023 3428 41
1048 3386 1140 3447 pr.
1195 3363 1373 3427 Idem
1405 3364 1518 3445 (sc.
1538 3363 1909 3447 Iavolenus)
1936 3365 2105 3430 libro
2128 3365 2413 3449 septimo

385 3448 852 3533 Epistularum.
900 3488 983 3499 —
1033 3450 1304 3515 Maevio
1346 3452 1535 3531 fundi
1565 3457 1812 3533 partem
1856 3454 2211 3537 dimidiam,
2268 3452 2415 3518 Seio

532 3575 561 3623 1
607 3571 759 3626 Trib.
800 3570 956 3640 longi
990 3570 1259 3638 temporis
1295 3570 1681 3641 praescriptiO.
