2575 3900
1000 190 1050 239 3.
1086 182 1412 238 MINICIUS
2085 183 2126 246 2
2134 183 2212 246 71

194 349 376 432 sequi
432 347 775 431 deb<ebat,
830 346 1025 430 quia>
1080 367 1157 410 ex
1210 346 1305 410 eis
1363 346 1532 410 inter
1590 367 1748 430 quos
1795 368 1928 412 non
1974 350 2073 411 est
2116 367 2218 411 co·

190 438 487 520 nubium,
551 437 659 520 qui
700 435 1017 518 nascitur,
1062 435 1198 499 iure
1246 435 1537 519 gentium
1583 435 1810 499 matris
1857 435 2218 500 condicioni

194 527 456 591 accedit.
551 547 679 610 qua
731 528 919 609 parte
964 526 1179 587 autem
1225 523 1408 588 iubet
1453 524 1555 587 lex
1611 545 1689 586 ex
1737 524 1872 588 cive
1919 522 2218 588 Romano

192 621 258 680 et
321 614 669 700 peregrina
729 613 1146 698 peregrinum
1210 612 1418 695 nasci,
1483 631 1878 696 supervacua
1942 612 2218 696 videtur3

190 726 348 768 nam
420 706 486 767 et
555 707 809 767 remota
880 722 957 765 ea
1030 701 1173 785 lege
1245 700 1373 766 hoc
1434 700 1656 783 utique
1719 700 1862 765 iure
1925 701 2217 783 gentium

189 792 482 856 futurum
538 796 697 857 erat.
788 790 946 854 adeo
1004 794 1221 853 autem
1274 789 1400 854 hoc
1453 789 1550 853 ita
1605 793 1734 872 est,
1790 794 1864 854 ut
1907 788 2034 872 <ex
2079 790 2218 855 cive

190 881 486 946 Romano
560 885 625 944 et
688 879 920 944 Latina
994 877 1102 961 qui
1166 878 1482 960 nascitur,
1554 875 1825 944 Latinus
1887 882 2210 962 nascatur,

195 991 585 1055 quamquam
641 967 723 1033 ad
778 989 886 1032 eos
944 967 1055 1050 qui
1108 966 1300 1031 hodie
1344 964 1564 1030 Latini
1613 967 2052 1050 appellantur,
2109 968 2216 1031 lex

192 1059 461 1123 Minicia
515 1079 648 1122 non
702 1056 1009 1141 pertinet3
1067 1076 1219 1118 nam
1274 1055 1906 1137 comprehenduntur
1964 1055 2220 1139 quidem

193 1147 681 1233 peregrinorum
755 1143 1187 1229 appellatione
1260 1144 1333 1208 in
1404 1165 1480 1208 ea
1553 1145 1694 1228 lege
1766 1145 1943 1228 non>
2009 1144 2220 1209 solum

196 1240 451 1300 exterae
491 1235 787 1300 nationes
825 1237 891 1296 et
926 1236 1173 1317 gentes,
1221 1233 1334 1296 sed
1372 1232 1570 1296 etiam
1607 1233 1718 1317 qui
1755 1231 1973 1297 Latini
2010 1233 2221 1297 nomi-

193 1329 463 1409 nantur;
527 1323 639 1388 sed
702 1322 784 1388 ad
839 1321 1002 1386 alios
1057 1319 1325 1386 Latinos
1379 1321 1688 1404 pertinet,
1753 1323 1864 1405 qui
1918 1321 2218 1406 proprios

193 1414 472 1498 populos
516 1410 937 1497 propriasque
983 1409 1279 1474 civitates
1327 1409 1658 1474 habebant
1703 1415 1770 1474 et
1809 1415 1992 1474 erant
2037 1432 2218 1495 pere-

194 1523 533 1586 grinorum
579 1520 868 1565 numero,

381 1591 441 1655 2.
486 1586 753 1673 Ulpiani
800 1587 909 1652 lib.
948 1585 1110 1672 sing.
1156 1586 1553 1671 Regularum
1600 1586 1660 1670 5,
1691 1587 1749 1652 8.
1796 1624 1880 1634 —
1927 1585 2220 1653 Conubio

193 1679 659 1743 interveniente
732 1675 921 1741 liberi
997 1697 1250 1759 semper
1313 1678 1564 1758 patrem
1632 1681 2014 1760 sequuntur,
2087 1698 2219 1740 non

196 1767 670 1832 interveniente
726 1763 1001 1831 conubio
1050 1765 1274 1828 matris
1322 1763 1685 1830 condicioni
1733 1765 2070 1849 accedunt,
2117 1786 2220 1828 ex-

197 1861 386 1941 cepto
436 1876 510 1921 eo
560 1854 673 1939 qui
720 1875 797 1918 ex
841 1854 1188 1938 peregrino
1236 1856 1303 1916 et
1342 1853 1478 1918 cive
1514 1852 1812 1920 Romana
1846 1854 2220 1939 peregrinus

196 1945 503 2028 nascitur,
550 1942 857 2029 quoniam
902 1943 1006 2007 lex
1050 1938 1356 2007 Minicia²
1402 1964 1479 2007 ex
1525 1942 1836 2009 alterutro
1879 1942 2219 2029 peregrino

198 2038 429 2099 natum
478 2032 816 2099 deterioris
860 2032 1149 2115 parentis
1195 2031 1636 2097 condicionem
1683 2033 1862 2117 sequi
1905 2033 2100 2098 iubet.

376 2144 682 2204 Miniciam
742 2144 896 2202 hanc
960 2143 1157 2219 legem
1220 2143 1380 2220 quod
1435 2143 1501 2204 L.
1557 2144 1798 2203 Minicio
1854 2143 2062 2203 Natali
2117 2144 2219 2202 ab·

196 2236 547 2307 iudicemuS,
592 2252 727 2292 cum
773 2232 870 2293 vel
916 2232 1028 2291 sub
1065 2232 1267 2291 Nerva
1305 2232 1573 2308 principe
1610 2232 1773 2308 leges
1809 2236 2054 2309 rogatas
2091 2251 2221 2292 esse

196 2324 478 2383 tradatur
517 2314 620 2404 (D.
650 2324 752 2398 47,
783 2323 885 2397 21,
917 2322 974 2398 3,
1006 2324 1059 2380 1.
1098 2319 1380 2380 Karlowa
1414 2320 1446 2379 I
1471 2340 1527 2395 p.
1561 2314 1738 2401 624),
1781 2322 2012 2382 nullam
2048 2321 2221 2381 video

196 2413 491 2473 rationem
544 2410 833 2471 idoneam.
925 2410 1095 2468 cuius
1149 2409 1300 2486 legis
1356 2413 1778 2485 argumentum
1834 2411 1911 2469 ad
1966 2410 2217 2470 eandem

198 2502 323 2561 fere
390 2502 649 2559 aetatem
713 2498 933 2557 referre
996 2498 1164 2575 licet,
1229 2497 1458 2557 scilicet
1522 2499 1597 2557 ad
1660 2499 1719 2557 id
1774 2501 2038 2576 tempuS,
2104 2518 2221 2576 quo

201 2592 265 2649 et
311 2589 615 2649 veteranis
670 2586 1026 2665 quibusdam
1070 2585 1502 2663 principalibus
1548 2586 2075 2646 constitutionibus
2121 2606 2218 2646 co-

197 2678 453 2737 nubium
509 2696 643 2737 cum
693 2676 789 2735 his
835 2674 1067 2734 Latinis
1120 2673 1552 2751 peregrinisve,
1609 2693 1758 2751 quas
1805 2675 2029 2750 primas
2084 2678 2223 2750 post

199 2766 546 2826 missionem
598 2782 814 2824 uxores
870 2763 1174 2840 duxerint,
1230 2762 1473 2821 concedi
1530 2756 1688 2843 (Gai.
1720 2767 1776 2842 1,
1807 2755 1922 2844 57)
1978 2768 2040 2822 et
2093 2783 2224 2839 per-

199 2855 427 2933 egrinis
499 2853 847 2915 civitatibus
920 2851 1275 2928 quibusdam
1340 2850 1503 2909 Latii
1574 2852 1669 2910 ius
1741 2853 1838 2914 vel
1902 2872 1939 2912 a
1998 2852 2224 2929 populo

200 2945 472 3004 Romano
509 2942 608 3004 vel
635 2960 671 2999 a
700 2943 912 3001 senatu
938 2941 1037 3000 vel
1064 2960 1099 3000 a
1128 2939 1381 3000 Caesare
1411 2940 1539 2998 dari
1569 2942 1802 3001 solebat
1830 2932 1987 3023 (Gai.
2013 2945 2068 3019 1,
2092 2934 2221 3021 95).

199 3031 482 3092 Minicius
546 3034 747 3090 autem
803 3030 1066 3103 Natalis,
1142 3030 1244 3107 qui
1318 3048 1390 3089 ex
1461 3031 1717 3107 utroque
1782 3030 1940 3090 bello
2005 3031 2222 3090 Dacico

200 3121 375 3180 donis
414 3119 775 3179 militaribus
822 3121 1070 3178 ornatus
1114 3118 1395 3195 redierat,
1437 3116 1659 3178 Romae
1708 3119 1782 3179 de
1825 3118 2223 3178 matrimoniis

200 3209 657 3286 peregrinorum
738 3226 872 3267 cum
944 3208 1172 3268 civibus
1244 3206 1528 3267 Romanis
1599 3227 1719 3268 non
1789 3208 2223 3270 interveniente

347 3348 378 3397 1
430 3341 487 3397 0.
526 3342 767 3409 Mensia,
814 3358 954 3411 quae
1002 3340 1169 3397 lectio
1216 3344 1384 3397 antea
1418 3342 1479 3397 in
1517 3339 1861 3397 editionibus
1898 3342 2121 3412 prolata
2157 3358 2225 3396 ex

204 3430 269 3469 eo
309 3414 533 3468 demum
570 3414 847 3482 tempore,
886 3430 996 3481 quo
1036 3412 1386 3467 Studemund
1423 3411 1482 3467 in
1521 3412 1650 3467 Gaii
1688 3413 1880 3468 codice
1918 3412 2226 3467 Veronensi

207 3492 255 3551 1,
280 3492 353 3541 ‘18
392 3484 577 3555 legem
612 3482 899 3538 Miniciam
946 3484 1214 3550 restituit,
1262 3482 1412 3553 apud
1449 3482 1753 3553 Ulpianum
1790 3500 2010 3553 quoque
2041 3498 2224 3538 emen·

78 3564 95 3581 ·
204 3556 341 3612 data
376 3558 477 3612 est.
