2575 3900
803 191 851 240 6.
898 183 1316 239 IAVOLENUS
1354 183 1648 239 PRISCUS
2100 181 2239 247 463

198 349 490 412 nummis
542 348 740 430 ipsius
792 346 1026 412 heredis
1078 347 1280 426 solvit,
1338 347 1465 429 ipse
1516 348 1759 428 quidem
1811 352 2067 428 repetere
2110 368 2237 412 non

189 440 420 518 potest.
526 438 632 500 sed
691 439 748 502 si
801 438 1121 518 iynoraute
1171 435 1385 500 herede
1436 457 1719 502 nummos
1776 437 1907 500 eius
1962 436 2237 518 tradidit,

201 526 350 590 dom
361 526 526 608 inus,
579 527 698 610 ait,
752 546 849 590 eos
902 530 1058 590 recte
1097 525 1458 590 vindicabit.
1548 527 1752 590 eadem
1797 545 1989 590 causa
2029 545 2238 590 rerum

201 614 630 696 corporalium
673 618 774 679 est.

863 702 962 768 De
1005 703 1323 768 interdicto
1366 703 1589 767 utrubi.

394 811 496 874 19.
541 807 745 892 D.41,
764 811 822 893 3,
848 810 948 875 16.
1017 808 1364 874 Iavolenus
1396 810 1559 874 libro
1600 811 1829 892 quarto
1858 830 1936 873 ex
1963 808 2241 880 Plautio.

209 935 293 945 —
350 896 530 964 Servi
571 901 842 977 nomine,
895 899 1002 980 qui
1035 899 1293 981 piynori
1337 901 1517 963 datus
1560 903 1663 977 est,
1708 900 1795 962 ad
1836 898 2237 963 exhibendum

202 1008 351 1052 cum
399 989 715 1071 creditore,
765 1009 892 1052 non
936 1008 1075 1051 cum
1119 988 1382 1052 debitore
1425 989 1728 1069 aqcndum
1771 991 1883 1068 est,
1935 989 2086 1069 quia
2128 989 2241 1069 qui

195 1077 461 1158 piynori
505 1077 693 1158 dedit,
739 1079 824 1140 ad
865 1078 1299 1159 usucapionem
1344 1082 1587 1141 tantum
1623 1077 1907 1158 possidet,
1952 1078 2113 1158 quod
2154 1076 2241 1140 ad

205 1166 482 1247 reliquas
527 1186 732 1230 omnes
776 1185 996 1230 causas
1034 1167 1309 1248 pertinet,
1355 1167 1463 1247 qui
1505 1166 1733 1245 accepit
1759 1166 2043 1248 possidet,
2087 1167 2239 1230 adeo

205 1259 283 1319 ut
326 1255 493 1319 adici
524 1255 728 1338 possit
769 1259 827 1318 et
856 1256 1156 1336 possessio
1200 1255 1331 1318 eius
1375 1255 1483 1336 qui
1516 1255 1773 1337 plynori
1820 1252 2119 1339 accepit1.

1058 1454 1274 1514 Liber
1320 1454 1392 1511 V.

1209 1565 1242 1628 ⁶?

391 1672 496 1736 20.
535 1671 611 1735 D.
633 1669 739 1755 50,
760 1672 862 1754 16,
883 1672 984 1737 83.
1041 1671 1386 1736 Iavolenus
1413 1671 1582 1736 libro
1613 1671 1837 1754 quinto
1862 1693 1941 1734 ex
1959 1671 2238 1735 Plautio.

213 1797 295 1806 —
347 1761 610 1842 Proprie
653 1761 812 1825 bona
855 1761 979 1825 dici
1020 1781 1146 1826 non
1181 1764 1461 1843 possunt,
1505 1781 1661 1842 quac
1684 1761 1835 1846 ptus
1870 1761 2238 1824 incommodi

210 1870 403 1932 quam
446 1851 741 1915 commodi
783 1849 1019 1914 habent.

391 1963 463 2022 cf.
509 1962 701 2039 Epist.
747 1962 820 2022 fr.
868 1964 970 2022 47.

670 2158 772 2217 VI.
839 2159 1349 2235 Epistularum
1394 2159 1571 2218 libri
1614 2157 1773 2218 XIV.

389 2281 727 2343 Labeonem
790 2282 1228 2359 Proculumque
1297 2287 1541 2342 secutus
1602 2283 1923 2342 Iavolenus
1988 2282 2240 2357 Epistu-

216 2372 408 2429 larum
469 2370 642 2430 libris
696 2388 981 2447 responsa
1040 2390 1152 2430 sua
1203 2372 1532 2447 proposuit.
1634 2389 1769 2430 cum
1820 2369 2092 2431 Iavoleni
2146 2388 2235 2428 re-

217 2476 432 2534 sponsa
485 2459 547 2518 in
600 2459 695 2518 his
749 2458 920 2518 libris
982 2460 1200 2518 omissa
1252 2461 1356 2520 vix
1409 2459 1809 2535 reperiantur,
1879 2477 2027 2534 opus
2080 2458 2237 2517 illud

217 2550 476 2605 extremo
506 2548 744 2606 demum
774 2548 934 2607 vitae
963 2551 1229 2623 tempore
1257 2548 1497 2607 videtur
1526 2548 1796 2607 edidisse.
1862 2547 1925 2606 in
1948 2548 2235 2623 posterio-

215 2654 346 2697 rum
389 2635 540 2695 iuris
587 2636 993 2696 consultorum
1037 2636 1393 2712 fragmentis
1438 2636 1531 2694 illi
1575 2634 1715 2695 libri
1759 2653 2056 2712 nusquam
2101 2636 2231 2693 lau-

215 2725 457 2801 dantur3
511 2728 575 2783 at
619 2724 874 2783 fortasse
922 2724 1228 2784 Aburnius
1276 2724 1525 2803 ValenS,
1581 2723 1795 2798 Gaius,
1854 2723 2104 2789 Paulus,
2128 2742 2233 2783 eos

215 2812 536 2889 respiciunt
582 2803 665 2895 (v.
713 2805 920 2894 infra).

386 2900 501 2972 Qui
533 2901 884 2963 Iavolenum
919 2903 1368 2977 consuluerunt,
1410 2903 1571 2963 inter
1606 2920 1754 2981 quos
1791 2902 1940 2961 iuris
1978 2902 2235 2963 studiosi

215 2992 491 3053 videntur
542 2991 753 3069 fuisse,
805 2992 1078 3068 priorum
1131 3011 1368 3070 quoque
1423 2992 1573 3051 iuris
1629 2991 2037 3052 consultorum
2095 3009 2232 3051 sen-

215 3081 429 3141 tentias
475 3081 830 3159 attulerunt,
886 3081 1031 3156 quid
1074 3081 1357 3142 Iavoleno
1403 3082 1724 3157 videretur,
1780 3080 2236 3159 interrogantes

218 3163 308 3251 (D.
333 3172 556 3245 50,16,
579 3171 924 3247 116.28,5,
951 3161 1074 3252 11).
1150 3170 1214 3229 in
1249 3189 1369 3248 quo
1404 3190 1550 3229 num
1586 3188 1729 3229 casu
1765 3171 1994 3229 factum
2022 3170 2122 3243 sit,
2165 3172 2239 3229 ut

217 3259 433 3335 priores
487 3258 638 3319 iuris
694 3259 950 3319 consulti
1006 3278 1043 3318 a
1095 3260 1539 3320 consulentibus
1594 3259 1768 3318 allati
1822 3258 1868 3317 ii
1922 3259 2038 3335 ipsi
2090 3259 2231 3331 sint,

219 3346 314 3423 qui
374 3349 512 3407 ante
573 3348 888 3408 Neratium
959 3348 1385 3423 Epistularum·
1433 3349 1619 3408 libros
1683 3347 2016 3423 ediderant,
2092 3347 2238 3406 licet

223 3454 514 3512 quaerere.

352 3566 380 3614 1
425 3560 576 3616 Trib.
615 3560 790 3617 dedit.
855 3562 1174 3617 emendavit
1209 3561 1395 3617 Eisele
1428 3560 1482 3617 Z.
1513 3563 1565 3617 d.
1596 3562 1830 3620 θυι-δὲ.
1862 3560 2066 3630 XVIII,
2098 3565 2183 3615 12.
