2575 3900
325 171 422 227 III.
462 169 656 236 QUAE
697 170 1201 239 QUAERUNTUR
1240 169 1382 226 VEL
1420 171 1896 229 DUBITANTUR
1932 174 2084 230 ETO.
2127 174 2261 239 569

1077 333 1178 400 De
1221 355 1418 401 censu.

415 449 474 516 3.
520 449 777 515 Dosith.
838 451 937 516 17.
995 487 1077 498 —
1134 449 1377 535 Magna
1430 504 1444 517 .
1566 451 1880 516 dissensio
1938 457 2036 517 est
2094 453 2265 517 inter

235 539 503 641 peritOS,
548 543 765 604 utrum
813 561 888 604 eo
935 543 1224 623 tempore
1271 540 1441 604 vires
1497 540 1817 624 accipiant
1863 541 2099 622 omnia,
2143 563 2264 624 quo

232 629 308 693 in
345 649 540 693 censu
578 633 866 711 emuntur,
911 648 997 692 an
1036 650 1111 693 eo
1148 631 1443 712 tempore
1479 651 1607 712 quo
1646 629 1920 694 lustrum
1962 591 2266 695 con’ditur

325 717 569 801 ‚quod
631 717 776 781 ideo
834 717 1198 801 quaesitum
1263 721 1389 797 est,
1455 717 1761 801 quoniam
1827 719 2047 783 omnia
2108 739 2267 801 quae

234 807 306 869 in
352 827 547 870 censu
596 809 875 890 aguntur
922 806 1131 870 lustro
1179 806 1657 871 confirmantur.

850 991 904 1048 2.
955 989 1059 1049 Ad
1102 989 1216 1048 ius
1261 989 1643 1065 privatum.

910 1132 962 1172 a.
1009 1113 1107 1173 De
1154 1113 1315 1172 iure
1363 1112 1583 1174 civili.

793 1222 894 1288 De
937 1225 1325 1306 adquirenda
1368 1224 1709 1290 hereditate.

413 1339 471 1403 4.
519 1338 596 1403 D.
653 1339 758 1422 29,
813 1339 874 1421 2,
929 1339 1017 1404 24
1071 1362 1164 1423 pr.
1256 1337 1579 1423 Ulpianus
1636 1340 1805 1404 libro
1853 1341 2133 1423 septimo
2183 1340 2264 1406 ad

236 1426 569 1492 Sabinum.
623 1463 698 1474 —
749 1426 905 1491 Fuit
960 1428 1379 1512 quaestioniS,
1434 1450 1521 1491 an
1574 1450 1693 1511 pro
1749 1427 1983 1493 herede
2040 1451 2263 1515 gerere

236 1516 557 1668 videatztur,
631 1516 741 1599 qui
804 1516 1083 1599 pretium
1149 1515 1530 1581 hereditatis
1602 1516 1994 1581 omittendae
2066 1541 2264 1584 causa

237 1627 384 1688 calu
415 1655 500 1766 {et
548 1706 809 1782 optinuit
853 1707 1012 1766 hunc
1055 1726 1165 1784 pro
1212 1708 1432 1767 herede
1472 1755 1483 1767 .
1516 1753 1529 1766 .
1574 1725 1694 1767 non
1740 1727 1949 1786 gerere
1980 1755 1993 1768 .
2024 1701 2066 1768 .'

846 1861 944 1927 De
990 1862 1276 1946 leyitimis
1318 1861 1651 1928 heredem-9.

415 1979 474 2044 5.
521 1978 661 2044 Gai.
710 1979 769 2061 3,
811 1979 910 2045 16.
955 2013 1032 2026 -
1075 2029 1087 2043 .
1118 2026 1135 2043 .
1165 1980 1220 2043 si
1256 1978 1543 2043 defuncti
1579 1979 1794 2043 nullus
1830 1978 2035 2044 frater
2072 1984 2265 2062 extet,

236 2068 436 2152 (sed)
481 2070 614 2132 sint
661 2067 849 2132 liberi
895 2067 1191 2154 fratrum,
1237 2067 1318 2131 ad
1366 2089 1589 2133 omnes
1642 2068 1898 2153 quidem
1937 2068 2261 2133 hereditas

233 2160 534 2241 pertinet.
637 2156 747 2221 sed
794 2158 1153 2241 quaesitum
1203 2159 1323 2240 est,
1388 2157 1443 2221 si
1491 2158 1732 2239 dispari
1777 2157 1945 2221 forte
1990 2178 2259 2222 numero

235 2248 368 2311 sint
411 2246 571 2327 nati,
624 2248 700 2310 ut
744 2267 822 2309 ex
869 2267 996 2310 uno
1043 2266 1209 2309 unus
1257 2245 1360 2308 vel
1406 2246 1552 2328 duo,
1598 2266 1677 2311 ex
1724 2245 1929 2310 altero
1976 2251 2108 2311 tres
2156 2246 2262 2310 vel

237 2339 568 2419 quattuor,
641 2338 858 2398 utrum
931 2335 998 2397 in
1064 2334 1301 2416 stirpes
1367 2332 1703 2399 dividenda
1771 2335 1857 2398 sit
1917 2334 2262 2413 heredita-¹21,

236 2424 402 2487 sicut
436 2424 607 2486 inter
645 2443 794 2486 suos
841 2420 1108 2485 heredes
1153 2421 1314 2485 iuris
1362 2427 1479 2506 est,
1525 2445 1609 2487 an
1654 2423 1871 2506 potius
1916 2424 1983 2488 in
2030 2424 2263 2508 capita.

413 2525 487 2583 cf.
532 2523 614 2602 II,
663 2528 695 2582 1
748 2544 806 2599 p.
853 2524 999 2584 431.

413 2627 473 2691 6.
520 2618 659 2689 Gai.
715 2624 786 2710 3,
841 2625 944 2690 87.
1002 2660 1078 2672 -—-
1133 2621 1300 2688 Suus
1358 2675 1371 2689 .
1410 2677 1423 2690 .
1481 2627 1547 2688 et
1614 2624 2009 2689 necessarius
2072 2626 2263 2690 heres

240 2738 319 2780 an
370 2714 614 2799 aliquid
663 2716 864 2800 agant
907 2714 978 2776 in
1024 2713 1160 2777 iure
1209 2712 1491 2778 cedendo
1539 2712 1881 2797 quaeritur.

413 2818 486 2877 cf.
530 2837 587 2892 p.
637 2818 738 2877 39.

635 2970 735 3035 De
781 2971 955 3036 bonis
999 2969 1375 3035 Latinorum
1423 2970 1862 3036 libertinorum.

415 3088 473 3151 7.
523 3085 661 3151 Gai.
697 3086 757 3168 3,
797 3088 897 3150 71.
940 3122 1016 3133 —
1061 3136 1074 3148 .
1105 3134 1119 3149 .
1158 3086 1488 3170 quaeritur
1530 3108 1616 3150 an
1650 3085 1775 3151 hoc
1813 3089 2075 3151 senatus
2114 3108 2260 3151 con-

239 3177 480 3241 sultum
524 3173 638 3261 (sc.
677 3174 846 3258 quod
885 3172 1068 3259 Lupo
1107 3179 1173 3240 et
1199 3173 1415 3258 Largo
1454 3175 1826 3241 consulibus
1855 3176 2098 3240 factum
2136 3178 2262 3259 est)

239 3265 317 3330 ad
365 3286 476 3330 eos
521 3264 780 3348 patroni
825 3263 1062 3327 liberos
1109 3264 1451 3347 pertineat,
1506 3264 1619 3349 qui
1674 3286 1752 3329 ex
1807 3264 1941 3328 filia
1990 3268 2261 3348 nepteve

238 3357 672 3438 procreantur,
717 3352 782 3416 id
831 3357 932 3419 est
978 3354 1051 3416 ut
1094 3374 1294 3436 nepos
1355 3374 1535 3417 meus
1591 3374 1669 3417 ex
1720 3353 1857 3417 filia
1910 3353 2129 3436 potior
2176 3352 2263 3415 sit

237 3445 304 3506 in
387 3442 579 3507 bonis
645 3440 860 3505 Latini
931 3441 1056 3505 mei
1121 3463 1317 3525 quam
1382 3445 1723 3506 extraneus
1789 3441 1995 3506 heres,
2104 3440 2260 3503 item

235 3530 407 3614 (an)
479 3530 558 3593 acl
633 3534 960 3594 maternos
1034 3529 1302 3595 Latinos
1374 3530 1497 3595 hoc
1569 3534 1831 3595 senatus
1896 3528 2261 3595 consultum
