2575 3900
349 192 478 257 396
553 193 621 252 V.
655 192 959 247 NERVAE
998 192 1092 247 ΕΤ
1129 190 1435 247 TRAIANI
1469 192 1683 247 ΤΕΜΡ.
1720 189 1913 247 IURIS
1950 188 2325 246 CONSULTI

347 362 540 424 civilis
593 361 763 421 libris
816 361 947 436 XV,
1004 360 1256 437 denique
1313 380 1385 420 ex
1438 360 1665 421 Plautii
1719 378 1895 436 opere
1945 359 2267 435 principali
2319 360 2382 418 V

349 470 489 513 suos
561 451 774 527 libros,
846 449 1039 509 edidit
1105 450 1419 526 praeterea
1479 449 1899 526 Epistularum
1961 448 2145 509 libros
2209 448 2381 508 XIV.

526 538 849 599 Auditores
915 539 1129 599 habuit
1188 541 1430 614 praeter
1494 539 1670 615 alios,
1719 538 2099 622 ‘quibuscum
2158 541 2389 613 postea

350 648 586 708 quoque
631 628 972 688 litterarum
1017 628 1367 687 commercio
1414 628 1765 687 coniunctus
1810 625 2051 687 videtur
2090 617 2176 707 (v.
2213 626 2383 687 infra

349 719 456 778 ubi
501 718 574 777 de
610 716 1024 793 Epistularum
1067 716 1240 775 libris
1276 709 1539 795 agetur),
1584 716 1853 791 inprimis
1892 714 2163 775 Salvium
2197 715 2383 775 illum

352 807 685 882 Julianum,
739 806 845 882 qui
897 804 1051 864 libro
1097 804 1267 863 XLII
1321 805 1709 883 Digestorum
1754 804 1824 865 D.
1864 805 1967 877 40,
2004 806 2061 878 2,
2092 806 2131 864 5
2198 803 2381 866 Iavo-

348 896 551 955 lenum
595 896 1039 971 praeceptorem
1089 913 1264 953 suum
1302 894 1448 953 dicit
1486 886 1886 974 (Iavolenum
1920 896 2383 969 praeceptorem

350 976 619 1063 meum').
709 979 845 1042 ‘Die
900 982 1284 1060 Vermutung
1336 982 1489 1060 liegt
1542 975 1739 1059 nahe',
1792 982 1880 1041 ait
1934 981 2092 1041 Buhl
2146 982 2213 1040 in
2265 982 2382 1043 illo

352 1073 422 1132 de
461 1072 696 1131 Iuliano
742 1072 897 1130 libro
933 1091 991 1147 p.
1024 1073 1102 1131 19
1123 1090 1227 1149 sq.,
1274 1065 1431 1132 ‘dass
1467 1071 1797 1133 Javolenus
1833 1071 1897 1129 in
1933 1070 2151 1129 Afrika
2187 1070 2385 1131 selbst

349 1160 636 1221 wahrend
689 1159 850 1220 eines
904 1160 1011 1218 der
1063 1178 1181 1220 von
1234 1160 1361 1219 ihm
1406 1160 1544 1220 dort
1586 1160 1967 1220 bekleideten
2010 1145 2225 1218 Emizer
2270 1160 2389 1219 auf

351 1250 465 1309 den
513 1248 982 1309 Hadrumetiner
1025 1248 1236 1308 Julian
1282 1249 1687 1309 aufmerksam
1732 1249 2048 1326 geworden
2092 1248 2195 1306 sei.
2290 1248 2384 1307 Er

349 1338 501 1399 wird
556 1357 633 1397 an
690 1338 822 1397 dem
880 1337 1177 1415 begabten
1216 1338 1445 1414 jungen
1490 1338 1721 1397 Manne'
1754 1336 2027 1397 Gefallen
2072 1336 2381 1414 gefunden

350 1426 562 1505 haben,
614 1427 691 1486 da
737 1445 802 1485 er
848 1426 973 1485 sich
1019 1426 1216 1485 seiner
1253 1426 1641 1501 juristischen
1687 1426 2070 1503 Ausbildung
2114 1426 2378 1484 annahm

351 1517 474 1575 und
510 1517 618 1575 ihn
654 1514 1048 1575 anscheinend
1085 1515 1254 1574 nicht
1291 1535 1406 1574 nur
1441 1515 1723 1576 wahrend
1758 1515 1952 1574 seiner
1977 1514 2383 1593 Verwaltung

350 1604 414 1664 in
459 1604 701 1680 Afrika,
757 1603 1015 1663 sondern
1067 1604 1223 1663 auch
1273 1603 1341 1662 in
1387 1603 1601 1681 Syrien
1647 1606 1802 1663 etwa
1846 1603 1936 1663 als
1982 1602 2267 1663 Assessor
2311 1603 2379 1662 in

352 1694 547 1753 seiner
588 1693 759 1752 Nahe
813 1692 1040 1751 behielt
1092 1683 1393 1773 (Iulianus
1448 1692 1608 1751 enim
1660 1692 1771 1751 ait:
1830 1686 1964 1770 ‘ego
2020 1692 2123 1767 qui
2165 1693 2378 1751 memi-

350 1782 597 1854 nissem,
661 1781 1010 1842 Iavolenum
1048 1826 1060 1839 .
1092 1826 1104 1838 .
1138 1828 1149 1840 .
1189 1784 1251 1840 et
1312 1782 1378 1840 in
1430 1781 1638 1841 Africa
1699 1785 1761 1840 et
1818 1782 1883 1841 in
1938 1780 2115 1858 Syria
2168 1799 2379 1841 servos

353 1888 491 1931 suos
529 1869 961 1945 manumisisse,
999 1860 1190 1952 cum')
1219 1914 1233 1928 .
1262 1912 1278 1928 .
1309 1916 1322 1930 .
1351 1869 1428 1927 In
1461 1870 1685 1931 welche
1712 1870 1898 1929 Jahre
1926 1870 2086 1929 diese
2113 1870 2379 1929 naheren

350 1960 764 2037 personlichen
809 1959 1227 2037 Beziehungen
1271 1959 1510 2019 Julians
1558 1981 1629 2020 zu
1672 1959 1930 2019 Javolen
1975 1959 2187 2037 fallen,
2233 1960 2383 2018 lasst

354 2048 480 2109 sich
545 2047 915 2109 einstweilen
975 2048 1144 2108 nicht
1198 2042 1547 2108 ermitteln.'
1645 2048 1951 2108 Iulianum
2004 2049 2379 2124 praeceptori

351 2137 442 2198 ita
477 2137 845 2212 successisse,
890 2139 962 2196 ut
997 2136 1154 2196 inter
1189 2155 1291 2196 eos
1327 2136 1634 2198 Aburnius
1669 2137 1893 2197 Valens
1930 2137 2161 2196 medius
2200 2139 2379 2213 esset,

355 2245 538 2303 supra
584 2225 864 2302 vidimusg
910 2244 1066 2302 quae
1112 2226 1405 2298 successio
1453 2245 1571 2303 quo
1618 2228 1887 2302 tempore
1932 2225 2097 2285 facta
2134 2224 2215 2284 sit
2255 2245 2377 2286 non

351 2316 546 2393 magis
609 2318 845 2375 constat
908 2333 1090 2390 quam
1152 2316 1225 2374 de
1287 2315 1420 2390 ipso
1477 2315 1747 2375 Aburnio
1801 2314 2055 2374 Valente
2122 2313 2194 2373 de
2255 2333 2381 2391 quo

351 2405 503 2462 illud
555 2423 742 2464 unum
796 2405 1026 2463 certum
1080 2406 1197 2482 est,
1252 2422 1391 2462 eum
1444 2403 1661 2480 viginti
1715 2403 1976 2480 quinque
2028 2403 2157 2463 fere
2202 2403 2379 2462 annis

345 2493 588 2572 *Iuliano
632 2493 922 2553 minorem
967 2492 1154 2552 fuisse
1201 2485 1394 2572 (Buhl
1438 2513 1494 2568 p.
1527 2485 1658 2574 14).
1741 2492 1899 2568 quod
1943 2491 2131 2552 nihilo
2173 2491 2377 2551 minus

353 2587 494 2642 ant-e
532 2582 837 2642 Iulianum
875 2581 1234 2640 Sabinianae
1279 2581 1519 2641 scholae
1563 2581 1839 2657 princeps
1882 2581 2131 2659 exstitit,
2174 2581 2375 2640 nescio

353 2691 430 2732 an
475 2674 586 2731 hac
632 2689 811 2731 eausa
855 2671 1084 2730 factum
1130 2670 1225 2747 sit,
1270 2671 1431 2746 quod
1479 2669 1704 2730 Valens
1746 2673 1819 2729 ut
1864 2671 2042 2730 homo
2088 2669 2377 2729 senatorii

353 2761 576 2825 ordinis
607 2756 1027 2839 (‘clarissimus
1055 2750 1365 2842 iuvenis'),
1404 2759 1655 2834 Iulian0,
1693 2777 2053 2836 quamquam
2082 2758 2375 2818 Hadriani

353 2849 524 2908 iussu
569 2848 831 2909 edictum
879 2851 1316 2924 composuerat,
1362 2867 1498 2908 cum
1544 2852 1703 2907 esset
1746 2848 1923 2908 homo
1962 2866 2034 2906 ex
2069 2846 2379 2923 provincia

353 2936 665 3013 oriundus,
739 2937 844 3013 qui
912 2956 1033 2996 non
1102 2940 1240 2997 ante
1306 2936 1597 2996 Hadriani
1659 2937 2063 3013 principatum
2122 2935 2374 2994 Romam

352 3024 595 3084 videtur
640 3025 1102 3102 transmigrasse
1148 3018 1344 3106 (Buhl·
1384 3045 1440 3102 p.
1474 3018 1611 3106 20),
1660 3024 2152 3101 anteponebatur.

529 3113 695 3173 Inter
747 3132 871 3191 res,
928 3132 1078 3191 quae
1131 3113 1195 3171 in
1241 3113 1512 3174 Iavoleni
1564 3113 1919 3192 fragmentis
1973 3111 2377 3189 inveniuntur,

350 3202 465 3260 hae
518 3202 814 3262 notabiles
871 3205 1037 3260 sunt:
1091 3201 1144 3260 is
1197 3202 1302 3276 qui
1357 3202 1725 3262 domicilium
1769 3205 1937 3262 trans
1981 3218 2146 3261 mare
2190 3201 2379 3261 habet

351 3281 454 3370 (D.
488 3292 546 3367 5,
580 3294 634 3366 1,
665 3281 796 3370 34),
847 3290 1321 3366 archigubernus
1368 3293 1430 3349 et
1474 3290 1840 3351 trierarchus
1888 3309 1961 3350 ex
2005 3290 2196 3350 classe
2241 3289 2373 3348 Bri-

351 3377 594 3436 tannica
648 3369 750 3457 (D.
781 3379 884 3454 36,
916 3380 972 3456 1,
1001 3368 1143 3458 48),
1205 3376 1607 3438 Callimachus
1664 3398 1800 3439 cum
1854 3399 1973 3458 quo
2029 3378 2375 3439 testamenti

350 3465 535 3526 factio
581 3485 702 3526 non
748 3467 842 3524 est
878 3456 979 3547 (D.
1011 3466 1112 3543 35,
1142 3469 1198 3544 1,
1229 3459 1364 3548 55),
1399 3467 1783 3546 naufragium
1820 3488 1939 3546 quo
1978 3487 2111 3528 cum
2148 3467 2375 3544 pubere

350 3554 476 3614 filio
539 3557 734 3613 mater
795 3553 978 3629 periit
1042 3546 1142 3635 (D.
1181 3556 1284 3632 34,
1324 3559 1381 3634 5,
1421 3549 1560 3636 22),
1626 3575 1769 3617 aves
1832 3576 1983 3634 quae
2046 3557 2110 3616 in
2163 3557 2378 3616 insulis
