2575 3900
1018 210 1069 261 s,
1107 204 1460 276 vaNUs
2121 202 2256 272 245

908 370 1009 436 De
1053 372 1283 436 damno
1329 371 1570 452 infecto.

399 484 472 543 cf.
510 483 734 542 Iuliani
777 482 1005 542 librum
1048 481 1253 541 LVIII
1297 481 1363 542 P.
1396 484 1545 543 739.

407 564 509 633 11.
547 567 627 633 D.
647 567 750 652 39,
770 568 833 651 2,
852 567 957 651 24,
978 566 1036 632 9.
1116 564 1301 631 Idem
1341 564 1458 650 (sc.
1487 565 1838 653 Ulpianus)
1878 567 2046 631 libro
2088 571 2259 632 octo·

221 656 513 743 gensimo
560 656 771 741 primo
819 656 901 720 ad
946 654 1229 719 edictum
1267 652 1366 739 (P.
1390 652 1610 758 1753).
1650 688 1735 703 ·-
1774 706 1788 720 .
1809 704 1825 721 .
1873 656 2042 757 apud
2080 654 2259 721 Vivi-

220 767 423 811 anum
470 746 747 810 relatum
794 747 913 826 est,
961 745 1017 808 si
1063 765 1141 807 ex
1184 764 1342 829 agro
1379 742 1575 809 vicini
1613 745 1876 810 arbores
1913 746 1980 810 vi
2017 748 2258 829 tempe·

222 835 418 900 statis
492 833 864 899 confractae
927 833 997 897 in
1058 854 1277 897 meum
1345 854 1575 918 agrum
1639 833 1993 899 deciderint
2057 854 2258 917 eoque

217 924 398 989 facto
458 921 700 988 vitibus
757 922 919 987 meis
976 920 1079 986 vel
1136 922 1468 1007 segetibus
1524 926 1762 988 nocent
1810 920 1917 988 vel
1965 922 2259 987 aedificia

220 1012 611 1092 demoliunt,
685 1010 1176 1095 stipulationem
1238 1012 1467 1096 istam,
1534 1012 1603 1077 in
1668 1033 1798 1095 qua
1859 1011 2019 1078 haec
2085 1033 2260 1077 com-

218 1100 709 1185 prehenduntur
762 1098 845 1164 ‘si
901 1099 1051 1184 quid
1100 1099 1405 1165 arborum
1449 1101 1656 1166 locive
1703 1100 1865 1166 vitio
1913 1100 2258 1179 acciderit’‚

218 1211 352 1255 11011
400 1212 539 1254 esse
586 1189 834 1273 utilem,
886 1189 1036 1273 quia
1082 1210 1214 1253 non
1262 1188 1567 1253 arborum
1615 1189 1795 1275 vitio,
1843 1188 1955 1255 sed
2000 1189 2066 1254 vi
2111 1211 2260 1254 ven·

219 1282 438 1343 torum
495 1277 802 1342 damnum
858 1276 1021 1341 mihi
1075 1278 1300 1342 datum
1357 1282 1474 1343 est.
1576 1278 1768 1363 plane
1826 1280 1881 1343 si
1935 1281 2261 1343 vetustate

224 1367 525 1432 arborum
594 1366 721 1431 hoc
778 1366 1002 1451 fiebat,
1065 1387 1412 1451 possumus
1470 1365 1680 1432 dicere
1736 1368 1898 1432 vitio
1955 1368 2260 1432 arborum

222 1456 533 1520 damnum
579 1454 740 1519 mihi
786 1454 945 1519 dari.

406 1545 507 1609 12.
542 1542 704 1608 Ibid.
726 1545 767 1623 ἓ
794 1544 893 1608 10.
921 1580 1005 1589 -
1033 1541 1215 1607 Idem
1254 1543 1368 1627 ait,
1406 1544 1461 1607 si
1500 1544 1722 1609 damni
1750 1544 1974 1610 infecti
2003 1545 2260 1610 aedium

223 1654 517 1698 mearum
570 1633 835 1697 nomine
889 1632 1014 1697 tibi
1068 1632 1455 1717 promisero,
1514 1633 1739 1699 deinde
1789 1633 1913 1698 hae
1960 1634 2148 1699 aedes
2195 1635 2262 1698 vi

219 1722 637 1806 tempestatis
682 1720 753 1784 in
799 1726 914 1785 tua
961 1720 1252 1786 aedificia
1299 1722 1649 1787 ceciderint
1691 1745 1891 1809 eaque
1928 1722 2260 1801 diruerint,

216 1811 388 1875 nihil
425 1812 504 1875 ex
542 1831 619 1875 ea
656 1809 1074 1893 stipulatione
1110 1810 1449 1893 praestari,
1486 1812 1637 1897 quia
1672 1813 1919 1877 nullum
1953 1812 2258 1882 damnum

219 1900 385 1966 vitio
453 1920 744 1966 mearum
811 1898 1069 1965 aedium
1134 1898 1259 1964 tibi
1323 1900 1650 1987 contingit
1717 1900 1870 1984 [nisi
1936 1900 2105 1967 forte
2165 1901 2260 1966 ita

222 1989 503 2055 vitiosae
559 2009 740 2053 meae
797 1988 985 2053 aedes
1040 1988 1313 2073 fuerint,
1367 1994 1442 2054 ut
1499 1990 1788 2074 qualibet
1841 1992 1944 2056 vel
1991 1991 2261 2055 minima

218 2080 612 2162 tempestate
658 2079 961 2160 ruerent}

576 2219 699 2300 Qui
742 2220 961 2286 absens
1004 2221 1235 2286 iudicio
1280 2221 1566 2302 defensus
1607 2241 1735 2312 non
1780 2223 1916 2288 erit.

405 2326 510 2391 13.
568 2323 647 2390 D.
677 2325 739 2408 4,
767 2325 829 2409 6,
856 2326 961 2404 35,
991 2326 1051 2390 9.
1140 2326 1386 2392 Paulus
1442 2326 1612 2392 libro
1669 2328 1862 2394 tertio
1919 2327 2000 2393 ad
2045 2329 2258 2412 legem

221 2414 458 2480 Iuliam
514 2417 580 2478 et
631 2413 905 2499 Papiam
960 2414 1057 2498 (P.
1087 2414 1266 2502 939).
1316 2451 1400 2462 —
1447 2413 1767 2481 Vivianus
1825 2417 2048 2481 scribit
2103 2416 2258 2482 Pro-

223 2502 441 2568 culum
487 2502 901 2589 respondisse
948 2504 1250 2588 militem,
1296 2505 1409 2588 qui
1455 2509 1820 2570 commeatu
1868 2505 2059 2590 absit,
2107 2505 2259 2569 dum

221 2593 487 2657 domum
555 2591 733 2656 vadit
799 2596 913 2656 aut
975 2590 1167 2675 redit,
1230 2593 1325 2656 rei
1389 2592 1688 2678 publicae
1755 2614 1949 2658 causa
2015 2595 2259 2677 abesse,

220 2681 377 2746 dum
424 2681 598 2746 domi
646 2680 759 2766 sit,
805 2701 935 2744 non
984 2680 1228 2745 abesse.

1106 2841 1274 2910 Unde
1319 2842 1400 2908 vi.

400 2953 473 3012 cf.
512 2951 736 3011 Iuliani
779 2952 1002 3011 librum
1048 2951 1309 3012 XLVIH
1352 2953 1418 3013 P.
1453 2954 1819 3015 656—659.

406 3037 506 3102 14.
555 3036 630 3100 D.
660 3037 768 3120 43,
800 3036 903 3121 16,
939 3037 993 3119 1,
1022 3036 1127 3101 41.
1218 3035 1540 3123 Ulpianus
1588 3037 1759 3103 libro
1808 3039 2257 3124 sexagensimo

216 3146 393 3191 110110
443 3126 524 3190 ad
571 3124 850 3189 edictum
888 3121 988 3212 (P.
1021 3123 1239 3213 1529).
1283 3162 1360 3173 —
1401 3125 1554 3192 Non
1599 3128 1860 3192 solum.
1882 3127 2260 3193 .fructuum

217 3215 394 3280 ratio
449 3213 517 3278 in
571 3213 697 3278 hoc
750 3213 1093 3280 interdicto
1150 3212 1269 3302 (sc.
1305 3215 1474 3280 unde
1528 3212 1623 3302 vi)
1680 3216 1983 3301 habetur,
2038 3241 2260 3283 verum

218 3307 587 3368 ceterarum
660 3301 856 3368 etiam
929 3303 1315 3369 utilitatium
1387 3304 1686 3370 habenda
1751 3310 1870 3372 est.
1976 3328 2131 3371 nam
2196 3313 2261 3371 et

218 3390 547 3457 Vivianus
597 3390 798 3456 refert
842 3392 910 3455 in
956 3393 1080 3456 hoc
1125 3393 1471 3458 interdicto
1519 3395 1768 3480 omnia,
1824 3417 2262 3497 qua-ecumque

221 3480 572 3545 habiturus
626 3480 730 3545 vel
776 3479 1197 3545 adsecuturus
1245 3484 1386 3547 erat
1431 3482 1488 3546 is
1536 3483 1646 3567 qui
1691 3483 1975 3548 deiectus
2023 3488 2148 3567 est,
2205 3484 2262 3548 si

225 3571 294 3636 vi
363 3569 647 3634 deiectus
707 3590 838 3633 non
895 3573 1091 3652 esset,
1156 3569 1414 3636 restitui
1470 3579 1585 3636 aut
1638 3593 1858 3636 eorum
1915 3572 2262 3656 (nomine)
