2575 3900
726 187 778 236 4.
820 181 877 237 c,
910 179 1202 236 cAssms
1239 178 1610 234 Loncmus
1942 145 1963 168 ⁶
2133 178 2173 242 9

343 350 614 410 Fortasse
660 349 734 408 D.
768 351 824 427 7,
855 351 912 425 5,
944 351 1001 425 3,
1047 348 1206 425 quod
1249 347 1658 424 fragmentum
1692 366 1826 407 cum
1865 346 1999 406 aliis
2036 346 2182 408 viris

199 438 358 498 doctis
397 438 634 500 Nervae
688 438 850 514 patri
898 437 1152 496 attribui
1199 429 1288 514 (H
1332 457 1388 513 p.
1421 427 1606 517 305),
1660 435 1864 511 potius
1908 435 2033 495 filio
2080 436 2182 494 ad-

194 527 539 586 scribendum
594 529 715 603 est,
769 545 904 586 cum
956 526 1021 584 in
1076 525 1280 585 eodem
1336 525 1581 602 Ulpiani
1633 525 1787 584 libro
1844 523 2050 583 XVIII
2106 525 2183 584 ad

191 615 450 675 Sabinum
500 617 553 676 is
609 633 844 692 quoque
892 614 1172 676 laudetur
1214 613 1394 689 idque
1440 614 1513 674 D.
1547 616 1603 690 7,
1636 617 1691 691 1,
1723 615 1824 690 13,
1865 615 1900 672 7
1956 613 2021 672 in
2065 612 2180 673 fine

190 706 350 764 etiam
392 705 647 781 simplici
689 704 926 765 Nervae
970 703 1224 764 nomine.

582 998 664 1080 4.
731 1001 803 1076 O.
861 1001 1234 1076 CASSIUS
1292 1001 1775 1074 LONGINUS

345 1148 498 1207 filius
543 1148 740 1207 minor
784 1148 851 1207 L.
900 1145 1092 1206 Cassii
1135 1147 1397 1206 consulis
1445 1146 1676 1206 suffecti
1722 1165 1773 1206 a.
1817 1147 1894 1204 11
1943 1165 1999 1221 p.
2045 1143 2181 1206 Chr.

189 1237 242 1294 et
287 1235 438 1296 filiae
483 1235 550 1307 Q.
598 1236 758 1296 Aelii
805 1235 1134 1295 Tuberonis
1192 1226 1253 1318 (1
1288 1256 1345 1312 p.
1378 1226 1563 1315 358),
1618 1253 1768 1311 quae
1820 1234 1942 1293 fuit
1983 1235 2181 1310 neptis

189 1323 362 1385 Servii
427 1324 674 1401 Sulpicii
748 1317 810 1406 (Ι
852 1344 909 1400 p.
950 1327 1073 1384 139
1121 1324 1330 1400 Pomp.
1366 1323 1440 1383 D.
1482 1326 1539 1392 1,
1582 1326 1639 1400 2,
1677 1326 1735 1397 2,
1776 1314 1916 1404 51),
1992 1323 2181 1382 frater

188 1411 242 1472 C.
275 1412 455 1473 Cassii
488 1413 750 1490 Longini
794 1413 1052 1473 consulis
1100 1413 1385 1473 ordinarii
1423 1431 1473 1472 a.
1506 1415 1608 1489 30,
1655 1412 1862 1472 consul
1900 1412 2182 1472 suffectus

189 1519 234 1560 a.
259 1504 336 1562 30
372 1522 502 1562 cum
537 1503 608 1563 L.
644 1502 874 1563 Naevio
911 1502 1165 1562 Surdino
1203 1496 1362 1582 (CIL
1391 1501 1447 1560 X
1479 1502 1675 1577 12333
1721 1519 1856 1559 cum
1892 1499 2181 1570 Quartino

187 1589 322 1651 falso
373 1591 575 1667 Pomp.
626 1588 665 1666 ἐ
705 1582 846 1673 51),
919 1609 1072 1650 anno
1135 1590 1545 1667 proconsulari
1609 1583 1796 1667 4os41
1865 1590 2183 1665 proconsul

185 1679 347 1738 Asiae
406 1680 479 1739 ab
542 1680 900 1755 imperatore
965 1678 1117 1739 Gaio
1176 1679 1428 1740 Romam
1491 1678 1809 1754 adductus,
1872 1679 1943 1736 ut
1999 1677 2183 1736 inter-

185 1765 464 1846 ficeretur,
535 1787 677 1828 nece
743 1767 854 1828 Gai
926 1771 1198 1829 servatus
1264 1759 1407 1847 (Dio
1464 1766 1624 1827 Cass.
1679 1769 1793 1840 59,
1852 1768 1951 1826 23.
2018 1765 2180 1826 Suet.

190 1853 296 1913 Cal.
341 1849 479 1936 57),
542 1857 781 1933 legatus
841 1855 1050 1934 Syriae
1115 1875 1169 1915 a.
1215 1849 1405 1935 47s48
1474 1847 1575 1936 (ut
1628 1874 1907 1914 nummus
1963 1847 2181 1935 docet),

191 1941 246 2003 in
277 1965 388 2021 qua
420 1945 720 2024 legatione
757 1945 933 2006 Vibio
971 1946 1171 2006 Marso
1209 1947 1576 2005 successerat
1612 1938 1877 2027 (Ioseph.
1904 1943 2045 2004 Ant.
2078 1946 2180 2021 20,

194 2027 364 2114 1,1),
414 2054 464 2095 a.
503 2036 586 2095 49
647 2027 813 2116 (Tac.
862 2054 996 2095 ann.
1038 2037 1148 2112 12,
1191 2028 1303 2115 11)
1366 2034 1565 2095 iussus
1618 2036 1895 2097 iuvenem
1948 2033 2181 2093 Meher-

195 2120 371 2181 datem
395 2123 661 2184 Vononis
688 2123 880 2182 filium
905 2125 1129 2183 Romae
1159 2124 1488 2203 detentum,
1526 2124 1631 2200 qui
1657 2122 1732 2183 ab
1761 2122 2182 2183 Armeniorum

193 2212 342 2283 parte
390 2231 491 2271 rex
532 2211 871 2290 petebatur,
917 2213 1208 2271 deducere
1254 2212 1331 2272 ad
1376 2212 1701 2287 Euphratis
1746 2212 1958 2289 ripam,
2004 2213 2074 2269 ut
2118 2210 2180 2270 in

196 2296 452 2360 Armenia
468 2304 752 2376 regnaret
769 2291 936 2381 (Tac.
963 2303 1063 2379 12,
1087 2302 1188 2360 12.
1213 2303 1313 2361 13.
1340 2300 1573 2377 Ioseph.
1596 2302 1698 2374 15,
1721 2303 1821 2377 11,
1840 2302 1899 2359 4.
1924 2300 2025 2376 20,
2048 2303 2104 2376 1,
2124 2302 2180 2377 1,

196 2384 493 2449 Mommsen
539 2388 749 2450 Gesch.
788 2389 858 2466 V,
898 2384 1074 2469 380),
1120 2408 1276 2449 anno
1326 2391 1408 2449 58
1456 2390 1720 2449 delectus
1767 2391 1861 2449 est
1904 2388 2181 2448 Puteola-

198 2490 380 2535 norum
422 2478 702 2559 seditioni
747 2478 1208 2554 componendae,
1260 2479 1366 2539 sed
1414 2473 1576 2554 ‘quia
1622 2477 2006 2538 severitatem
2053 2477 2179 2535 eius

201 2580 300 2621 non
351 2566 709 2640 tolerabant,
771 2570 1051 2642 precante
1105 2566 1239 2642 ipso
1304 2566 1381 2625 ad
1436 2566 1772 2626 Scribonios
1835 2565 2054 2625 fratres
2109 2583 2182 2623 ea

205 2666 321 2711 eura
355 2648 732 2714 transfertur'
781 2654 949 2735 (Tac.
978 2674 1110 2714 ann.
1144 2658 1246 2730 13,
1274 2649 1407 2731 48).
1474 2654 1831 2713 sententiam
1867 2652 1932 2710 in
1966 2655 2180 2711 senatu

201 2736 326 2799 dixit
359 2744 557 2803 eodem
602 2762 654 2802 a.
687 2744 768 2803 58
809 2747 870 2803 et
905 2762 958 2804 a.
989 2746 1069 2803 61
1112 2736 1195 2825 (v.
1233 2744 1395 2801 infra
1438 2763 1495 2819 p.
1526 2743 1609 2803 28
1632 2732 1767 2822 sq.).
1841 2759 1975 2800 cum
2011 2757 2064 2799 a.
2095 2740 2177 2801 65

197 2824 442 2905 Poppaea
501 2833 858 2892 decessisset
917 2851 1200 2908 morsque
1256 2834 1383 2891 eius
1436 2836 1523 2906 ut„
1558 2831 1761 2907 palam
1813 2829 2031 2908 tristis,
2093 2828 2183 2889 ita

195 2919 611 2981 recordantibus
647 2921 811 2980 laeta
846 2924 1003 2981 esset
1036 2921 1112 2980 ob
1139 2920 1551 2996 inpudicitiam
1578 2920 1706 2980 eius
1733 2918 2182 2999 saevitiamque,

194 3004 434 3085 princeps
498 3010 882 3086 exequiarum
944 3028 1098 3070 novo
1162 3010 1406 3069 orientis
1470 3028 1635 3069 more
1692 3008 2181 3069 celebrandarum

196 3092 359 3157 officio
396 3097 668 3159 Cassium
713 3097 1018 3174 prohibuit
1063 3090 1232 3179 (Tac.
1263 3117 1396 3157 ann.
1431 3101 1530 3175 16,
1563 3092 1649 3177 7),
1696 3091 1879 3174 ‘quod
1923 3097 2180 3172 primum

195 3179 442 3245 indicium
521 3178 704 3247 mali’.
822 3189 953 3246 tum
1023 3187 1208 3246 missa
1279 3187 1358 3246 ad
1431 3189 1705 3246 senatum
1779 3185 2045 3246 oratione
2120 3187 2180 3244 et

199 3265 434 3333 Cassium
487 3278 551 3335 et
603 3275 673 3334 L.
723 3274 990 3334 Silanum
1046 3275 1323 3336 iuvenem
1376 3275 1636 3336 nobilem
1692 3274 1851 3351 apud
1908 3271 2181 3333 Cassium

199 3357 478 3422 educatum
505 3356 675 3445 (Tac.
708 3365 808 3443 15,
837 3356 951 3445 52)
993 3359 1405 3425 ‘removendos
1434 3383 1469 3423 a
1495 3383 1562 3422 re
1588 3363 1829 3440 publica
1857 3353 2179 3421 disseruit'.

201 3447 483 3512 obiectavit
547 3450 782 3527 Cassio,
856 3453 1016 3529 quod
1079 3454 1238 3512 inter
1297 3452 1587 3527 imagines
1649 3452 1943 3510 maiorum
1996 3449 2181 3507 etiam

205 3531 252 3592 C.
289 3536 468 3600 Cassii
512 3540 776 3619 effigiem
829 3541 1114 3601 coluisset
1165 3542 1254 3599 ita
1298 3540 1647 3615 inscriptam
1690 3533 1849 3596 ‘duci
1892 3528 2176 3611 partium'
