2575 3900
703 205 754 254 4.
795 199 852 254 C.
881 197 1170 254 CASSIUS
1207 197 1579 254 LONGINUS
2072 199 2151 262 11

174 369 260 444 10,
273 359 352 449 5),
377 367 622 426 materia
651 359 888 448 (Gaas,
909 368 1053 427 147.
1080 366 1153 425 D.
1172 369 1302 442 6,1,
1326 369 1428 438 23,
1447 369 1504 427 5.
1538 368 1708 442 13,7,
1733 369 1831 442 18,
1846 360 1931 446 3),
1960 369 2152 426 ferru-

168 457 383 515 minatio
409 449 506 536 (D.
529 458 586 531 6,
610 458 670 533 1,
700 457 802 530 23,
825 451 916 535 5),
952 455 1341 530 plumbatur-a
1368 446 1468 535 (D.
1493 458 1550 535 6,
1573 458 1629 531 1,
1662 457 1761 533 23,
1785 446 1880 537 5);
1919 457 2154 515 tantum

163 544 307 604 servi
346 545 635 619 delictum,
684 548 754 604 ut
798 544 948 604 ultio
994 543 1357 603 remittenda
1396 562 1514 602 non
1552 547 1632 604 sit
1669 535 1769 624 (D.
1800 546 1903 620 40,
1935 545 1993 621 5,
2025 539 2155 623 35).

318 633 659 692 Laudentur
719 634 886 709 leges
951 631 1159 692 Atinia
1213 622 1318 712 (D.
1358 633 1460 708 50,
1503 635 1601 704 16,
1643 625 1827 713 215),
1889 631 2156 692 Falcidia.

161 714 251 802 (D.
285 724 380 798 35,
415 725 471 797 2,
510 723 568 796 1,
609 723 714 781 14.
766 723 866 797 35,
906 723 964 800 2,
1009 722 1086 779 31
1138 723 1200 779 et
1244 713 1387 801 49),
1457 720 1617 780 Iulia
1688 722 2154 797 repetundarum

161 804 245 890 (D.
274 813 326 884 1,
357 814 409 885 9,
440 803 533 892 2),
580 809 757 868 Aelia
793 809 1000 869 Sentia
1035 800 1137 890 (D.
1165 811 1270 886 40,
1301 811 1361 885 4,
1392 803 1533 888 57),
1587 812 1829 870 senatus
1878 811 2156 870 consulta

159 899 444 976 quaedam,
501 899 730 959 scilicet
782 898 843 956 id
899 918 971 956 ex
1027 917 1142 975 quo
1201 898 1466 958 omnium
1516 916 1717 957 rerum
1772 899 2151 958 ususfructus

157 988 327 1066 legari
357 991 558 1064 potest
591 978 697 1068 (D.
728 991 784 1064 7,
817 989 874 1062 5,
904 981 992 1067 3),
1035 987 1399 1064 Largianum
1438 987 1579 1045 anni
1615 988 1696 1046 41
1740 978 1902 1068 (Gai.
1933 989 1992 1062 3,
2024 979 2155 1067 71),

157 1075 504 1137 Velleianum
549 1076 692 1135 anni
736 1077 821 1135 46
871 1067 973 1156 (D.
1005 1077 1105 1152 16,
1139 1078 1194 1152 1,
1226 1077 1326 1150 16,
1361 1065 1445 1156 1).

310 1166 596 1224 Idoneum
640 1163 880 1224 videtur
915 1183 987 1223 ea
1023 1164 1307 1240 conferre,
1352 1183 1503 1241 quae
1542 1163 1785 1224 Cassius
1822 1165 1894 1224 de
1932 1164 2153 1225 civium

159 1253 534 1314 Romanorum
579 1252 890 1328 mancipiis
936 1253 1385 1329 existimaverit,
1432 1272 1583 1330 quae
1629 1255 1777 1313 haec
1823 1254 1948 1312 fere
1988 1256 2155 1313 sunt:

160 1343 568 1418 possessionem
613 1341 796 1401 etiam
840 1360 949 1417 per
994 1360 1095 1401 eos
1143 1359 1347 1401 servos
1394 1341 1658 1419 adquiri,
1720 1360 1867 1419 quos
1914 1341 1978 1400 in
2018 1361 2155 1418 pro-

160 1432 326 1490 vincia
375 1432 664 1491 habemus
720 1421 827 1511 (D.
853 1433 957 1507 41,
988 1433 1045 1504 2,
1078 1432 1134 1504 1,
1167 1421 1307 1512 14);
1374 1448 1571 1507 servo,
1637 1431 1733 1490 cui
1786 1432 2153 1490 testamento

160 1519 377 1580 libertas
430 1519 574 1580 data
629 1519 709 1578 sit
760 1520 874 1578 hac
919 1517 1288 1595 condicione,
1347 1519 1399 1578 si
1444 1537 1598 1579 anno
1646 1519 1948 1596 servierit,
2004 1518 2156 1578 illud

161 1611 366 1685 tempus
418 1627 536 1686 quo
589 1609 655 1667 in
705 1607 856 1684 fuga
909 1607 1016 1686 sit,
1067 1626 1188 1667 non
1240 1607 1561 1683 procedere
1606 1599 1709 1688 (D.
1739 1609 1841 1678 40,
1878 1610 1932 1682 7,
1962 1609 2021 1684 4,
2056 1599 2156 1690 8);

162 1714 394 1775 servum,
436 1697 536 1756 cui
578 1696 909 1772 impuberis
951 1697 1178 1754 tabulis
1223 1696 1475 1756 libertas
1523 1696 1823 1773 adscripta
1868 1696 1965 1773 sit,
2014 1696 2152 1757 vivo

161 1786 384 1861 pupillo,
436 1788 576 1862 post
619 1785 944 1844 aditionem
988 1784 1269 1845 videlicet
1312 1785 1665 1845 hereditatis
1710 1785 1902 1860 patris
1915 1831 1929 1858 ,
1988 1787 2155 1844 statu

161 1873 378 1934 liberum
451 1893 574 1934 non
646 1891 776 1933 esse
850 1866 954 1955 (D.
993 1875 1096 1947 40,
1137 1876 1193 1951 7,
1236 1876 1293 1948 2,
1335 1866 1430 1955 1);
1504 1874 1736 1934 duobus
1808 1873 2154 1948 petentibus

166 1962 432 2025 hominem
483 1964 549 2023 in
603 1963 958 2023 servitutem
1009 1981 1119 2039 pro
1174 1966 1347 2039 parte
1404 1963 1651 2023 dimidia
1696 1963 2045 2040 separatim,
2104 1963 2156 2023 si

165 2070 263 2112 uno
309 2053 522 2113 indicio
576 2052 755 2131 liber,
815 2053 1006 2111 altero
1059 2069 1267 2112 servus
1313 2050 1617 2112 iudicatus
1665 2052 1772 2129 sit,
1825 2070 2017 2129 neque
2062 2051 2155 2110 iu-

165 2140 298 2200 dices
338 2142 468 2221 cogi
511 2140 764 2218 possint,
811 2143 880 2199 ut
926 2140 1320 2219 consentiant,
1365 2140 1501 2201 duci
1546 2158 1782 2202 servum
1823 2140 2039 2200 debere
2077 2140 2155 2199 ab

173 2246 231 2287 eo
270 2232 361 2307 qui
402 2230 620 2291 vicerit
665 2221 769 2310 (D.
797 2231 903 2305 40,
936 2231 1036 2305 12,
1068 2223 1200 2307 30).

310 2320 515 2396 Itaque
569 2318 749 2376 illum
800 2317 1100 2377 libertatis
1145 2317 1414 2377 favorem
1460 2320 1640 2395 atque
1688 2316 1979 2395 studium,
2036 2337 2153 2394 quo

167 2408 481 2479 posteriores
512 2408 845 2466 utebantur
879 2398 982 2488 (D.
1006 2408 1108 2483 50,
1130 2408 1230 2480 17,
1253 2408 1339 2465 20
1368 2406 1599 2483 Pomp:
1637 2400 1935 2483 ‘quotiens
1974 2405 2157 2466 dubia

167 2493 539 2571 interpretatio
597 2495 896 2554 libertatis
954 2498 1072 2571 est,
1129 2495 1455 2555 secundum
1508 2495 1855 2555 libertatem
1909 2512 2153 2570 respon·

175 2580 388 2643 dendum
431 2578 622 2665 erit'),
668 2603 788 2644 non
833 2602 864 2642 e
910 2602 976 2643 re
1021 2583 1266 2660 publica
1311 2601 1439 2642 esse
1479 2581 1717 2643 Cassius
1762 2602 1897 2641 cum
1934 2582 2154 2643 Sabino

176 2670 522 2734 existimabat.
594 2674 660 2731 at
696 2672 769 2732 de
817 2689 1122 2733 servorum
1169 2671 1507 2732 condicione
1554 2670 1989 2731 controversias
2035 2689 2155 2730 non

173 2758 333 2819 nullas
381 2761 683 2823 exstitisse
739 2763 1015 2837 apparet,
1071 2778 1325 2838 quarum
1377 2778 1480 2819 eas
1526 2760 1765 2817 tantum
1812 2758 2024 2836 affero,
2080 2759 2153 2818 de

173 2847 350 2921 quibus
389 2852 486 2911 vel
523 2849 782 2909 Sabinus
829 2851 925 2910 vel
962 2847 1203 2909 Cassius
1244 2848 1335 2907 ita
1370 2848 1663 2925 dixerunt,
1711 2851 1784 2907 ut
1822 2847 2152 2908 sententiae

174 2952 342 2997 eorum
381 2938 780 3016 posteriorum
825 2955 1075 2998 assensu
1119 2939 1407 3009 carerent.

313 3026 395 3087 De
440 3027 651 3088 Sabini
704 3026 1004 3086 sententia
1047 3026 1413 3104 aequissima
1458 3044 1639 3103 quam
1686 3024 1871 3085 Gaius
1920 3029 1977 3102 2,
2021 3027 2146 3086 154

173 3115 393 3190 rettulit,
456 3135 644 3193 supra
695 3114 760 3174 II
808 3118 841 3175 1
899 3135 956 3191 p.
1005 3116 1128 3175 351
1187 3113 1467 3175 vidimus,
1562 3115 1768 3191 itaque
1826 3115 1986 3191 quod
2041 3133 2149 3174 suo

173 3197 271 3261 iure
309 3204 544 3265 Pernice
589 3204 639 3280 I,
674 3205 795 3263 157
846 3204 1173 3281 existimat,
1229 3196 1386 3263 ‘dass
1433 3203 1529 3263 die
1573 3203 2005 3279 Jurisprudenz
2055 3202 2151 3262 die

175 3293 545 3353 entechiedene
611 3293 885 3352 Tendenz
947 3292 1272 3368 verfolgte,
1337 3292 1445 3350 das
1500 3290 1747 3367 Kapital
1808 3292 2153 3368 gegenfiber

179 3376 255 3436 der
283 3380 483 3442 Arbeit
519 3381 842 3459 mbglicbst
879 3380 1072 3440 sicher
1106 3401 1180 3440 zu
1217 3380 1448 3454 stellen,
1498 3380 1593 3439 die
1632 3379 1889 3440 Sklaven
1927 3399 1992 3440 so
2032 3383 2149 3456 gut

180 3465 262 3525 wie
308 3488 450 3546 ganz
501 3470 566 3530 in
618 3470 714 3529 die
772 3468 984 3528 Hande
1039 3470 1144 3529 der
1197 3468 1604 3544 Kapitalisten
1658 3488 1730 3525 zu
1783 3462 2021 3544 geben',
2078 3467 2154 3525 de

185 3549 344 3616 Sabini
384 3560 480 3619 vel
527 3557 722 3619 Cassii
765 3556 1038 3618 doctrina
1081 3558 1144 3617 id
1191 3556 1381 3617 statui
1425 3575 1547 3615 non
1590 3555 1785 3614 debet.
