2575 3900
534 198 603 253 II.
640 197 1120 253 INCERTORUM
1158 196 1617 252 SENTENTIAE
1651 198 1746 252 ET
1783 197 1994 252 LIBRI.
2141 197 2270 262 533

904 367 999 425 De
1041 367 1243 426 herede
1284 367 1647 426 metitumdo.

447 477 545 542 10.
596 474 737 541 Gai.
775 478 835 561 2,
872 477 1020 540 243.
1066 513 1140 523 —
1175 527 1189 541 .
1218 524 1234 539 .
1265 527 1279 540 .
1324 498 1709 560 quamquam
1749 527 1762 539 .
1793 526 1807 540 .
1836 525 1851 540 .
1891 476 2272 561 quibusdam

266 565 523 648 placeat
567 587 814 648 poenae
861 566 1121 630 nomine
1161 565 1460 629 heredem
1505 563 1760 629 institui
1805 586 1932 628 non
1978 586 2184 648 posse.

444 655 545 717 11.
609 653 685 718 D.
725 655 839 737 28,
874 654 943 736 5,
982 655 1096 737 60,
1138 654 1195 720 1.
1285 651 1504 719 Celsus
1569 653 1736 718 libro
1793 659 1974 719 sexto
2029 653 2273 718 decimo

265 742 704 827 Digestorum.
732 779 821 788 —
850 740 918 806 Si
966 743 1106 827 quis
1144 744 1237 806 ita
1274 743 1572 806 heredem
1610 741 1991 806 instituerit:
2039 741 2273 806 ‘Titius

264 853 391 916 qua
447 853 525 895 ex
580 835 763 915 parte
816 831 976 895 mihi
1032 833 1241 896 socius
1297 835 1398 895 est
1441 831 1508 895 in
1555 830 1854 915 vectigali
1902 831 2274 913 salinarum,

260 941 379 1002 pro
428 941 505 984 ea
548 924 731 1004 parte
779 920 938 984 mihi
979 919 1166 985 heres
1216 918 1397 1002 esto',
1443 919 1700 1004 quidam
1742 923 1990 1003 putant,
2037 920 2092 982 si
2130 941 2273 983 asse

262 1009 570 1091 discripto
634 1008 701 1073 id
767 1009 1083 1074 adiectum
1150 1009 1265 1092 sit,
1338 1014 1410 1074 ut
1472 1008 1747 1073 maxime
1813 1008 2020 1072 socius
2081 1007 2275 1071 fuerit

262 1096 497 1180 Titius,
562 1119 695 1162 non
765 1119 905 1162 esse
974 1097 1303 1181 heredem,
1378 1098 1487 1162 sed
1557 1097 1613 1160 si
1677 1118 1802 1180 qua
1860 1118 2012 1181 pars
2070 1117 2274 1160 vacua

261 1186 487 1250 relicta
532 1185 752 1268 fuerit,
800 1209 875 1250 ex
924 1208 999 1250 ea
1043 1186 1342 1250 heredem
1391 1209 1535 1250 eum
1583 1207 1740 1251 esse.

442 1275 543 1340 12.
603 1273 743 1340 Gai.
772 1277 832 1354 2,
861 1277 1007 1341 276.
1062 1312 1151 1321 -
1206 1326 1220 1340 .
1250 1325 1263 1338 .
1312 1297 1456 1339 cum
1514 1274 2074 1339 senatusconsulto
2129 1295 2274 1357 pro-

262 1363 542 1427 hibitum
610 1365 696 1428 sit
757 1364 1091 1447 proprium
1160 1385 1412 1428 servum
1475 1365 1789 1428 minorem
1853 1364 2037 1426 annis
2093 1360 2276 1427 XXX

264 1452 539 1516 liberum
585 1452 771 1534 <esse
816 1453 1079 1536 iubere>
1117 1457 1181 1516 et
1215 1453 1516 1516 heredem
1552 1453 1906 1532 instituere,
1949 1451 2274 1534 plerisque

264 1541 478 1622 placet
540 1563 729 1624 posse
789 1563 907 1606 nos
954 1541 1174 1604 iubere
1221 1540 1495 1605 liberum
1552 1562 1715 1623 esse,
1771 1562 1914 1604 cum
1963 1561 2274 1605 annorum

264 1627 451 1695 XXX
488 1630 629 1712 erit,
677 1635 743 1694 et
786 1650 1015 1714 rogare
1053 1633 1127 1692 ut
1171 1635 1324 1694 tunc
1370 1629 1470 1692 illi
1514 1629 1891 1693 restituatur
1934 1629 2274 1693 hereditas

950 1812 1046 1872 De
1088 1813 1595 1872 substitutionibus.

448 1922 544 1989 13.
591 1922 669 1989 D.
700 1924 805 2007 28,
826 1923 884 2006 6,
907 1924 985 1988 31
1001 1944 1093 2008 pr.
1139 1921 1320 1987 Idem
1357 1919 1474 2011 (sc.
1501 1919 1816 2009 Iulianus)
1850 1921 2016 1988 libro
2055 1923 2273 2007 singu·

264 2013 387 2077 lari
458 2013 533 2077 de
594 2012 1146 2097 ambiguitatibus,
1196 2049 1269 2059 -—
1326 2011 1406 2077 In
1471 2012 1928 2076 substitutione
1986 2012 2120 2076 filio
2181 2012 2276 2075 ita

264 2102 465 2167 facta:
509 2100 819 2186 ‘quisquis
858 2101 1017 2165 mihi
1058 2124 1131 2166 ex
1172 2123 1368 2185 supra
1406 2101 1658 2185 scriptis
1694 2100 1879 2165 heres
1920 2100 2058 2182 erit,
2103 2099 2274 2163 idem

266 2191 400 2256 filio
457 2190 641 2255 heres
698 2189 862 2255 esto'
919 2192 1271 2274 quaeritur,
1327 2190 1615 2274 quisquis
1661 2190 1847 2254 heres
1893 2188 2273 2273 quandoque

262 2278 463 2343 fuerit
530 2278 950 2363 intellegatur
1008 2301 1089 2343 an
1145 2279 1436 2362 quisquis
1491 2279 1676 2342 heres
1731 2286 1872 2341 tum
1927 2278 2076 2360 erit,
2129 2297 2273 2341 cum

264 2368 437 2432 filius
505 2368 837 2432 moriatur.
944 2367 1191 2451 placuit
1256 2366 1678 2450 prudentibus
1688 2416 1706 2450 ‚
1779 2368 1834 2430 si
1898 2366 2275 2450 quandoque

266 2456 450 2519 heres
508 2454 763 2539 fuisset3
822 2455 1113 2539 quamvis
1171 2456 1340 2518 enim
1395 2455 1540 2519 vivo
1599 2454 1843 2538 pupillo
1897 2455 2081 2518 heres
2136 2475 2274 2518 esse

268 2544 558 2624 desisset,
604 2543 771 2607 forte
820 2564 899 2607 ex
944 2564 1136 2607 causa
1182 2543 1258 2608 de
1305 2542 1684 2625 inofficioso,
1729 2564 1891 2626 quae
1937 2564 2055 2625 pro
2091 2547 2276 2626 parte

266 2636 446 2697 mota
484 2635 601 2716 est,
637 2632 925 2696 futurum
962 2637 1180 2696 tamen
1207 2654 1353 2696 eum
1385 2631 1681 2696 heredem
1712 2653 1789 2695 ex
1819 2630 2276 2696 substitutione

260 2720 571 2786 creditum
621 2726 737 2785 est.

592 2903 685 2962 De
730 2904 1092 2978 adquirenda
1135 2906 1224 2963 vel
1268 2905 1577 2964 omittenda
1619 2904 1938 2963 hereditate.

442 3024 543 3089 14.
586 3021 726 3089 Gai.
756 3024 815 3107 2,
849 3024 993 3088 178.
1021 3060 1103 3069 --
1138 3019 1495 3110 (Interdum
1524 3022 1682 3087 duos
1710 3023 2005 3106 pluresve
2034 3021 2275 3107 gradus

261 3112 569 3177 heredum
615 3112 933 3196 facimus)
984 3162 999 3177 .
1039 3164 1051 3177 .
1100 3110 1341 3177 Sabino
1389 3111 1638 3195 quidem
1687 3111 1926 3195 placuit
1971 3110 2276 3194 quamdiu

262 3222 517 3265 cernere
576 3204 641 3266 et
696 3224 770 3267 eo
826 3202 1015 3266 modo
1072 3201 1257 3266 heres
1313 3200 1454 3265 fieri
1508 3200 1714 3285 possit
1765 3200 1969 3284 prior,
2023 3199 2277 3264 etiamsi

258 3311 378 3373 pro
430 3290 665 3355 herede
723 3291 1020 3375 gesserit,
1073 3312 1203 3355 non
1259 3294 1479 3354 tamen
1527 3288 1782 3353 admitti
1829 3289 2277 3371 substitutum3

261 3399 405 3442 cum
460 3401 611 3444 vero
672 3380 871 3444 cretio
928 3380 1116 3443 finita
1172 3381 1283 3461 sit,
1347 3386 1488 3443 tum
1547 3400 1664 3461 pro
1718 3378 1950 3442 herede
2015 3379 2274 3460 gerente

262 3466 519 3532 admitti
558 3468 995 3533 substitutum.
1072 3468 1215 3532 aliis
1250 3489 1402 3533 vero
1430 3466 1676 3552 placuit
1704 3467 1902 3531 etiam
1932 3466 2276 3550 superante

261 3554 541 3621 cretione
605 3578 796 3640 posse
860 3578 1005 3621 eum
1068 3578 1187 3641 pro
1252 3556 1485 3621 herede
1549 3555 1827 3641 gerendo
1893 3554 1960 3618 in
2024 3555 2275 3637 partem
