2575 3900
790 194 837 241 4.
880 187 939 243 C.
970 186 1259 242 CASSIUS
1298 185 1666 242 LONGINUS
2159 187 2243 250 37

395 354 486 413 De
535 353 741 414 Sabini
791 355 1090 415 sententia
1134 375 1187 414 v.
1226 355 1292 414 H
1342 357 1374 413 1
1424 375 1482 430 p.
1511 357 1669 427 422,
1726 373 1877 432 quae
1925 356 2121 415 nescio
2169 374 2248 414 an

218 443 423 519 potius
492 443 677 518 capiti
738 444 811 502 de
866 444 1235 520 adquirenda
1288 443 1624 503 hereditate
1681 435 1748 526 (1.
1779 463 1826 504 c.
1855 464 1910 519 p.
1940 436 2101 526 427)
2156 445 2246 502 in·

222 531 473 592 serenda
518 532 720 591 fuerit.

398 643 456 707 7.
503 641 582 709 D.
602 643 709 726 29,
727 643 787 724 2,
808 643 913 724 25,
931 643 991 707 4.
1063 641 1245 706 Idem
1286 641 1401 728 (sc.
1422 638 1770 728 Ulpianus)
1809 643 1979 707 libro
2017 646 2242 708 octavo

216 731 299 796 ad
337 729 651 796 Sabinum
690 728 789 816 (P.
810 730 1033 816 2491).
1075 767 1151 778 —-
1193 731 1451 795 Iussum
1492 732 1628 795 eius
1669 731 1779 815 qui
1816 731 1884 796 in
1920 734 2246 817 potestate

213 820 420 884 habet
475 841 610 884 non
664 824 766 884 est
820 821 1032 884 simile
1087 820 1323 885 tutoris
1381 820 1780 905 auctoritati,
1834 842 1998 904 quae
2049 820 2246 885 inter-

210 909 484 992 ponitur
548 909 833 992 perfecto
898 909 1190 994 negotio,
1265 909 1377 974 sed
1440 909 1818 992 praecedere
1884 909 2104 992 debet,
2172 911 2248 973 ut

214 995 422 1061 Graius
483 994 746 1062 Cassius
802 997 973 1062 libro
1032 998 1314 1062 secundo
1368 998 1527 1062 iuris
1586 997 1792 1062 civilis
1850 998 2091 1062 scribit.
2185 1001 2251 1062 et

213 1089 410 1170 putat
444 1085 550 1150 vel
580 1107 695 1169 per
723 1086 1191 1151 internuntium
1218 1087 1364 1150 fieri
1391 1107 1581 1170 posse
1607 1086 1711 1150 vel
1741 1108 1855 1170 per
1885 1086 2246 1169 epistulam.

401 1175 459 1240 8.
516 1173 596 1238 D.
633 1174 788 1240 ibid.
825 1177 864 1256 ξ
906 1172 965 1239 5.
1018 1212 1094 1222 -
1156 1172 1280 1240 Sed
1329 1178 1546 1239 utrum
1594 1175 1985 1258 generaliter
2031 1174 2250 1260 ‘quae-

217 1285 495 1348 cumque
558 1263 683 1326 tibi
742 1262 1066 1328 hereditas
1121 1263 1320 1328 fuerit
1375 1262 1634 1348 delata',
1700 1285 1786 1328 an
1841 1262 2246 1348 specialiter?

217 1359 285 1416 et
329 1351 543 1436 magis
588 1351 831 1435 placet,
885 1357 959 1416 ut
1005 1351 1206 1417 Gaius
1255 1350 1519 1417 Cassius
1569 1352 1824 1436 scribit,
1879 1353 2247 1437 specialiter

218 1441 452 1506 debere
501 1440 825 1506 mandare.

399 1553 475 1613 cf.
506 1550 637 1614 Gai.
669 1555 734 1630 2,
766 1555 866 1612 87.
903 1555 1024 1613 187
1048 1571 1173 1630 sqq.
1262 1552 1508 1612 Pernice
1552 1552 1585 1611 I
1629 1574 1688 1629 p.
1721 1555 1866 1612 504.

842 1713 938 1772 De
976 1715 1227 1787 yestione
1259 1731 1377 1787 pro
1421 1713 1636 1772 herede.

401 1823 461 1888 9.
504 1821 582 1887 D.
596 1822 961 1906 29,2,21,3.
1032 1821 1212 1886 Idem
1243 1819 1358 1910 (sc.
1386 1819 1735 1908 Ulpianus)
1765 1822 1933 1886 libro
1964 1821 2241 1907 septimo

216 1912 305 1977 ad
354 1908 670 1977 Sabinum
718 1909 815 1999 (P.
846 1909 1067 1997 2482).
1120 1947 1196 1960 —
1248 1911 1316 1977 Si
1374 1911 1514 1998 quis
1559 1916 1811 1996 partem
1858 1933 1937 1977 ex
1981 1933 2109 1997 qua
2153 1911 2249 1976 in-

217 2003 495 2067 stitutus
545 2004 646 2065 est
689 2003 1040 2086 ignoravit,
1086 2000 1379 2067 Iulianus
1427 2001 1656 2066 scribit
1697 2001 1860 2065 nihil
1898 2002 1958 2065 ei
1995 2022 2248 2084 nocere,

218 2092 569 2175 quominus
606 2112 727 2173 pro
764 2089 998 2154 herede
1036 2095 1306 2175 gereret.
1386 2090 1556 2174 quod
1595 2094 1662 2155 et
1699 2090 1958 2155 Cassius
1996 2090 2250 2174 probat,

218 2181 281 2244 si
349 2178 821 2261 condicionem,
896 2178 1012 2243 sub
1080 2200 1205 2263 qua
1267 2178 1456 2244 heres
1523 2179 1861 2243 institutus
1927 2186 2054 2262 est,
2117 2200 2251 2244 non

215 2269 484 2351 ignorat
560 2266 646 2347 [si
718 2272 940 2332 tamen
1014 2266 1267 2333 exstitit
1336 2266 1653 2351 condicio,
1729 2268 1848 2332 sub
1915 2289 2042 2352 qua
2107 2267 2252 2332 sub-

216 2357 493 2422 stitutus
541 2356 687 2437 est].

925 2502 1141 2562 Liber
1184 2502 1248 2562 Π
1292 2503 1405 2563 vel
1450 2502 1563 2565 ΠΙ.

872 2621 973 2687 De
1014 2627 1194 2704 rupto
1240 2626 1608 2687 testamento.

411 2747 512 2812 10.
575 2743 643 2810 C.
675 2746 735 2827 6,
765 2746 870 2827 29,
899 2746 960 2810 3.
1060 2744 1227 2830 Imp.
1273 2744 1674 2809 Iustinianus
1722 2744 1798 2809 A.
1845 2742 2102 2808 Iuliano
2146 2764 2252 2827 pp.

224 2833 319 2921 (a.
356 2832 532 2922 530).
590 2871 675 2881 —
734 2886 747 2899 .
786 2884 801 2900 .
858 2856 1002 2899 cum
1061 2882 1077 2898 .
1114 2885 1129 2899 .
1185 2835 1242 2897 is
1301 2833 1412 2918 qui
1466 2834 1535 2898 in
1588 2838 1814 2899 ventre
1870 2833 2254 2917 portabatur

226 2928 623 3008 praeteritus
678 2923 922 3006 fuerat,
978 2924 1087 3007 qui
1143 2923 1198 2987 si
1254 2923 1336 2987 ad
1392 2924 1598 2989 lucem
1653 2923 1886 2989 fuisset
1937 2922 2254 3004 redactu8‚

227 3035 384 3077 suus
420 3013 608 3077 heres
646 3012 823 3095 patri
860 3012 1181 3095 existeret,
1220 3013 1275 3077 si
1314 3033 1447 3077 non
1479 3013 1644 3077 alius
1675 3035 1821 3077 eum
1850 3012 2254 3077 antecederet

228 3106 294 3165 et
329 3101 658 3166 nascendo
696 3104 961 3184 ruptum
998 3104 1460 3165 testamentum
1492 3101 1792 3183 faciebat,
1828 3101 1885 3165 si
1912 3104 2251 3184 postumus

229 3190 299 3253 in
349 3190 517 3254 hunc
565 3190 824 3273 quidem
872 3189 1065 3253 orbus
1114 3190 1453 3255 devolutus
1501 3193 1619 3275 est,
1664 3211 1820 3255 voce
1867 3193 2081 3253 autem
2119 3210 2251 3254 non

232 3279 467 3343 emissa
514 3279 597 3342 ab
644 3280 768 3343 hac
814 3279 956 3343 luce
1004 3278 1369 3345 subtractus
1420 3282 1546 3361 est,
1601 3278 2046 3361 dubitabatur,
2093 3278 2147 3341 si
2192 3276 2250 3340 is

232 3371 567 3450 postumus
586 3370 849 3452 ruptum
870 3366 1083 3431 facere
1102 3370 1563 3433 testamentum
1585 3370 1803 3451 potest
1824 3418 1837 3432 .
1853 3416 1868 3432 .
1881 3416 1896 3432 .
1918 3365 2251 3431 Sabiniani

234 3456 711 3535 existimabant,
748 3457 804 3521 si
832 3457 1014 3521 vivus
1041 3460 1235 3521 natus
1265 3459 1380 3539 est,
1427 3457 1551 3521 etsi
1588 3478 1812 3521 vocem
1854 3477 1984 3521 non
2021 3452 2254 3535 emisit,

234 3548 493 3629 ruptum
538 3548 1000 3611 testamentum
1045 3594 1060 3609 .
1090 3596 1104 3612 .
1134 3595 1149 3611 .
