2575 3900
845 197 892 246 6.
937 185 1351 246 IAVOLENUS
1388 188 1685 245 PRISCUS
2146 188 2277 254 407

807 360 902 419 De
943 362 1299 419 institutione
1342 359 1736 420 condicionali.

439 461 541 526 11.
599 461 675 526 D.
711 459 824 541 35,
867 463 929 538 1,
969 461 1053 528 39
1094 482 1189 545 pr.
1288 459 1632 526 Iavolenus
1696 460 1863 525 libro
1926 460 2140 544 primo
2202 481 2280 525 ex

257 550 726 637 posterioribus
787 510 1128 615 Labeonis,
1197 586 1274 597 --
1348 549 1519 631 Quae
1578 550 1849 615 condicio
1909 550 2032 629 [ad
2086 568 2281 631 yenus

247 638 698 725 personarum]
751 659 879 703 non
931 640 1020 704 ad
1068 644 1264 704 certas
1307 643 1367 703 et
1405 643 1587 704 notas
1616 658 1923 721 personas
1957 639 2281 723 pertineat,

255 749 396 794 eam
466 729 891 793 existimamus
961 728 1147 793 totius
1217 747 1343 793 esse
1410 728 1749 792 testamenti
1810 732 1869 791 et
1927 728 2014 791 ad
2073 746 2281 791 omnes

256 818 499 883 heredes
549 818 878 883 institutos
903 817 1225 899 pertinere.
1318 821 1388 881 at
1437 837 1593 899 quae
1644 816 1914 881 condicio
1959 816 2046 881 ad
2086 820 2281 881 certas

243 926 546 991 personas
608 906 1064 971 accommodata
1115 906 1332 988 tuerit,
1394 925 1533 969 eam
1586 904 1813 987 referre
1866 905 2144 971 debemus
2196 906 2285 970 ad

253 1017 395 1061 eum
420 996 748 1060 dumtaxat
765 994 1049 1077 yradum,
1077 1014 1194 1077 quo
1222 994 1339 1059 hae
1353 1014 1657 1077 personae
1672 994 1991 1059 institutae
2005 993 2277 1074 fuerunt.

438 1084 541 1149 12.
587 1083 662 1148 D.
696 1083 850 1148 ibid.
879 1086 920 1165 ξ
956 1086 1008 1149 1.
1052 1119 1127 1130 -
1169 1082 1330 1149 Oum
1363 1084 1455 1148 ita
1488 1084 1558 1149 in
1596 1088 1947 1148 testamento
1981 1084 2280 1165 seriptum

249 1178 392 1239 'erat
443 1171 538 1237 ‘ut
587 1173 830 1255 aliquid
876 1173 948 1236 in
997 1172 1134 1252 foro
1188 1172 1328 1254 fiat'
1374 1192 1563 1255 neque
1606 1173 1984 1254 adscriptum
2031 1177 2165 1237 erat
2206 1172 2279 1236 in

253 1282 374 1345 quo
414 1260 571 1345 foro,
615 1262 818 1327 Labeo
863 1263 972 1344 ait,
1016 1262 1076 1327 si
1118 1281 1242 1325 non
1288 1266 1606 1345 appareat,
1649 1262 1803 1343 quid
1834 1266 2113 1326 mortuus
2147 1281 2277 1326 sen-

251 1351 426 1433 serit,
482 1351 550 1415 in
602 1351 735 1415 eius
786 1351 1117 1433 municipii
1163 1350 1304 1431 foro
1354 1350 1737 1431 faciendum,
1792 1350 1863 1413 in
1906 1370 2024 1431 quo
2070 1350 2128 1415 is
2171 1350 2281 1431 qui

254 1444 679 1505 testamentum
711 1438 925 1521 feeerit
947 1438 1328 1505 domicilium
1354 1438 1664 1516 habuerim
1702 1458 1889 1521 quam
1914 1440 2280 1503 sententiam

251 1548 358 1612 eqo
402 1548 634 1611 quoque
671 1528 877 1609 probo.

439 1617 539 1683 13.
593 1615 674 1681 D.
713 1617 819 1698 50,
861 1617 961 1695 16,
991 1617 1118 1681 217
1152 1638 1244 1699 pr.
1335 1615 1679 1681 Iavolenus
1725 1615 1896 1680 libro
1943 1616 2152 1699 primo
2199 1637 2279 1681 ex

253 1706 723 1791 posterioribus
751 1705 1090 1770 Labeonis.
1129 1742 1214 1751 —
1251 1704 1430 1769 Inter
1462 1704 1643 1769 illam
1678 1705 2088 1769 condicionem
2116 1702 2279 1771 ‘oum

251 1795 389 1875 fari
419 1793 715 1877 potuerit'
750 1799 810 1859 et
842 1792 1182 1877 ‘postquam
1212 1793 1350 1874 fari
1373 1792 1664 1875 potueri?
1700 1793 1964 1859 multum
2000 1794 2276 1872 interest,-

251 1904 404 1950 nam
437 1883 840 1969 posteriorem
879 1884 1256 1967 scripturam
1289 1883 1625 1948 uberiorem
1660 1902 1787 1948 esse
1819 1888 2070 1968 constat,
2116 1882 2278 1948 ‘aum

249 1975 387 2056 fari
426 1971 722 2057 potuerit’
777 1975 1071 2038 artiorem
1125 1977 1182 2038 et
1231 1973 1303 2038 id
1345 1973 1764 2039 tantummodo
1810 1978 2044 2055 tempus
2088 1973 2277 2057 siqni-

250 2065 440 2148 fieari
450 2113 464 2142 ,
509 2083 626 2145 quo
662 2063 945 2144 primum
985 2061 1122 2144 fari
1152 2063 1371 2145 possit.

440 2152 536 2216 14.
583 2150 662 2217 D.
699 2151 852 2216 ibid.
889 2154 930 2233 ξ
964 2153 1022 2217 1.·
1056 2185 1145 2199 -
1181 2151 1343 2216 Item
1385 2152 1479 2216 ita
1514 2151 1665 2216 data
1700 2151 2049 2217 condicione
2094 2149 2281 2216 ‘illud

247 2241 442 2324 facito
487 2241 559 2305 in
602 2237 853 2320 diebus'‚
909 2241 969 2305 si
1010 2240 1174 2305 nihil
1204 2243 1528 2324 praeterea
1570 2239 1791 2319 fuisset
1830 2241 2159 2324 adiectum,
2204 2240 2275 2304 in

251 2330 436 2395 biduo
481 2330 889 2394 condicionem
933 2329 1180 2411 impleri
1224 2333 1515 2412 oportere.
1526 2325 1550 2364 ¹

440 2416 538 2482 15.
595 2417 670 2482 D.
706 2417 822 2499 29,
858 2419 930 2500 2,
968 2417 1055 2482 62
1090 2439 1186 2502 pr.
1283 2416 1627 2482 Iavolenus
1690 2416 1861 2481 libro
1929 2417 2141 2520 primo
2196 2438 2276 2481 ex

253 2505 726 2590 posterioribus
772 2505 1115 2572 Labeonis.
1167 2541 1244 2553 -
1296 2505 1613 2570 Antistius
1656 2503 1859 2570 Labeo
1909 2507 2027 2587 ait,
2081 2507 2141 2571 si
2184 2507 2277 2570 ita

253 2595 575 2659 institutus
617 2595 702 2659 sit
744 2591 826 2660 ‘si
867 2595 1181 2678 iuraverit,
1224 2593 1395 2660 heres
1437 2593 1601 2672 esto’,
1646 2593 1927 2677 quamvis
1959 2595 2275 2678 iuraverit,

251 2703 380 2748 non
424 2687 630 2748 tamen
671 2703 810 2748 eum
854 2685 1067 2749 statim
1109 2683 1382 2749 heredem
1421 2682 1736 2766 futurum,
1788 2687 2119 2765 antequam
2156 2703 2273 2786 pro

250 2771 464 2838 herede
516 2772 760 2854 aliquid
801 2774 1076 2855 yesserit,
1129 2773 1280 2855 quia
1333 2773 1603 2837 iurando
1654 2770 2026 2836 voluntatem
2074 2772 2276 2856 mayis

249 2881 434 2927 suam
479 2861 818 2927 declarasse
863 2862 1155 2928 videatur.
1236 2881 1340 2944 eqo
1370 2866 1520 2942 puto
1554 2861 1711 2926 satis
1744 2881 1883 2925 eum
1910 2880 2030 2943 pro
2064 2859 2275 2927 herede

243 2952 524 3034 yessisse,
558 2951 618 3016 si
651 2955 721 3015 ut
755 2950 924 3016 heres
957 2951 1272 3017 iuraverit.
1358 2949 1665 3015 Proculus
1700 2950 1880 3034 idem,
1924 2970 2103 3032 eoque
2138 2950 2276 3016 iure

250 3041 505 3105 utimur.

1103 3132 1320 3192 Liber
1351 3131 1430 3193 ΙΙ.

949 3324 968 3345 ⁸
997 3242 1099 3310 De
1139 3244 1529 3309 testamentis

437 3350 534 3416 16.
581 3349 660 3415 D.
689 3351 794 3433 28,
825 3352 882 3433 7,
909 3350 999 3416 20
1027 3371 1121 3433 pr.
1203 3347 1421 3416 Labeo
1468 3349 1638 3414 libro
1684 3348 1962 3414 seeundo
1998 3347 2273 3432 posteri-

251 3461 440 3518 orum
495 3461 534 3504 ε.
579 3437 887 3505 Iavoleno
936 3439 1454 3522 epitomatorum.
1508 3473 1582 3483 —
1635 3437 1891 3516 Mulier,
1938 3456 2095 3518 quae
2138 3436 2273 3501 viro

397 3573 425 3622 1
473 3568 621 3624 Trib.
662 3569 898 3638 oportet.
