2575 3900
468 171 537 224 II.
574 169 1052 225 INOERTORUM
1090 169 1552 225 SENTENTIAE
1593 170 1684 225 ET
1719 171 1932 226 LIBRI.
2087 172 2220 236 543

196 333 397 398 monii
444 356 638 398 causa
684 334 1141 398 manumittere
1192 333 1331 415 [sed
1378 333 1493 418 ita,
1545 335 1599 399 si
1655 333 1821 400 forte
1869 357 2216 401 conservus

198 445 350 487 suus
396 423 466 486 in
511 423 635 488 hoc
684 423 741 486 ei
786 423 1041 508 legatus
1088 423 1281 503 est?].

370 527 443 586 cf.
494 524 621 586 Gai.
654 528 711 604 1,
744 528 843 586 19.

375 629 478 693 61.
530 626 785 692 Dosith.
836 629 937 692 17.
997 663 1072 673 —-
1123 625 1366 711 Magna
1411 677 1426 692 .
1466 679 1479 692 .
1527 626 1840 692 dissensio
1899 631 1998 692 est
2050 627 2221 692 inter

198 717 461 801 peritos,
501 720 718 781 utrum
758 737 831 780 eo
860 720 1151 799 tempore
1181 715 1348 779 vires
1378 715 1697 799 accipiant
1725 716 1956 794 omnia,
1995 738 2121 800 quo
2151 719 2218 781 in

200 827 398 870 censu
445 809 752 889 aguntur,
810 827 895 869 an
952 826 1027 868 eo
1074 812 1363 887 tempore
1411 825 1534 888 quo
1581 805 1858 869 lustrum
1906 804 2221 870 conditur.

201 897 356 958 sunt
394 895 565 957 enim
605 893 715 978 qui
754 893 1128 957 existimant
1164 914 1294 957 non
1333 892 1494 957 alias
1531 893 1700 957 vires
1740 893 2027 977 accipere
2058 917 2220 978 quae

198 983 267 1046 111
306 1003 501 1046 3311311
541 987 841 1067 aguntur,
879 981 1007 1046 nisi
1043 981 1201 1045 haec
1240 982 1374 1046 dies
1415 985 1732 1066 sequatur,
1783 1003 1910 1065 qua
1945 983 2222 1047 lustrum

200 1070 518 1136 conditur:
572 1071 948 1135 existimant
994 1070 1167 1134 enim
1215 1091 1473 1135 censum
1516 1070 1894 1135 descendere
1933 1072 2011 1136 ad
2051 1071 2220 1136 diem

198 1159 409 1244 lustri,
455 1181 587 1223 non
634 1159 913 1224 lustrum
958 1180 1283 1223 recurrere
1331 1159 1414 1224 ad
1460 1159 1628 1224 diem
1675 1181 1918 1224 census.

377 1248 505 1312 62?
564 1247 644 1314 D.
672 1248 778 1331 40,
810 1250 867 1332 1,
894 1249 955 1332 4,
986 1250 1044 1315 7.
1108 1247 1425 1330 Ulpianus
1471 1247 1636 1312 libro
1685 1251 1866 1312 sexto
1912 1247 2222 1333 Disputa-

196 1336 468 1403 tionum.⁴
518 1373 595 1384 —-
653 1388 667 1402 .
707 1387 721 1400 .
759 1385 775 1402 .
834 1338 887 1401 si
950 1337 1117 1401 forte
1184 1337 1329 1420 quis
1396 1335 1488 1400 sic
1552 1338 2023 1420 comparaverit
2089 1340 2221 1402 suis

201 1425 503 1506 nummis,
550 1447 628 1489 ne
676 1447 823 1489 eum
868 1424 1306 1508 manumittat,
1354 1475 1409 1488 ..
1459 1431 1556 1488 est
1603 1425 1822 1508 opinio
1869 1425 2221 1491 dicentium

202 1514 372 1578 hunc
410 1514 490 1578 ad
527 1514 897 1578 libertatem
933 1513 1285 1597 pervenire,
1323 1535 1468 1578 oum
1508 1517 1573 1576 et
1608 1535 1842 1578 nomen
1873 1515 2222 1598 emptionis

203 1601 628 1687 imaginarius
663 1602 789 1667 iste
828 1605 1079 1686 emptor
1117 1600 1558 1666 accommodet
1595 1605 1661 1665 et
1696 1606 2028 1685 praeterea
2057 1603 2224 1667 nihil

201 1692 260 1755 ei
308 1691 496 1755 absit.

898 1783 909 1792 '
1017 1777 1118 1843 De
1162 1778 1406 1844 libertis.

377 1903 480 1969 63.
528 1901 668 1971 Grai.
696 1904 755 1986 3,
786 1902 885 1969 75.
922 1941 997 1951 --
1036 1953 1051 1968 .
1081 1955 1095 1969 .
1127 1954 1141 1968 .
1178 1925 1310 1969 non
1351 1954 1363 1967 .
1395 1956 1408 1969 .
1445 1903 1515 1968 hi
1554 1899 1668 1988 (sc.
1697 1925 1856 1988 quos
1893 1904 1997 1969 lex
2033 1904 2222 1970 Aelia

203 1992 427 2058 Sentia
465 1993 909 2059 dediticiorum
947 2015 1216 2058 numero
1253 1989 1440 2078 facit)
1477 1993 1722 2057 habent
1759 2043 1810 2057 ..
1846 1994 2221 2059 testamenti

200 2082 573 2165 faotionem3
620 2105 773 2147 nam
818 2082 883 2146 id
930 2081 1253 2167 plerisque
1300 2081 1568 2165 placuit.

310 2228 315 2233 .
378 2172 505 2235 64?
557 2171 638 2236 D.
676 2172 789 2254 23,
828 2172 897 2255 2,
933 2172 1039 2236 46.
1130 2170 1330 2235 Gaius
1383 2170 1552 2235 libro
1608 2174 1833 2235 octavo
1883 2170 1963 2234 ad
2007 2171 2220 2256 legem

198 2258 433 2323 Iuliam
480 2263 545 2324 et
582 2259 870 2343 Papiam.
901 2296 986 2305 --
1014 2258 1182 2323 Illud
1230 2258 1654 2324 dubitationis
1704 2264 1818 2336 est,
1867 2281 1949 2323 an
1996 2264 2063 2323 et
2111 2258 2221 2343 qui

200 2369 609 2413 communem
660 2348 957 2429 libertam
1013 2368 1279 2411 uxorem
1337 2347 1589 2411 duxerit
1644 2347 1724 2411 ad
1778 2348 1901 2412 hoc
1954 2348 2054 2412 ius
2113 2348 2222 2411 ad-

201 2438 502 2499 mittatur
549 2434 665 2521 (sc.
713 2436 884 2519 quod
931 2435 1087 2499 dicit
1131 2434 1338 2500 invito
1391 2437 1664 2518 patrono
1713 2435 2012 2500 libertam
2059 2458 2220 2521 quae

204 2524 264 2587 ei
319 2526 525 2607 nupta
579 2526 709 2607 est,
765 2524 877 2587 alii
924 2523 1162 2587 nubere
1208 2545 1339 2589 non
1385 2520 1624 2609 posse).
1713 2523 2050 2589 Iavolenus
2111 2547 2220 2589 ne-

202 2611 413 2695 gavit,
444 2630 446 2632 ’
478 2612 629 2695 quia
692 2633 819 2677 non
886 2613 1143 2695 proprie
1207 2612 1462 2676 videtur
1524 2611 1660 2675 eius
1724 2612 1983 2696 liberta,
2059 2634 2224 2697 quae

204 2702 402 2765 etiam
441 2701 705 2765 alterius
745 2700 857 2784 sit3
897 2701 1039 2764 aliis
1078 2705 1305 2767 contra
1341 2701 1550 2764 visum
1590 2703 1706 2776 est,
1743 2701 1896 2785 quia
1921 2702 2222 2765 libertam

205 2790 344 2853 eius
402 2810 541 2854 3333
596 2791 824 2875 negari
869 2811 1000 2853 non
1045 2792 1279 2873 potest,
1324 2789 1478 2854 licet
1523 2788 1787 2853 alterius
1835 2810 2087 2873 quoque
2135 2789 2225 2855 sit

201 2879 456 2943 liberta.
540 2900 733 2962 quam
782 2877 1173 2942 sententiam
1220 2878 1510 2961 plerique
1558 2928 1571 2941 .
1603 2929 1616 2942 .
1661 2879 2115 2961 probaverunt.

896 3045 997 3111 De
1040 3046 1281 3111 ῐῶθναῐί
1325 3067 1527 3111 causa.

326 3130 331 3135 ’
383 3170 513 3236 65?
558 3170 635 3235 D.
664 3172 770 3255 40,
802 3172 1027 3255 12‚24,
1054 3171 1113 3236 3.
1168 3170 1347 3236 Idem
1387 3168 1502 3257 (sc.
1533 3168 1798 3259 Paulus)
1836 3171 2002 3236 libro
2043 3173 2222 3256 quin-

207 3260 629 3344 quagensimo
677 3260 886 3344 primo
935 3261 1013 3324 ad
1063 3260 1360 3325 edictum.
1419 3296 1490 3305 —
1536 3311 1550 3325 .
1579 3311 1593 3325 .
1633 3261 1689 3324 si
1729 3282 1886 3345 quas
1936 3262 2220 3327 actiones

204 3346 443 3412 inferat
492 3348 786 3414 dominus
842 3346 955 3436 (sc.
1014 3349 1313 3414 ordinata
1366 3349 1621 3413 liberali
1676 3346 1916 3437 causa),
1972 3350 2220 3433 quaeri-

205 3440 341 3519 tur,
406 3437 879 3521 compellendus
944 3438 1029 3501 sit
1086 3438 1408 3521 suscipere
1471 3437 1775 3502 iudicium
1829 3435 1943 3525 (sc.
1999 3440 2054 3501 is
2112 3438 2221 3519 qui

207 3524 287 3588 de
355 3528 531 3588 statu
588 3548 702 3589 suo
758 3523 1025 3612 litigat).
1129 3530 1194 3589 et
1245 3526 1539 3610 plerique
1596 3528 1990 3607 existimant,
2048 3525 2102 3590 si
2154 3528 2221 3587 in
