2575 3900
342 184 425 248 96
480 185 576 239 III.
606 184 758 238 GAII
787 183 1078 240 CLAUDII
1103 183 1376 240 NERON.
1397 184 1686 239 GALBAE
1706 184 1920 240 ΤΕΜΡ.
1939 185 2131 239 IURIS
2152 184 2359 240 CONS.

339 349 557 432 legata
621 351 743 430 est,
808 368 951 411 cum
1017 353 1261 413 certum
1329 348 1416 412 sit
1479 349 1689 433 legem
1745 347 2095 413 Falcidiam
2149 349 2363 413 locum

339 437 594 519 habere,
638 458 768 501 non
815 436 1235 521 stipulationi,
1284 437 1396 502 sed
1443 438 1911 520 computationi
1958 438 2174 502 locum
2221 459 2364 503 esse

339 525 573 590 Pedius
635 526 755 606 ait,
818 530 894 590 ut
947 527 1352 607 aestimetur,
1418 527 1641 611 quanti
1699 526 1785 589 sit
1841 526 2011 609 quod
2065 526 2133 591 in
2191 526 2360 590 diem

338 616 625 698 legatum
663 620 763 678 est
799 619 864 678 et
899 617 1153 678 tantum
1191 615 1490 680 credatur
1526 636 1667 679 esse
1697 615 2006 700 legatum,
2044 621 2361 699 quantum

339 703 538 769 efficit
577 704 963 785 aestimatio,
1006 710 1077 765 ut
1113 726 1231 787 pro
1268 703 1461 767 modo
1501 705 1636 767 eius
1675 725 1749 766 ex
1789 705 2086 768 omnibus
2126 704 2362 789 legatis

338 792 561 856 statim
609 793 772 878 legis
817 790 1139 856 Falcidiae
1185 794 1354 856 ratio
1402 792 1736 857 habeatur.

951 976 1039 1031 Dc
1074 976 1296 1030 decimis
1331 975 1749 1044 computandis?

514 1086 618 1150 48.
664 1084 742 1150 D.
764 1085 867 1169 35,
885 1087 945 1167 2,
965 1086 1050 1150 63
1064 1108 1155 1168 pr.
1229 1086 1468 1149 Paulus
1505 1086 1674 1150 libro
1715 1084 1992 1150 secundo
2031 1085 2110 1148 ad
2149 1085 2360 1170 legem

335 1173 569 1237 Iuliam
602 1177 666 1238 et
695 1172 965 1257 Papiam
997 1172 1092 1260 (P.
1115 1171 1294 1260 937).
1330 1210 1404 1220 —
1440 1196 1626 1239 ..nec
1662 1178 1813 1258 post
1849 1176 2124 1239 mortem
2161 1177 2363 1238 testa-

336 1263 498 1327 toris
562 1264 861 1327 heredem
925 1261 1329 1328 institutum¹
1388 1285 1642 1328 servum
1697 1265 1884 1327 tanto
1941 1263 2144 1346 pluris
2202 1285 2362 1348 esse,

338 1373 465 1435 quo
516 1351 722 1434 pluris
759 1351 978 1415 venire
1018 1357 1250 1434 potest,
1300 1351 1532 1416 Pedius
1579 1352 1831 1435 scribit3
1886 1355 1987 1415 est
2034 1350 2204 1415 enim
2253 1352 2362 1416 ab·

340 1439 604 1503 surdum
652 1440 864 1523 ipsum
913 1461 1014 1503 me
1060 1440 1359 1504 heredem
1406 1440 1776 1504 institutum
1823 1462 1955 1506 non
2003 1462 2142 1504 esse
2187 1441 2360 1504 locu-

335 1528 704 1612 pletiorem,
770 1531 1113 1613 antequam
1179 1529 1432 1607 adeam,
1497 1530 1551 1592 si
1619 1532 1831 1593 autem
1897 1551 2117 1593 servus
2173 1529 2360 1594 heres

337 1616 675 1680 institutus
723 1617 835 1698 sit,
892 1617 1113 1680 statim
1160 1640 1261 1680 me
1310 1618 1795 1702 locupletiorem
1846 1618 2167 1701 effectum,
2213 1640 2360 1683 cum

335 1705 559 1768 multis
617 1706 825 1769 causis
882 1706 1168 1770 accidere
1222 1706 1458 1791 possit,
1512 1729 1592 1770 ne
1643 1706 1823 1770 iussu
1870 1710 2094 1770 nostro
2153 1706 2360 1771 adeat.

338 1794 621 1878 adquirit
682 1794 870 1858 nobis
934 1799 1106 1860 certe
1161 1817 1307 1859 cum
1365 1795 1617 1878 adierit,
1683 1797 1852 1859 esset
1908 1799 2121 1859 autem
2177 1816 2358 1879 prae·

336 1889 662 1966 posterum
704 1887 851 1947 ante
887 1904 1005 1947 nos
1044 1884 1399 1968 locupletes
1438 1883 1581 1965 dici,
1620 1904 1812 1967 quam
1851 1882 2359 1968 adquisierimus.

618 2137 726 2196 III.
790 2137 894 2196 Ad
942 2139 1254 2197 edictum
1302 2137 1649 2196 aedilium
1697 2138 2073 2196 curulium.

512 2261 708 2320 Huius
739 2264 1012 2339 opusculi
1042 2281 1193 2338 quae
1221 2262 1548 2320 traduntur
1575 2262 1914 2337 fragmenta
1941 2261 2355 2321 tantummodo

336 2351 408 2409 de
452 2350 763 2427 mancipiis
812 2351 1134 2412 vendundis
1182 2352 1347 2421 sunt,
1402 2369 1593 2426 neque
1638 2350 1702 2408 in
1749 2370 1817 2409 eo
1864 2351 2134 2426 priorum
2177 2349 2353 2409 iuris-

336 2441 740 2500 consultorum
768 2441 989 2499 mentio
1018 2440 1103 2501 fit.
1176 2439 1461 2497 laudatur
1488 2442 1690 2497 autem
1720 2459 1756 2497 a
1784 2438 1969 2498 Paulo
2000 2441 2061 2498 et
2092 2438 2352 2515 Ulpiano

334 2529 503 2589 libris
549 2530 625 2588 ad
672 2530 932 2589 edictum
977 2528 1277 2587 aedilium.

962 2700 1050 2754 De
1084 2700 1378 2767 mancipiis
1413 2698 1732 2752 vendundi-5.

514 2812 573 2874 1.
637 2808 715 2873 D.
748 2809 803 2892 l,
836 2811 894 2890 3,
926 2810 1025 2873 13.
1116 2809 1435 2888 Ulpianus
1490 2807 1657 2871 libro
1703 2811 1732 2869 I
1791 2807 1870 2870 ad
1927 2807 2207 2871 edictum
2255 2828 2359 2870 ae-

336 2896 559 2960 dilium
594 2898 908 2960 curulium
938 2894 1035 2982 (P.
1059 2893 1280 2981 1757).
1316 2931 1390 2941 —
1497 2945 1530 2978 .,
1561 2900 1633 2959 ut
1665 2896 1756 2958 ait
1785 2895 2031 2978 Pedius,
2062 2899 2357 2981 quotiens

335 2985 477 3068 lege
525 2984 767 3069 aliquid
815 3005 1011 3047 unum
1059 2984 1158 3046 vel
1208 2985 1484 3047 alterum
1531 2983 1962 3047 introductum
2010 2989 2136 3065 est,
2189 2984 2360 3048 bona.

337 3072 590 3137 occasio
638 3078 736 3135 est
783 3076 1010 3155 cetera,
1056 3093 1216 3154 quae
1255 3073 1530 3136 tendunt
1568 3072 1648 3135 ad
1686 3072 1951 3135 eandem
1989 3073 2359 3156 utilitatem,

340 3161 441 3225 vel
488 3160 1025 3244 interpretatione
1072 3162 1173 3223 vel
1220 3165 1390 3224 certe
1436 3161 1873 3225 iurisdictione
1920 3162 2221 3245 suppleri.

512 3280 783 3340 Huschke
810 3282 875 3338 Z.
898 3282 945 3339 d.
972 3280 1216 3341 Sam-St.
1249 3282 1468 3359 XXII,
1488 3283 1614 3339 337
1650 3284 1732 3340 ita
1767 3283 2129 3340 scribendum
2153 3284 2360 3355 putat.-

337 3364 372 3428 ἵ
403 3415 416 3429 .
466 3373 559 3429 est
603 3365 741 3448 <si>
940 3365 1260 3449 (oportet)
1309 3364 1612 3447 suppleri.'

481 3565 505 3611 1
548 3558 639 3614 Fl.
677 3576 780 3614 nec
815 3559 1078 3615 heredem
1115 3563 1248 3630 post
1284 3578 1356 3613 m.
1395 3560 1526 3614 test.
1561 3554 1898 3612 institutum.
