<?xml version="1.0" encoding="UTF-8"?>
<!DOCTYPE html PUBLIC "-//W3C//DTD XHTML 1.0 Transitional//EN"
    "http://www.w3.org/TR/xhtml1/DTD/xhtml1-transitional.dtd">
<html xmlns="http://www.w3.org/1999/xhtml" xml:lang="en" lang="en">
 <head>
  <title>
</title>
<meta http-equiv="Content-Type" content="text/html;charset=utf-8" />
  <meta name='ocr-system' content='tesseract 3.04.00' />
  <meta name='ocr-capabilities' content='ocr_page ocr_carea ocr_par ocr_line ocrx_word'/>
</head>
<body>
  <div class='ocr_page' id='page_1' title='image "./iurisprudentiae00unkngoog_0589.png"; bbox 0 0 2575 3900; ppageno 0'>
   <div class='ocr_carea' id='block_1_1' title="bbox 512 195 2242 264">
    <p class='ocr_par' dir='ltr' id='par_1_1' title="bbox 512 195 2242 264">
     <span class='ocr_line' id='line_1_1' title="bbox 512 195 2242 264; baseline 0.004 -15"><span class='ocrx_word' id='word_1_1' title='bbox 512 195 579 252; x_wconf 91' lang='lat' dir='ltr'>H.</span> <span class='ocrx_word' id='word_1_2' title='bbox 618 196 697 251; x_wconf 90' lang='lat' dir='ltr'>IN</span> <span class='ocrx_word' id='word_1_3' title='bbox 702 195 1095 251; x_wconf 83' lang='lat' dir='ltr'>CERTORUM</span> <span class='ocrx_word' id='word_1_4' title='bbox 1133 195 1595 251; x_wconf 83' lang='lat' dir='ltr'>SENTENTIAE</span> <span class='ocrx_word' id='word_1_5' title='bbox 1633 196 1726 251; x_wconf 80' lang='lat' dir='ltr'>ET</span> <span class='ocrx_word' id='word_1_6' title='bbox 1759 197 1968 253; x_wconf 86' lang='lat' dir='ltr'><strong>LIBRI.</strong></span> <span class='ocrx_word' id='word_1_7' title='bbox 2118 200 2242 264; x_wconf 82' lang='lat'>531</span> 
     </span>
    </p>
   </div>
   <div class='ocr_carea' id='block_1_2' title="bbox 233 358 2248 798">
    <p class='ocr_par' dir='ltr' id='par_1_2' title="bbox 233 358 2248 798">
     <span class='ocr_line' id='line_1_2' title="bbox 237 358 2247 446; baseline 0.002 -24"><span class='ocrx_word' id='word_1_8' title='bbox 237 380 357 443; x_wconf 90' lang='lat' dir='ltr'>que</span> <span class='ocrx_word' id='word_1_9' title='bbox 435 362 502 422; x_wconf 88' lang='lat' dir='ltr'>et</span> <span class='ocrx_word' id='word_1_10' title='bbox 577 359 1013 444; x_wconf 88' lang='lat' dir='ltr'>praetoribus,</span> <span class='ocrx_word' id='word_1_11' title='bbox 1096 358 1248 444; x_wconf 91' lang='lat' dir='ltr'>quia</span> <span class='ocrx_word' id='word_1_12' title='bbox 1327 358 1565 424; x_wconf 90' lang='lat' dir='ltr'>eisdem</span> <span class='ocrx_word' id='word_1_13' title='bbox 1642 361 1939 445; x_wconf 78' lang='lat' dir='ltr'>auspiciis</span> <span class='ocrx_word' id='word_1_14' title='bbox 2016 362 2247 446; x_wconf 92' lang='lat' dir='ltr'>quibus</span> 
     </span>
     <span class='ocr_line' id='line_1_3' title="bbox 235 448 2248 534; baseline 0.002 -22"><span class='ocrx_word' id='word_1_15' title='bbox 235 448 527 512; x_wconf 86' lang='lat' dir='ltr'>consules</span> <span class='ocrx_word' id='word_1_16' title='bbox 574 451 971 534; x_wconf 72' lang='lat' dir='ltr'>crearentur,</span> <span class='ocrx_word' id='word_1_17' title='bbox 1024 450 1283 512; x_wconf 89' lang='lat' dir='ltr'>cautum</span> <span class='ocrx_word' id='word_1_18' title='bbox 1332 469 1497 513; x_wconf 88' lang='lat' dir='ltr'>esse:</span> <span class='ocrx_word' id='word_1_19' title='bbox 1550 449 1824 514; x_wconf 89' lang='lat' dir='ltr'>iudicem</span> <span class='ocrx_word' id='word_1_20' title='bbox 1882 451 2054 515; x_wconf 91' lang='lat' dir='ltr'>enim</span> <span class='ocrx_word' id='word_1_21' title='bbox 2101 473 2248 516; x_wconf 87' lang='lat' dir='ltr'>con-</span> 
     </span>
     <span class='ocr_line' id='line_1_4' title="bbox 236 535 2246 623; baseline 0.002 -23"><span class='ocrx_word' id='word_1_22' title='bbox 236 536 441 600; x_wconf 88' lang='lat' dir='ltr'>sulem</span> <span class='ocrx_word' id='word_1_23' title='bbox 478 536 809 620; x_wconf 86' lang='lat' dir='ltr'>appellari.</span> <span class='ocrx_word' id='word_1_24' title='bbox 884 559 1047 621; x_wconf 91' lang='lat' dir='ltr'>quae</span> <span class='ocrx_word' id='word_1_25' title='bbox 1088 535 1410 601; x_wconf 77' lang='lat' dir='ltr'>refellitur</span> <span class='ocrx_word' id='word_1_26' title='bbox 1446 538 1912 622; x_wconf 83' lang='lat' dir='ltr'>interpretatiO,</span> <span class='ocrx_word' id='word_1_27' title='bbox 1958 540 2127 623; x_wconf 92' lang='lat' dir='ltr'>quod</span> <span class='ocrx_word' id='word_1_28' title='bbox 2165 540 2246 604; x_wconf 91' lang='lat' dir='ltr'>iis</span> 
     </span>
     <span class='ocr_line' id='line_1_5' title="bbox 234 624 2248 712; baseline 0.002 -24"><span class='ocrx_word' id='word_1_29' title='bbox 234 625 635 708; x_wconf 82' lang='lat' dir='ltr'>temporibus</span> <span class='ocrx_word' id='word_1_30' title='bbox 691 624 976 691; x_wconf 89' lang='lat' dir='ltr'>nondum</span> <span class='ocrx_word' id='word_1_31' title='bbox 1036 626 1362 690; x_wconf 88' lang='lat' dir='ltr'>consulem</span> <span class='ocrx_word' id='word_1_32' title='bbox 1408 625 1681 692; x_wconf 87' lang='lat' dir='ltr'>iudicem</span> <span class='ocrx_word' id='word_1_33' title='bbox 1729 628 1839 692; x_wconf 92' lang='lat' dir='ltr'>sed</span> <span class='ocrx_word' id='word_1_34' title='bbox 1883 632 2248 712; x_wconf 77' lang='lat' dir='ltr'>praetorem</span> 
     </span>
     <span class='ocr_line' id='line_1_6' title="bbox 233 714 993 798; baseline 0 -20"><span class='ocrx_word' id='word_1_35' title='bbox 233 715 549 798; x_wconf 85' lang='lat' dir='ltr'>appellari</span> <span class='ocrx_word' id='word_1_36' title='bbox 594 735 735 778; x_wconf 92' lang='lat' dir='ltr'>mos</span> <span class='ocrx_word' id='word_1_37' title='bbox 781 714 993 779; x_wconf 85' lang='lat' dir='ltr'>fuerit.</span> 
     </span>
    </p>
   </div>
   <div class='ocr_carea' id='block_1_3' title="bbox 231 812 2250 1075">
    <p class='ocr_par' dir='ltr' id='par_1_3' title="bbox 231 812 2250 1075">
     <span class='ocr_line' id='line_1_7' title="bbox 412 812 2248 892; baseline 0.002 -16"><span class='ocrx_word' id='word_1_38' title='bbox 412 818 482 876; x_wconf 87' lang='lat' dir='ltr'>cf.</span> <span class='ocrx_word' id='word_1_39' title='bbox 529 817 861 877; x_wconf 87' lang='lat' dir='ltr'>Mommsen</span> <span class='ocrx_word' id='word_1_40' title='bbox 897 816 1231 876; x_wconf 87' lang='lat' dir='ltr'>Strafrecht</span> <span class='ocrx_word' id='word_1_41' title='bbox 1275 838 1333 892; x_wconf 90' lang='lat' dir='ltr'>p.</span> <span class='ocrx_word' id='word_1_42' title='bbox 1369 819 1495 878; x_wconf 88' lang='lat'>580</span> <span class='ocrx_word' id='word_1_43' title='bbox 1531 839 1589 880; x_wconf 93' lang='lat' dir='ltr'>n.</span> <span class='ocrx_word' id='word_1_44' title='bbox 1619 820 1684 878; x_wconf 88' lang='lat'>3:</span> <span class='ocrx_word' id='word_1_45' title='bbox 1733 812 1949 878; x_wconf 76' lang='lat' dir='ltr'>‘einem</span> <span class='ocrx_word' id='word_1_46' title='bbox 1995 818 2100 878; x_wconf 92' lang='lat' dir='ltr'>der</span> <span class='ocrx_word' id='word_1_47' title='bbox 2135 839 2248 879; x_wconf 85' lang='lat' dir='ltr'>we-</span> 
     </span>
     <span class='ocr_line' id='line_1_8' title="bbox 231 892 2250 981; baseline 0.001 -17"><span class='ocrx_word' id='word_1_48' title='bbox 231 905 413 981; x_wconf 90' lang='lat' dir='ltr'>nigen</span> <span class='ocrx_word' id='word_1_49' title='bbox 458 892 783 966; x_wconf 73' lang='lat' dir='ltr'>Uberreste</span> <span class='ocrx_word' id='word_1_50' title='bbox 831 924 939 964; x_wconf 85' lang='lat' dir='ltr'>aus</span> <span class='ocrx_word' id='word_1_51' title='bbox 986 906 1099 965; x_wconf 90' lang='lat' dir='ltr'>den</span> <span class='ocrx_word' id='word_1_52' title='bbox 1146 905 1445 966; x_wconf 80' lang='lat' dir='ltr'>Schriften</span> <span class='ocrx_word' id='word_1_53' title='bbox 1492 908 1596 967; x_wconf 91' lang='lat' dir='ltr'>der</span> <span class='ocrx_word' id='word_1_54' title='bbox 1639 907 1974 967; x_wconf 72' lang='lat' dir='ltr'>romischen</span> <span class='ocrx_word' id='word_1_55' title='bbox 2020 907 2250 968; x_wconf 84' lang='lat' dir='ltr'>Staats-</span> 
     </span>
     <span class='ocr_line' id='line_1_9' title="bbox 233 988 1324 1075; baseline 0.001 -22"><span class='ocrx_word' id='word_1_56' title='bbox 233 995 630 1054; x_wconf 83' lang='lat' dir='ltr'>rechtslehrer</span> <span class='ocrx_word' id='word_1_57' title='bbox 676 989 853 1075; x_wconf 89' lang='lat' dir='ltr'>(iuris</span> <span class='ocrx_word' id='word_1_58' title='bbox 898 988 1324 1075; x_wconf 85' lang='lat' dir='ltr'>interpretes)&#39;.</span> 
     </span>
    </p>
   </div>
   <div class='ocr_carea' id='block_1_4' title="bbox 1035 1147 1448 1215">
    <p class='ocr_par' dir='ltr' id='par_1_4' title="bbox 1035 1147 1448 1215">
     <span class='ocr_line' id='line_1_10' title="bbox 1035 1147 1448 1215; baseline 0.002 -2"><span class='ocrx_word' id='word_1_59' title='bbox 1035 1147 1135 1213; x_wconf 84' lang='lat' dir='ltr'>De</span> <span class='ocrx_word' id='word_1_60' title='bbox 1179 1150 1448 1215; x_wconf 78' lang='lat' dir='ltr'>coloniis.</span> 
     </span>
    </p>
   </div>
   <div class='ocr_carea' id='block_1_5' title="bbox 230 1263 2246 1616">
    <p class='ocr_par' dir='ltr' id='par_1_5' title="bbox 230 1263 2246 1616">
     <span class='ocr_line' id='line_1_11' title="bbox 408 1263 2246 1351; baseline -0.001 -21"><span class='ocrx_word' id='word_1_61' title='bbox 408 1265 467 1330; x_wconf 83' lang='lat'>2.</span> <span class='ocrx_word' id='word_1_62' title='bbox 522 1263 603 1330; x_wconf 88' lang='lat' dir='ltr'>D.</span> <span class='ocrx_word' id='word_1_63' title='bbox 632 1265 747 1347; x_wconf 85' lang='lat'>50,</span> <span class='ocrx_word' id='word_1_64' title='bbox 780 1265 889 1348; x_wconf 84' lang='lat'>16,</span> <span class='ocrx_word' id='word_1_65' title='bbox 916 1265 1044 1330; x_wconf 82' lang='lat'>239</span> <span class='ocrx_word' id='word_1_66' title='bbox 1055 1314 1074 1349; x_wconf 95' lang='lat'>,</span> <span class='ocrx_word' id='word_1_67' title='bbox 1102 1264 1162 1329; x_wconf 87' lang='lat'>5.</span> <span class='ocrx_word' id='word_1_68' title='bbox 1254 1263 1648 1351; x_wconf 88' lang='lat' dir='ltr'>Pomponius</span> <span class='ocrx_word' id='word_1_69' title='bbox 1701 1265 1869 1330; x_wconf 93' lang='lat' dir='ltr'>libro</span> <span class='ocrx_word' id='word_1_70' title='bbox 1929 1265 2246 1349; x_wconf 82' lang='lat' dir='ltr'>singulari</span> 
     </span>
     <span class='ocr_line' id='line_1_12' title="bbox 230 1352 2242 1438; baseline 0.001 -22"><span class='ocrx_word' id='word_1_71' title='bbox 230 1353 607 1418; x_wconf 86' lang='lat' dir='ltr'>Enchiridii.</span> <span class='ocrx_word' id='word_1_72' title='bbox 654 1389 739 1400; x_wconf 88' lang='lat'>—-</span> <span class='ocrx_word' id='word_1_73' title='bbox 785 1352 1179 1418; x_wconf 84' lang='lat' dir='ltr'>Decuriones</span> <span class='ocrx_word' id='word_1_74' title='bbox 1237 1354 1496 1436; x_wconf 89' lang='lat' dir='ltr'>quidam</span> <span class='ocrx_word' id='word_1_75' title='bbox 1544 1354 1749 1419; x_wconf 89' lang='lat' dir='ltr'>dictos</span> <span class='ocrx_word' id='word_1_76' title='bbox 1797 1355 1980 1418; x_wconf 89' lang='lat' dir='ltr'>aiunt</span> <span class='ocrx_word' id='word_1_77' title='bbox 2024 1375 2102 1418; x_wconf 83' lang='lat' dir='ltr'>ex</span> <span class='ocrx_word' id='word_1_78' title='bbox 2148 1375 2242 1438; x_wconf 89' lang='lat' dir='ltr'>e0,</span> 
     </span>
     <span class='ocr_line' id='line_1_13' title="bbox 232 1441 2245 1527; baseline -0 -20"><span class='ocrx_word' id='word_1_79' title='bbox 232 1442 401 1525; x_wconf 91' lang='lat' dir='ltr'>quod</span> <span class='ocrx_word' id='word_1_80' title='bbox 454 1441 671 1524; x_wconf 91' lang='lat' dir='ltr'>initio,</span> <span class='ocrx_word' id='word_1_81' title='bbox 726 1464 869 1507; x_wconf 87' lang='lat' dir='ltr'>cum</span> <span class='ocrx_word' id='word_1_82' title='bbox 917 1443 1210 1507; x_wconf 86' lang='lat' dir='ltr'>coloniae</span> <span class='ocrx_word' id='word_1_83' title='bbox 1259 1442 1746 1527; x_wconf 86' lang='lat' dir='ltr'>deducerentur,</span> <span class='ocrx_word' id='word_1_84' title='bbox 1802 1442 2048 1507; x_wconf 87' lang='lat' dir='ltr'>decima</span> <span class='ocrx_word' id='word_1_85' title='bbox 2092 1465 2245 1527; x_wconf 89' lang='lat' dir='ltr'>pars</span> 
     </span>
     <span class='ocr_line' id='line_1_14' title="bbox 232 1530 2246 1616; baseline 0.001 -23"><span class='ocrx_word' id='word_1_86' title='bbox 232 1551 457 1595; x_wconf 90' lang='lat' dir='ltr'>eorum</span> <span class='ocrx_word' id='word_1_87' title='bbox 504 1532 613 1616; x_wconf 90' lang='lat' dir='ltr'>qui</span> <span class='ocrx_word' id='word_1_88' title='bbox 660 1531 1039 1595; x_wconf 79' lang='lat' dir='ltr'>ducerentur</span> <span class='ocrx_word' id='word_1_89' title='bbox 1086 1530 1342 1595; x_wconf 88' lang='lat' dir='ltr'>consilii</span> <span class='ocrx_word' id='word_1_90' title='bbox 1387 1531 1629 1614; x_wconf 87' lang='lat' dir='ltr'>publici</span> <span class='ocrx_word' id='word_1_91' title='bbox 1676 1531 1887 1614; x_wconf 84' lang='lat' dir='ltr'>gratia</span> <span class='ocrx_word' id='word_1_92' title='bbox 1931 1531 2246 1596; x_wconf 88' lang='lat' dir='ltr'>conscribi</span> 
     </span>
    </p>
   </div>
   <div class='ocr_carea' id='block_1_6' title="bbox 231 1619 1465 1772">
    <p class='ocr_par' dir='ltr' id='par_1_6' title="bbox 231 1619 1465 1772">
     <span class='ocr_line' id='line_1_15' title="bbox 231 1619 574 1684; baseline 0 -2"><span class='ocrx_word' id='word_1_93' title='bbox 231 1620 425 1684; x_wconf 86' lang='lat' dir='ltr'>solita</span> <span class='ocrx_word' id='word_1_94' title='bbox 472 1619 574 1683; x_wconf 91' lang='lat' dir='ltr'>sit.</span> 
     </span>
     <span class='ocr_line' id='line_1_16' title="bbox 1002 1705 1465 1772; baseline -0.004 0"><span class='ocrx_word' id='word_1_95' title='bbox 1002 1705 1100 1772; x_wconf 84' lang='lat' dir='ltr'>De</span> <span class='ocrx_word' id='word_1_96' title='bbox 1145 1708 1465 1772; x_wconf 71' lang='lat' dir='ltr'>territorio.</span> 
     </span>
    </p>
   </div>
   <div class='ocr_carea' id='block_1_7' title="bbox 231 1820 2247 2175">
    <p class='ocr_par' dir='ltr' id='par_1_7' title="bbox 231 1820 2247 2175">
     <span class='ocr_line' id='line_1_17' title="bbox 408 1820 2247 1906; baseline 0 -18"><span class='ocrx_word' id='word_1_97' title='bbox 408 1823 465 1888; x_wconf 89' lang='lat'>3.</span> <span class='ocrx_word' id='word_1_98' title='bbox 504 1820 583 1887; x_wconf 92' lang='lat' dir='ltr'>D.</span> <span class='ocrx_word' id='word_1_99' title='bbox 620 1822 770 1888; x_wconf 90' lang='lat' dir='ltr'>ibid.</span> <span class='ocrx_word' id='word_1_100' title='bbox 800 1824 839 1903; x_wconf 69' lang='grc' dir='ltr'>ἓ</span> <span class='ocrx_word' id='word_1_101' title='bbox 870 1823 929 1888; x_wconf 87' lang='grc'>8.</span> <span class='ocrx_word' id='word_1_102' title='bbox 968 1859 1051 1868; x_wconf 89' lang='grc'>-</span> <span class='ocrx_word' id='word_1_103' title='bbox 1080 1821 1502 1887; x_wconf 85' lang='lat' dir='ltr'>Territorium</span> <span class='ocrx_word' id='word_1_104' title='bbox 1532 1827 1630 1886; x_wconf 87' lang='lat' dir='ltr'>est</span> <span class='ocrx_word' id='word_1_105' title='bbox 1657 1822 2036 1888; x_wconf 70' lang='lat' dir='ltr'>universitas</span> <span class='ocrx_word' id='word_1_106' title='bbox 2066 1843 2247 1906; x_wconf 80' lang='lat' dir='ltr'>agro-</span> 
     </span>
     <span class='ocr_line' id='line_1_18' title="bbox 231 1910 2246 1997; baseline 0.001 -22"><span class='ocrx_word' id='word_1_107' title='bbox 231 1930 376 1975; x_wconf 92' lang='lat' dir='ltr'>rum</span> <span class='ocrx_word' id='word_1_108' title='bbox 424 1910 595 1977; x_wconf 87' lang='lat' dir='ltr'>intra</span> <span class='ocrx_word' id='word_1_109' title='bbox 639 1911 799 1977; x_wconf 89' lang='lat' dir='ltr'>fines</span> <span class='ocrx_word' id='word_1_110' title='bbox 849 1912 1153 1996; x_wconf 89' lang='lat' dir='ltr'>cuiusque</span> <span class='ocrx_word' id='word_1_111' title='bbox 1201 1911 1516 1997; x_wconf 83' lang='lat' dir='ltr'>civitatis3</span> <span class='ocrx_word' id='word_1_112' title='bbox 1565 1910 1733 1997; x_wconf 91' lang='lat' dir='ltr'>quod</span> <span class='ocrx_word' id='word_1_113' title='bbox 1770 1911 1851 1977; x_wconf 91' lang='lat' dir='ltr'>ab</span> <span class='ocrx_word' id='word_1_114' title='bbox 1891 1934 1966 1978; x_wconf 90' lang='lat' dir='ltr'>eo</span> <span class='ocrx_word' id='word_1_115' title='bbox 2003 1911 2246 1978; x_wconf 82' lang='lat' dir='ltr'>dictum</span> 
     </span>
     <span class='ocr_line' id='line_1_19' title="bbox 234 2001 2244 2088; baseline 0.001 -23"><span class='ocrx_word' id='word_1_116' title='bbox 234 2001 491 2085; x_wconf 89' lang='lat' dir='ltr'>quidam</span> <span class='ocrx_word' id='word_1_117' title='bbox 559 2001 766 2086; x_wconf 90' lang='lat' dir='ltr'>aiunt,</span> <span class='ocrx_word' id='word_1_118' title='bbox 833 2002 1000 2085; x_wconf 92' lang='lat' dir='ltr'>quod</span> <span class='ocrx_word' id='word_1_119' title='bbox 1058 2001 1480 2088; x_wconf 77' lang='lat' dir='ltr'>magistratus</span> <span class='ocrx_word' id='word_1_120' title='bbox 1536 2003 1672 2067; x_wconf 87' lang='lat' dir='ltr'>eius</span> <span class='ocrx_word' id='word_1_121' title='bbox 1725 2002 1852 2066; x_wconf 90' lang='lat' dir='ltr'>loci</span> <span class='ocrx_word' id='word_1_122' title='bbox 1906 2002 2080 2066; x_wconf 92' lang='lat' dir='ltr'>intra</span> <span class='ocrx_word' id='word_1_123' title='bbox 2134 2024 2244 2067; x_wconf 88' lang='lat' dir='ltr'>eos</span> 
     </span>
     <span class='ocr_line' id='line_1_20' title="bbox 233 2089 2024 2175; baseline 0.001 -22"><span class='ocrx_word' id='word_1_124' title='bbox 233 2089 393 2154; x_wconf 88' lang='lat' dir='ltr'>fines</span> <span class='ocrx_word' id='word_1_125' title='bbox 441 2092 723 2155; x_wconf 90' lang='lat' dir='ltr'>terrendi</span> <span class='ocrx_word' id='word_1_126' title='bbox 770 2089 859 2175; x_wconf 90' lang='lat' dir='ltr'>[id</span> <span class='ocrx_word' id='word_1_127' title='bbox 911 2094 1009 2155; x_wconf 90' lang='lat' dir='ltr'>est</span> <span class='ocrx_word' id='word_1_128' title='bbox 1056 2090 1572 2172; x_wconf 73' lang='lat' dir='ltr'>summovendiP]</span> <span class='ocrx_word' id='word_1_129' title='bbox 1619 2092 1718 2155; x_wconf 89' lang='lat' dir='ltr'>ius</span> <span class='ocrx_word' id='word_1_130' title='bbox 1763 2089 2024 2155; x_wconf 88' lang='lat' dir='ltr'>habent.</span> 
     </span>
    </p>
   </div>
   <div class='ocr_carea' id='block_1_8' title="bbox 833 2249 1648 2333">
    <p class='ocr_par' dir='ltr' id='par_1_8' title="bbox 833 2249 1648 2333">
     <span class='ocr_line' id='line_1_21' title="bbox 833 2249 1648 2333; baseline 0.001 -19"><span class='ocrx_word' id='word_1_131' title='bbox 833 2249 931 2315; x_wconf 84' lang='lat' dir='ltr'>De</span> <span class='ocrx_word' id='word_1_132' title='bbox 973 2251 1275 2315; x_wconf 79' lang='lat' dir='ltr'>adulterio</span> <span class='ocrx_word' id='word_1_133' title='bbox 1321 2255 1380 2314; x_wconf 82' lang='lat' dir='ltr'>et</span> <span class='ocrx_word' id='word_1_134' title='bbox 1421 2256 1648 2333; x_wconf 63' lang='lat' dir='ltr'>stupro,</span> 
     </span>
    </p>
   </div>
   <div class='ocr_carea' id='block_1_9' title="bbox 229 2364 2242 2979">
    <p class='ocr_par' dir='ltr' id='par_1_9' title="bbox 229 2364 2242 2714">
     <span class='ocr_line' id='line_1_22' title="bbox 406 2364 2238 2448; baseline 0 -20"><span class='ocrx_word' id='word_1_135' title='bbox 406 2365 467 2428; x_wconf 90' lang='lat'>4.</span> <span class='ocrx_word' id='word_1_136' title='bbox 523 2365 601 2429; x_wconf 91' lang='lat' dir='ltr'>D.</span> <span class='ocrx_word' id='word_1_137' title='bbox 630 2364 736 2448; x_wconf 84' lang='lat'>50,</span> <span class='ocrx_word' id='word_1_138' title='bbox 772 2365 869 2447; x_wconf 85' lang='lat'>16,</span> <span class='ocrx_word' id='word_1_139' title='bbox 900 2364 1023 2429; x_wconf 91' lang='grc'>101</span> <span class='ocrx_word' id='word_1_140' title='bbox 1045 2387 1141 2448; x_wconf 90' lang='lat' dir='ltr'>pr.</span> <span class='ocrx_word' id='word_1_141' title='bbox 1222 2364 1623 2429; x_wconf 90' lang='lat' dir='ltr'>Modestinus</span> <span class='ocrx_word' id='word_1_142' title='bbox 1669 2364 1836 2430; x_wconf 93' lang='lat' dir='ltr'>libro</span> <span class='ocrx_word' id='word_1_143' title='bbox 1881 2386 2052 2429; x_wconf 92' lang='lat' dir='ltr'>nono</span> <span class='ocrx_word' id='word_1_144' title='bbox 2097 2364 2238 2429; x_wconf 86' lang='lat' dir='ltr'>Dif-</span> 
     </span>
     <span class='ocr_line' id='line_1_23' title="bbox 234 2451 2241 2536; baseline 0 -19"><span class='ocrx_word' id='word_1_145' title='bbox 234 2453 671 2518; x_wconf 85' lang='lat' dir='ltr'>ferentiarum.</span> <span class='ocrx_word' id='word_1_146' title='bbox 700 2488 789 2499; x_wconf 96' lang='lat'><strong>—</strong></span> <span class='ocrx_word' id='word_1_147' title='bbox 823 2451 1001 2517; x_wconf 88' lang='lat' dir='ltr'>Inter</span> <span class='ocrx_word' id='word_1_148' title='bbox 1039 2456 1334 2536; x_wconf 83' lang='lat' dir='ltr'>stuprum</span> <span class='ocrx_word' id='word_1_149' title='bbox 1372 2455 1436 2517; x_wconf 87' lang='lat' dir='ltr'>et</span> <span class='ocrx_word' id='word_1_150' title='bbox 1474 2452 1858 2518; x_wconf 84' lang='lat' dir='ltr'>adulterium</span> <span class='ocrx_word' id='word_1_151' title='bbox 1893 2454 2012 2518; x_wconf 88' lang='lat' dir='ltr'>hoc</span> <span class='ocrx_word' id='word_1_152' title='bbox 2047 2454 2241 2518; x_wconf 90' lang='lat' dir='ltr'>inter-</span> 
     </span>
     <span class='ocr_line' id='line_1_24' title="bbox 232 2541 2242 2625; baseline 0 -20"><span class='ocrx_word' id='word_1_153' title='bbox 232 2562 371 2605; x_wconf 85' lang='lat' dir='ltr'>esse</span> <span class='ocrx_word' id='word_1_154' title='bbox 418 2542 678 2625; x_wconf 91' lang='lat' dir='ltr'>quidam</span> <span class='ocrx_word' id='word_1_155' title='bbox 722 2546 980 2625; x_wconf 88' lang='lat' dir='ltr'>putant,</span> <span class='ocrx_word' id='word_1_156' title='bbox 1026 2542 1196 2625; x_wconf 88' lang='lat' dir='ltr'>quod</span> <span class='ocrx_word' id='word_1_157' title='bbox 1244 2541 1626 2606; x_wconf 87' lang='lat' dir='ltr'>adulterium</span> <span class='ocrx_word' id='word_1_158' title='bbox 1672 2543 1738 2606; x_wconf 88' lang='lat' dir='ltr'>in</span> <span class='ocrx_word' id='word_1_159' title='bbox 1776 2546 2063 2625; x_wconf 86' lang='lat' dir='ltr'>nuptam,</span> <span class='ocrx_word' id='word_1_160' title='bbox 2108 2546 2242 2606; x_wconf 85' lang='lat' dir='ltr'>stu·</span> 
     </span>
     <span class='ocr_line' id='line_1_25' title="bbox 229 2630 1324 2714; baseline 0 -20"><span class='ocrx_word' id='word_1_161' title='bbox 229 2652 419 2714; x_wconf 93' lang='lat' dir='ltr'>prum</span> <span class='ocrx_word' id='word_1_162' title='bbox 465 2632 532 2694; x_wconf 93' lang='lat' dir='ltr'>in</span> <span class='ocrx_word' id='word_1_163' title='bbox 576 2630 835 2694; x_wconf 84' lang='lat' dir='ltr'>viduam</span> <span class='ocrx_word' id='word_1_164' title='bbox 882 2630 1324 2694; x_wconf 87' lang='lat' dir='ltr'>committitur.</span> 
     </span>
    </p>

    <p class='ocr_par' dir='ltr' id='par_1_10' title="bbox 230 2716 2241 2979">
     <span class='ocr_line' id='line_1_26' title="bbox 406 2716 2239 2803; baseline -0.001 -20"><span class='ocrx_word' id='word_1_165' title='bbox 406 2718 467 2783; x_wconf 86' lang='lat'>5.</span> <span class='ocrx_word' id='word_1_166' title='bbox 514 2716 742 2785; x_wconf 91' lang='lat' dir='ltr'>Horat.</span> <span class='ocrx_word' id='word_1_167' title='bbox 781 2723 911 2783; x_wconf 85' lang='lat' dir='ltr'>sat.-</span> <span class='ocrx_word' id='word_1_168' title='bbox 931 2720 988 2803; x_wconf 87' lang='lat'>1,</span> <span class='ocrx_word' id='word_1_169' title='bbox 1018 2720 1077 2801; x_wconf 84' lang='lat'>2,</span> <span class='ocrx_word' id='word_1_170' title='bbox 1097 2718 1185 2783; x_wconf 90' lang='lat'>44</span> <span class='ocrx_word' id='word_1_171' title='bbox 1206 2740 1341 2802; x_wconf 88' lang='lat' dir='ltr'>sqq.</span> <span class='ocrx_word' id='word_1_172' title='bbox 1390 2754 1462 2765; x_wconf 89' lang='lat'>—-</span> <span class='ocrx_word' id='word_1_173' title='bbox 1511 2766 1524 2783; x_wconf 90' lang='lat'>.</span> <span class='ocrx_word' id='word_1_174' title='bbox 1566 2769 1580 2782; x_wconf 92' lang='lat'>.</span> <span class='ocrx_word' id='word_1_175' title='bbox 1620 2770 1631 2783; x_wconf 92' lang='lat'>.</span> <span class='ocrx_word' id='word_1_176' title='bbox 1673 2718 1827 2802; x_wconf 88' lang='lat' dir='ltr'>quin</span> <span class='ocrx_word' id='word_1_177' title='bbox 1855 2718 2052 2783; x_wconf 90' lang='lat' dir='ltr'>etiam</span> <span class='ocrx_word' id='word_1_178' title='bbox 2079 2717 2239 2782; x_wconf 92' lang='lat' dir='ltr'>illud</span> 
     </span>
     <span class='ocr_line' id='line_1_27' title="bbox 230 2805 2241 2891; baseline -0.001 -18"><span class='ocrx_word' id='word_1_179' title='bbox 230 2806 512 2890; x_wconf 84' lang='lat' dir='ltr'>Accidit,</span> <span class='ocrx_word' id='word_1_180' title='bbox 565 2812 637 2886; x_wconf 85' lang='lat' dir='ltr'>ut</span> <span class='ocrx_word' id='word_1_181' title='bbox 691 2807 951 2891; x_wconf 91' lang='lat' dir='ltr'>quidam</span> <span class='ocrx_word' id='word_1_182' title='bbox 1001 2812 1201 2871; x_wconf 88' lang='lat' dir='ltr'>testes</span> <span class='ocrx_word' id='word_1_183' title='bbox 1245 2808 1642 2891; x_wconf 20' lang='lat' dir='ltr'>*caudamque</span> <span class='ocrx_word' id='word_1_184' title='bbox 1691 2808 1968 2872; x_wconf 84' lang='lat' dir='ltr'>salacem</span> <span class='ocrx_word' id='word_1_185' title='bbox 2013 2805 2241 2871; x_wconf 87' lang='lat' dir='ltr'>Deme-</span> 
     </span>
     <span class='ocr_line' id='line_1_28' title="bbox 232 2894 1822 2979; baseline -0.001 -18"><span class='ocrx_word' id='word_1_186' title='bbox 232 2900 397 2961; x_wconf 87' lang='lat' dir='ltr'>teret</span> <span class='ocrx_word' id='word_1_187' title='bbox 444 2896 633 2961; x_wconf 88' lang='lat' dir='ltr'>ferro.</span> <span class='ocrx_word' id='word_1_188' title='bbox 714 2894 898 2959; x_wconf 73' lang='lat' dir='ltr'>eiure&#39;</span> <span class='ocrx_word' id='word_1_189' title='bbox 949 2917 1184 2961; x_wconf 90' lang='lat' dir='ltr'>omnes.</span> <span class='ocrx_word' id='word_1_190' title='bbox 1265 2894 1475 2961; x_wconf 82' lang='lat' dir='ltr'>Galba</span> <span class='ocrx_word' id='word_1_191' title='bbox 1520 2896 1822 2979; x_wconf 83' lang='lat' dir='ltr'>negabat.</span> 
     </span>
    </p>
   </div>
   <div class='ocr_carea' id='block_1_10' title="bbox 228 2996 2242 3325">
    <p class='ocr_par' dir='ltr' id='par_1_11' title="bbox 228 2996 2242 3325">
     <span class='ocr_line' id='line_1_29' title="bbox 406 2996 2242 3075; baseline 0 -17"><span class='ocrx_word' id='word_1_192' title='bbox 406 3000 478 3058; x_wconf 88' lang='lat' dir='ltr'>cf.</span> <span class='ocrx_word' id='word_1_193' title='bbox 516 2998 846 3058; x_wconf 87' lang='lat' dir='ltr'>Mommsen</span> <span class='ocrx_word' id='word_1_194' title='bbox 891 2997 1225 3059; x_wconf 82' lang='lat' dir='ltr'>Strafrecht</span> <span class='ocrx_word' id='word_1_195' title='bbox 1260 3020 1318 3075; x_wconf 92' lang='lat' dir='ltr'>p.</span> <span class='ocrx_word' id='word_1_196' title='bbox 1353 3000 1477 3059; x_wconf 84' lang='lat'>798</span> <span class='ocrx_word' id='word_1_197' title='bbox 1516 3018 1571 3057; x_wconf 91' lang='lat' dir='ltr'>n.</span> <span class='ocrx_word' id='word_1_198' title='bbox 1595 3000 1651 3058; x_wconf 83' lang='lat'>2.</span> <span class='ocrx_word' id='word_1_199' title='bbox 1721 2998 1794 3057; x_wconf 90' lang='lat' dir='ltr'>de</span> <span class='ocrx_word' id='word_1_200' title='bbox 1832 2996 2025 3057; x_wconf 81' lang='lat' dir='ltr'>Galba</span> <span class='ocrx_word' id='word_1_201' title='bbox 2068 2998 2242 3058; x_wconf 87' lang='lat' dir='ltr'>iuris-</span> 
     </span>
     <span class='ocr_line' id='line_1_30' title="bbox 232 3087 2239 3165; baseline 0.001 -19"><span class='ocrx_word' id='word_1_202' title='bbox 232 3088 523 3162; x_wconf 88' lang='lat' dir='ltr'>consult0,</span> <span class='ocrx_word' id='word_1_203' title='bbox 570 3088 738 3148; x_wconf 87' lang='lat' dir='ltr'>cuius</span> <span class='ocrx_word' id='word_1_204' title='bbox 782 3106 1133 3164; x_wconf 87' lang='lat' dir='ltr'>responsum</span> <span class='ocrx_word' id='word_1_205' title='bbox 1176 3088 1466 3147; x_wconf 87' lang='lat' dir='ltr'>Horatius</span> <span class='ocrx_word' id='word_1_206' title='bbox 1513 3088 1704 3165; x_wconf 84' lang='lat' dir='ltr'>affert,</span> <span class='ocrx_word' id='word_1_207' title='bbox 1760 3088 1825 3146; x_wconf 91' lang='lat' dir='ltr'>in</span> <span class='ocrx_word' id='word_1_208' title='bbox 1867 3087 2064 3163; x_wconf 89' lang='lat' dir='ltr'>priore</span> <span class='ocrx_word' id='word_1_209' title='bbox 2109 3087 2239 3148; x_wconf 88' lang='lat' dir='ltr'>loco</span> 
     </span>
     <span class='ocr_line' id='line_1_31' title="bbox 228 3177 734 3237; baseline 0.002 -2"><span class='ocrx_word' id='word_1_210' title='bbox 228 3177 543 3236; x_wconf 88' lang='lat' dir='ltr'>dicendum</span> <span class='ocrx_word' id='word_1_211' title='bbox 590 3179 734 3237; x_wconf 91' lang='lat' dir='ltr'>erat.</span> 
     </span>
     <span class='ocr_line' id='line_1_32' title="bbox 1127 3259 1346 3325; baseline -0.014 1"><span class='ocrx_word' id='word_1_212' title='bbox 1127 3259 1225 3325; x_wconf 87' lang='lat' dir='ltr'>De</span> <span class='ocrx_word' id='word_1_213' title='bbox 1266 3261 1346 3325; x_wconf 80' lang='lat' dir='ltr'>vi.</span> 
     </span>
    </p>
   </div>
   <div class='ocr_carea' id='block_1_11' title="bbox 234 3375 2240 3710">
    <p class='ocr_par' dir='ltr' id='par_1_12' title="bbox 234 3375 2240 3638">
     <span class='ocr_line' id='line_1_33' title="bbox 408 3375 2238 3461; baseline -0.001 -20"><span class='ocrx_word' id='word_1_214' title='bbox 408 3376 467 3442; x_wconf 89' lang='lat'>6.</span> <span class='ocrx_word' id='word_1_215' title='bbox 521 3376 599 3440; x_wconf 92' lang='lat' dir='ltr'>D.</span> <span class='ocrx_word' id='word_1_216' title='bbox 627 3378 731 3459; x_wconf 88' lang='lat'>47,</span> <span class='ocrx_word' id='word_1_217' title='bbox 763 3377 821 3460; x_wconf 89' lang='lat'>8,</span> <span class='ocrx_word' id='word_1_218' title='bbox 849 3378 909 3459; x_wconf 79' lang='lat'>2,</span> <span class='ocrx_word' id='word_1_219' title='bbox 942 3379 997 3442; x_wconf 87' lang='lat'>1.</span> <span class='ocrx_word' id='word_1_220' title='bbox 1081 3375 1402 3459; x_wconf 89' lang='lat' dir='ltr'>Ulpianus</span> <span class='ocrx_word' id='word_1_221' title='bbox 1448 3375 1618 3441; x_wconf 91' lang='lat' dir='ltr'>libro</span> <span class='ocrx_word' id='word_1_222' title='bbox 1666 3376 2238 3461; x_wconf 86' lang='lat' dir='ltr'>quinquagensimo</span> 
     </span>
     <span class='ocr_line' id='line_1_34' title="bbox 236 3464 2240 3549; baseline -0 -22"><span class='ocrx_word' id='word_1_223' title='bbox 236 3467 415 3528; x_wconf 83' lang='lat' dir='ltr'>sexto</span> <span class='ocrx_word' id='word_1_224' title='bbox 464 3465 541 3529; x_wconf 93' lang='lat' dir='ltr'>ad</span> <span class='ocrx_word' id='word_1_225' title='bbox 590 3465 880 3531; x_wconf 87' lang='lat' dir='ltr'>edictum.</span> <span class='ocrx_word' id='word_1_226' title='bbox 926 3502 1003 3512; x_wconf 94' lang='lat'>—</span> <span class='ocrx_word' id='word_1_227' title='bbox 1046 3515 1059 3529; x_wconf 93' lang='lat'>.</span> <span class='ocrx_word' id='word_1_228' title='bbox 1090 3516 1104 3530; x_wconf 96' lang='lat'>.</span> <span class='ocrx_word' id='word_1_229' title='bbox 1144 3464 1198 3529; x_wconf 90' lang='lat' dir='ltr'>si</span> <span class='ocrx_word' id='word_1_230' title='bbox 1246 3464 1392 3549; x_wconf 91' lang='lat' dir='ltr'>quis</span> <span class='ocrx_word' id='word_1_231' title='bbox 1441 3486 1506 3529; x_wconf 89' lang='lat' dir='ltr'>se</span> <span class='ocrx_word' id='word_1_232' title='bbox 1551 3464 1678 3528; x_wconf 85' lang='lat' dir='ltr'>vim</span> <span class='ocrx_word' id='word_1_233' title='bbox 1716 3486 1980 3549; x_wconf 91' lang='lat' dir='ltr'>passum</span> <span class='ocrx_word' id='word_1_234' title='bbox 2017 3464 2240 3528; x_wconf 88' lang='lat' dir='ltr'>docere</span> 
     </span>
     <span class='ocr_line' id='line_1_35' title="bbox 234 3552 2239 3638; baseline -0.001 -22"><span class='ocrx_word' id='word_1_235' title='bbox 234 3552 467 3636; x_wconf 88' lang='lat' dir='ltr'>possit,</span> <span class='ocrx_word' id='word_1_236' title='bbox 528 3554 785 3637; x_wconf 90' lang='lat' dir='ltr'>publico</span> <span class='ocrx_word' id='word_1_237' title='bbox 850 3553 1083 3618; x_wconf 86' lang='lat' dir='ltr'>iudicio</span> <span class='ocrx_word' id='word_1_238' title='bbox 1145 3554 1219 3617; x_wconf 90' lang='lat' dir='ltr'>de</span> <span class='ocrx_word' id='word_1_239' title='bbox 1275 3554 1342 3617; x_wconf 84' lang='lat' dir='ltr'>vi</span> <span class='ocrx_word' id='word_1_240' title='bbox 1395 3558 1611 3637; x_wconf 90' lang='lat' dir='ltr'>potest</span> <span class='ocrx_word' id='word_1_241' title='bbox 1673 3553 1973 3638; x_wconf 85' lang='lat' dir='ltr'>experiri,</span> <span class='ocrx_word' id='word_1_242' title='bbox 2035 3572 2239 3635; x_wconf 91' lang='lat' dir='ltr'>neque</span> 
     </span>
    </p>

    <p class='ocr_par' dir='ltr' id='par_1_13' title="bbox 1429 3656 1818 3710">
     <span class='ocr_line' id='line_1_36' title="bbox 1429 3656 1818 3710; baseline 0.005 -2"><span class='ocrx_word' id='word_1_243' title='bbox 1429 3670 1432 3673; x_wconf 74' lang='grc'><strong><em>’</em></strong></span> <span class='ocrx_word' id='word_1_244' title='bbox 1712 3656 1818 3710; x_wconf 76' lang='lat'>34*</span> 
     </span>
    </p>
   </div>
  </div>
 </body>
</html>
