<?xml version="1.0" encoding="UTF-8"?>
<!DOCTYPE html PUBLIC "-//W3C//DTD XHTML 1.0 Transitional//EN"
    "http://www.w3.org/TR/xhtml1/DTD/xhtml1-transitional.dtd">
<html xmlns="http://www.w3.org/1999/xhtml" xml:lang="en" lang="en">
 <head>
  <title>
</title>
<meta http-equiv="Content-Type" content="text/html;charset=utf-8" />
  <meta name='ocr-system' content='tesseract 3.04.00' />
  <meta name='ocr-capabilities' content='ocr_page ocr_carea ocr_par ocr_line ocrx_word'/>
</head>
<body>
  <div class='ocr_page' id='page_1' title='image "./iurisprudentiae00unkngoog_0094.png"; bbox 0 0 2575 3900; ppageno 0'>
   <div class='ocr_carea' id='block_1_1' title="bbox 380 151 2393 240">
    <p class='ocr_par' dir='ltr' id='par_1_1' title="bbox 380 151 2393 240">
     <span class='ocr_line' id='line_1_1' title="bbox 380 151 2393 240; baseline 0.002 -34"><span class='ocrx_word' id='word_1_1' title='bbox 380 153 465 216; x_wconf 87' lang='lat'><strong>58</strong></span> <span class='ocrx_word' id='word_1_2' title='bbox 521 154 615 208; x_wconf 91' lang='lat'><strong>111.</strong></span> <span class='ocrx_word' id='word_1_3' title='bbox 646 153 794 210; x_wconf 85' lang='lat' dir='ltr'>GAII</span> <span class='ocrx_word' id='word_1_4' title='bbox 824 153 1117 240; x_wconf 77' lang='lat' dir='ltr'>CLAUDII</span> <span class='ocrx_word' id='word_1_5' title='bbox 1144 151 1417 209; x_wconf 78' lang='lat' dir='ltr'><strong>NERON.</strong></span> <span class='ocrx_word' id='word_1_6' title='bbox 1438 152 1725 208; x_wconf 78' lang='lat' dir='ltr'>GALBAE</span> <span class='ocrx_word' id='word_1_7' title='bbox 1747 153 1962 208; x_wconf 85' lang='grc' dir='ltr'><strong>ΤΕΜΡ.</strong></span> <span class='ocrx_word' id='word_1_8' title='bbox 1982 153 2172 209; x_wconf 81' lang='lat' dir='ltr'>IURIS</span> <span class='ocrx_word' id='word_1_9' title='bbox 2193 153 2393 211; x_wconf 85' lang='lat' dir='ltr'><strong>CONS.</strong></span> 
     </span>
    </p>
   </div>
   <div class='ocr_carea' id='block_1_2' title="bbox 363 318 2398 1994">
    <p class='ocr_par' dir='ltr' id='par_1_2' title="bbox 370 318 2398 1288">
     <span class='ocr_line' id='line_1_2' title="bbox 380 318 2398 401; baseline 0 -18"><span class='ocrx_word' id='word_1_10' title='bbox 380 338 524 383; x_wconf 80' lang='lat' dir='ltr'><strong>cum</strong></span> <span class='ocrx_word' id='word_1_11' title='bbox 586 318 759 382; x_wconf 92' lang='lat' dir='ltr'><strong>iusto</strong></span> <span class='ocrx_word' id='word_1_12' title='bbox 824 320 1041 381; x_wconf 89' lang='lat' dir='ltr'><strong>tutore</strong></span> <span class='ocrx_word' id='word_1_13' title='bbox 1103 319 1360 381; x_wconf 79' lang='lat' dir='ltr'><strong>tutorve</strong></span> <span class='ocrx_word' id='word_1_14' title='bbox 1426 337 1570 380; x_wconf 88' lang='lat' dir='ltr'><strong>cum</strong></span> <span class='ocrx_word' id='word_1_15' title='bbox 1635 337 1857 381; x_wconf 89' lang='lat' dir='ltr'><strong>eorum</strong></span> <span class='ocrx_word' id='word_1_16' title='bbox 1921 338 2047 401; x_wconf 90' lang='lat' dir='ltr'><strong>quo</strong></span> <span class='ocrx_word' id='word_1_17' title='bbox 2113 318 2232 401; x_wconf 77' lang='lat' dir='ltr'><strong>leye</strong></span> <span class='ocrx_word' id='word_1_18' title='bbox 2283 323 2398 384; x_wconf 78' lang='lat' dir='ltr'><strong>aut</strong></span> 
     </span>
     <span class='ocr_line' id='line_1_3' title="bbox 380 402 2394 490; baseline 0 -19"><span class='ocrx_word' id='word_1_19' title='bbox 380 407 645 490; x_wconf 68' lang='lat' dir='ltr'><strong>leyitimo</strong></span> <span class='ocrx_word' id='word_1_20' title='bbox 716 402 981 470; x_wconf 77' lang='lat' dir='ltr'><strong>iudicio²</strong></span> <span class='ocrx_word' id='word_1_21' title='bbox 1054 425 1244 489; x_wconf 85' lang='lat' dir='ltr'><strong>agere</strong></span> <span class='ocrx_word' id='word_1_22' title='bbox 1315 405 1458 469; x_wconf 84' lang='lat' dir='ltr'><strong>vult</strong></span> <span class='ocrx_word' id='word_1_23' title='bbox 1522 408 1587 469; x_wconf 91' lang='lat' dir='ltr'><strong>et</strong></span> <span class='ocrx_word' id='word_1_24' title='bbox 1650 403 1856 470; x_wconf 79' lang='lat' dir='ltr'><strong>tutor²</strong></span> <span class='ocrx_word' id='word_1_25' title='bbox 1917 405 1988 469; x_wconf 93' lang='lat' dir='ltr'><strong>in</strong></span> <span class='ocrx_word' id='word_1_26' title='bbox 2049 427 2192 470; x_wconf 89' lang='lat' dir='ltr'><strong>eam</strong></span> <span class='ocrx_word' id='word_1_27' title='bbox 2255 428 2394 472; x_wconf 88' lang='lat' dir='ltr'><strong>rem</strong></span> 
     </span>
     <span class='ocr_line' id='line_1_4' title="bbox 378 493 2394 580; baseline -0 -21"><span class='ocrx_word' id='word_1_28' title='bbox 378 495 640 580; x_wconf 90' lang='lat' dir='ltr'><strong>petitur,</strong></span> <span class='ocrx_word' id='word_1_29' title='bbox 684 498 904 558; x_wconf 90' lang='lat' dir='ltr'><strong>utrum</strong></span> <span class='ocrx_word' id='word_1_30' title='bbox 949 493 1110 577; x_wconf 92' lang='lat' dir='ltr'><strong>ipsis</strong></span> <span class='ocrx_word' id='word_1_31' title='bbox 1155 493 1572 578; x_wconf 88' lang='lat' dir='ltr'><strong>poscentibus</strong></span> <span class='ocrx_word' id='word_1_32' title='bbox 1619 493 1808 558; x_wconf 89' lang='lat' dir='ltr'><strong>datur</strong></span> <span class='ocrx_word' id='word_1_33' title='bbox 1853 515 1934 557; x_wconf 91' lang='lat' dir='ltr'><strong>an</strong></span> <span class='ocrx_word' id='word_1_34' title='bbox 1984 516 2132 559; x_wconf 83' lang='lat' dir='ltr'><strong>vero</strong></span> <span class='ocrx_word' id='word_1_35' title='bbox 2178 497 2244 558; x_wconf 92' lang='lat' dir='ltr'><strong>et</strong></span> <span class='ocrx_word' id='word_1_36' title='bbox 2286 495 2394 559; x_wconf 91' lang='lat' dir='ltr'><strong>ad-</strong></span> 
     </span>
     <span class='ocr_line' id='line_1_5' title="bbox 378 580 2390 667; baseline 0 -19"><span class='ocrx_word' id='word_1_37' title='bbox 378 582 711 648; x_wconf 75' lang='lat' dir='ltr'><strong>versario?</strong></span> <span class='ocrx_word' id='word_1_38' title='bbox 792 586 859 646; x_wconf 91' lang='lat' dir='ltr'><strong>et</strong></span> <span class='ocrx_word' id='word_1_39' title='bbox 896 580 1220 647; x_wconf 85' lang='lat' dir='ltr'><strong>sciendum</strong></span> <span class='ocrx_word' id='word_1_40' title='bbox 1260 585 1382 667; x_wconf 89' lang='lat' dir='ltr'><strong>est,</strong></span> <span class='ocrx_word' id='word_1_41' title='bbox 1425 583 1562 647; x_wconf 85' lang='lat' dir='ltr'><strong>sive</strong></span> <span class='ocrx_word' id='word_1_42' title='bbox 1600 585 1803 667; x_wconf 87' lang='lat' dir='ltr'><strong>agant</strong></span> <span class='ocrx_word' id='word_1_43' title='bbox 1838 583 1972 648; x_wconf 85' lang='lat' dir='ltr'><strong>sive</strong></span> <span class='ocrx_word' id='word_1_44' title='bbox 2009 583 2390 648; x_wconf 82' lang='lat' dir='ltr'><strong>convenian-</strong></span> 
     </span>
     <span class='ocr_line' id='line_1_6' title="bbox 374 667 2393 757; baseline 0 -20"><span class='ocrx_word' id='word_1_45' title='bbox 374 676 501 757; x_wconf 89' lang='lat' dir='ltr'><strong>tur,</strong></span> <span class='ocrx_word' id='word_1_46' title='bbox 544 672 683 736; x_wconf 90' lang='lat' dir='ltr'><strong>dari</strong></span> <span class='ocrx_word' id='word_1_47' title='bbox 729 671 902 736; x_wconf 93' lang='lat' dir='ltr'><strong>hunc</strong></span> <span class='ocrx_word' id='word_1_48' title='bbox 947 667 1260 736; x_wconf 77' lang='lat' dir='ltr'><strong>tutorem³</strong></span> <span class='ocrx_word' id='word_1_49' title='bbox 1303 692 1511 755; x_wconf 91' lang='lat' dir='ltr'><strong>posse,</strong></span> <span class='ocrx_word' id='word_1_50' title='bbox 1559 671 1669 736; x_wconf 76' lang='lat' dir='ltr'><strong>sed</strong></span> <span class='ocrx_word' id='word_1_51' title='bbox 1707 692 1840 735; x_wconf 90' lang='lat' dir='ltr'><strong>non</strong></span> <span class='ocrx_word' id='word_1_52' title='bbox 1877 671 2057 754; x_wconf 87' lang='lat' dir='ltr'><strong>alias,</strong></span> <span class='ocrx_word' id='word_1_53' title='bbox 2103 693 2296 755; x_wconf 87' lang='lat' dir='ltr'><strong>quam</strong></span> <span class='ocrx_word' id='word_1_54' title='bbox 2333 673 2393 738; x_wconf 91' lang='lat' dir='ltr'><strong>si</strong></span> 
     </span>
     <span class='ocr_line' id='line_1_7' title="bbox 373 758 2389 845; baseline 0 -20"><span class='ocrx_word' id='word_1_55' title='bbox 373 760 515 844; x_wconf 90' lang='lat' dir='ltr'><strong>ipse</strong></span> <span class='ocrx_word' id='word_1_56' title='bbox 578 764 785 845; x_wconf 86' lang='lat' dir='ltr'><strong>petat,</strong></span> <span class='ocrx_word' id='word_1_57' title='bbox 848 759 950 824; x_wconf 88' lang='lat' dir='ltr'><strong>cui</strong></span> <span class='ocrx_word' id='word_1_58' title='bbox 1015 759 1154 822; x_wconf 85' lang='lat' dir='ltr'><strong>dari</strong></span> <span class='ocrx_word' id='word_1_59' title='bbox 1220 781 1365 823; x_wconf 90' lang='lat' dir='ltr'><strong>eum</strong></span> <span class='ocrx_word' id='word_1_60' title='bbox 1428 763 1698 844; x_wconf 87' lang='lat' dir='ltr'><strong>oportet.</strong></span> <span class='ocrx_word' id='word_1_61' title='bbox 1800 759 2072 845; x_wconf 90' lang='lat' dir='ltr'><strong>denique</strong></span> <span class='ocrx_word' id='word_1_62' title='bbox 2128 758 2389 825; x_wconf 86' lang='lat' dir='ltr'><strong>Cassius</strong></span> 
     </span>
     <span class='ocr_line' id='line_1_8' title="bbox 372 844 2391 935; baseline 0 -22"><span class='ocrx_word' id='word_1_63' title='bbox 372 849 541 915; x_wconf 90' lang='lat' dir='ltr'><strong>libro</strong></span> <span class='ocrx_word' id='word_1_64' title='bbox 598 854 777 914; x_wconf 84' lang='lat' dir='ltr'><strong>sexto</strong></span> <span class='ocrx_word' id='word_1_65' title='bbox 834 844 1047 935; x_wconf 85' lang='lat' dir='ltr'><strong>(sexto</strong></span> <span class='ocrx_word' id='word_1_66' title='bbox 1115 847 1360 912; x_wconf 88' lang='lat' dir='ltr'><strong>decimo</strong></span> <span class='ocrx_word' id='word_1_67' title='bbox 1372 845 1434 932; x_wconf 80' lang='lat'><strong>⁴?)</strong></span> <span class='ocrx_word' id='word_1_68' title='bbox 1501 847 1760 932; x_wconf 87' lang='lat' dir='ltr'><strong>scripsit</strong></span> <span class='ocrx_word' id='word_1_69' title='bbox 1827 847 2024 912; x_wconf 87' lang='lat' dir='ltr'><strong>talem</strong></span> <span class='ocrx_word' id='word_1_70' title='bbox 2088 846 2391 914; x_wconf 74' lang='lat' dir='ltr'><strong>tutorem⁸</strong></span> 
     </span>
     <span class='ocr_line' id='line_1_9' title="bbox 373 936 2392 1022; baseline 0 -19"><span class='ocrx_word' id='word_1_71' title='bbox 373 939 697 1004; x_wconf 90' lang='lat' dir='ltr'><strong>neminem</strong></span> <span class='ocrx_word' id='word_1_72' title='bbox 728 938 869 1001; x_wconf 89' lang='lat' dir='ltr'><strong>dari</strong></span> <span class='ocrx_word' id='word_1_73' title='bbox 896 957 1084 1021; x_wconf 88' lang='lat' dir='ltr'><strong>posse</strong></span> <span class='ocrx_word' id='word_1_74' title='bbox 1113 936 1239 1001; x_wconf 90' lang='lat' dir='ltr'><strong>nisi</strong></span> <span class='ocrx_word' id='word_1_75' title='bbox 1267 941 1674 1021; x_wconf 79' lang='lat' dir='ltr'><strong>praesentem</strong></span> <span class='ocrx_word' id='word_1_76' title='bbox 1701 957 1909 1019; x_wconf 90' lang='lat' dir='ltr'><strong>neque</strong></span> <span class='ocrx_word' id='word_1_77' title='bbox 1939 936 2235 1022; x_wconf 83' lang='lat' dir='ltr'><strong>cuiquam</strong></span> <span class='ocrx_word' id='word_1_78' title='bbox 2262 939 2392 1003; x_wconf 91' lang='lat' dir='ltr'><strong>nisi</strong></span> 
     </span>
     <span class='ocr_line' id='line_1_10' title="bbox 371 1024 2388 1112; baseline -0 -20"><span class='ocrx_word' id='word_1_79' title='bbox 371 1027 695 1112; x_wconf 77' lang='lat' dir='ltr'><strong>praesenti</strong></span> <span class='ocrx_word' id='word_1_80' title='bbox 743 1029 810 1090; x_wconf 89' lang='lat' dir='ltr'><strong>et</strong></span> <span class='ocrx_word' id='word_1_81' title='bbox 852 1025 1229 1110; x_wconf 73' lang='lat' dir='ltr'><strong>postulanti,</strong></span> <span class='ocrx_word' id='word_1_82' title='bbox 1273 1025 1492 1108; x_wconf 88' lang='lat' dir='ltr'><strong>itaque</strong></span> <span class='ocrx_word' id='word_1_83' title='bbox 1533 1024 1769 1089; x_wconf 87' lang='lat' dir='ltr'><strong>infanti</strong></span> <span class='ocrx_word' id='word_1_84' title='bbox 1808 1046 1940 1089; x_wconf 93' lang='lat' dir='ltr'><strong>non</strong></span> <span class='ocrx_word' id='word_1_85' title='bbox 1978 1029 2196 1111; x_wconf 89' lang='lat' dir='ltr'><strong>potest</strong></span> <span class='ocrx_word' id='word_1_86' title='bbox 2230 1025 2388 1091; x_wconf 88' lang='lat' dir='ltr'><strong>dari.</strong></span> 
     </span>
     <span class='ocr_line' id='line_1_11' title="bbox 370 1110 2390 1200; baseline 0 -21"><span class='ocrx_word' id='word_1_87' title='bbox 370 1115 541 1180; x_wconf 90' lang='lat' dir='ltr'><strong>idem</strong></span> <span class='ocrx_word' id='word_1_88' title='bbox 571 1114 830 1181; x_wconf 82' lang='lat' dir='ltr'><strong>Cassius</strong></span> <span class='ocrx_word' id='word_1_89' title='bbox 869 1113 983 1200; x_wconf 90' lang='lat' dir='ltr'><strong>ait,</strong></span> <span class='ocrx_word' id='word_1_90' title='bbox 1019 1114 1074 1178; x_wconf 89' lang='lat' dir='ltr'><strong>si</strong></span> <span class='ocrx_word' id='word_1_91' title='bbox 1111 1113 1398 1197; x_wconf 90' lang='lat' dir='ltr'><strong>pupillus</strong></span> <span class='ocrx_word' id='word_1_92' title='bbox 1437 1110 1750 1177; x_wconf 62' lang='lat' dir='ltr'><strong>tutorem-³</strong></span> <span class='ocrx_word' id='word_1_93' title='bbox 1776 1134 2038 1196; x_wconf 84' lang='lat' dir='ltr'><strong>poscere</strong></span> <span class='ocrx_word' id='word_1_94' title='bbox 2072 1137 2202 1179; x_wconf 88' lang='lat' dir='ltr'><strong>non</strong></span> <span class='ocrx_word' id='word_1_95' title='bbox 2232 1116 2390 1199; x_wconf 84' lang='lat' dir='ltr'><strong>vult,</strong></span> 
     </span>
     <span class='ocr_line' id='line_1_12' title="bbox 372 1200 2388 1288; baseline 0 -20"><span class='ocrx_word' id='word_1_96' title='bbox 372 1225 500 1288; x_wconf 88' lang='lat' dir='ltr'><strong>quo</strong></span> <span class='ocrx_word' id='word_1_97' title='bbox 532 1205 741 1267; x_wconf 90' lang='lat' dir='ltr'><strong>minus</strong></span> <span class='ocrx_word' id='word_1_98' title='bbox 772 1224 915 1269; x_wconf 90' lang='lat' dir='ltr'><strong>cum</strong></span> <span class='ocrx_word' id='word_1_99' title='bbox 946 1224 1021 1267; x_wconf 92' lang='lat' dir='ltr'><strong>eo</strong></span> <span class='ocrx_word' id='word_1_100' title='bbox 1052 1205 1305 1285; x_wconf 84' lang='lat' dir='ltr'><strong>agatur,</strong></span> <span class='ocrx_word' id='word_1_101' title='bbox 1333 1200 1480 1285; x_wconf 83' lang='lat' dir='ltr'><strong>cogi</strong></span> <span class='ocrx_word' id='word_1_102' title='bbox 1507 1223 1651 1265; x_wconf 90' lang='lat' dir='ltr'><strong>eum</strong></span> <span class='ocrx_word' id='word_1_103' title='bbox 1684 1223 1723 1265; x_wconf 89' lang='lat' dir='ltr'><strong>a</strong></span> <span class='ocrx_word' id='word_1_104' title='bbox 1751 1207 2045 1284; x_wconf 89' lang='lat' dir='ltr'><strong>praetore</strong></span> <span class='ocrx_word' id='word_1_105' title='bbox 2074 1203 2388 1269; x_wconf 84' lang='lat' dir='ltr'><strong>debuisse.</strong></span> 
     </span>
    </p>

    <p class='ocr_par' dir='ltr' id='par_1_3' title="bbox 368 1287 2387 1731">
     <span class='ocr_line' id='line_1_13' title="bbox 549 1287 2386 1377; baseline 0 -20"><span class='ocrx_word' id='word_1_106' title='bbox 549 1292 651 1358; x_wconf 84' lang='lat'><strong>85.</strong></span> <span class='ocrx_word' id='word_1_107' title='bbox 704 1291 782 1356; x_wconf 92' lang='lat' dir='ltr'><strong>D.</strong></span> <span class='ocrx_word' id='word_1_108' title='bbox 820 1291 926 1370; x_wconf 83' lang='lat'><strong>26,</strong></span> <span class='ocrx_word' id='word_1_109' title='bbox 966 1293 1021 1375; x_wconf 93' lang='lat'><strong>7,</strong></span> <span class='ocrx_word' id='word_1_110' title='bbox 1059 1291 1139 1354; x_wconf 88' lang='lat'><strong>37</strong></span> <span class='ocrx_word' id='word_1_111' title='bbox 1158 1313 1250 1375; x_wconf 91' lang='lat' dir='ltr'><strong>pr.</strong></span> <span class='ocrx_word' id='word_1_112' title='bbox 1341 1287 1521 1352; x_wconf 86' lang='lat' dir='ltr'><strong>Idem</strong></span> <span class='ocrx_word' id='word_1_113' title='bbox 1612 1311 1694 1354; x_wconf 90' lang='lat' dir='ltr'><strong>sc</strong></span> <span class='ocrx_word' id='word_1_114' title='bbox 1743 1287 2164 1377; x_wconf 88' lang='lat' dir='ltr'><strong>Papinianus)</strong></span> <span class='ocrx_word' id='word_1_115' title='bbox 2219 1292 2386 1358; x_wconf 92' lang='lat' dir='ltr'><strong>libro</strong></span> 
     </span>
     <span class='ocr_line' id='line_1_14' title="bbox 371 1376 2387 1465; baseline 0 -21"><span class='ocrx_word' id='word_1_116' title='bbox 371 1380 705 1445; x_wconf 88' lang='lat' dir='ltr'><strong>undecimo</strong></span> <span class='ocrx_word' id='word_1_117' title='bbox 781 1378 1244 1455; x_wconf 84' lang='lat' dir='ltr'><strong>Quaestionum</strong></span> <span class='ocrx_word' id='word_1_118' title='bbox 1318 1376 1414 1461; x_wconf 88' lang='lat' dir='ltr'><strong>(P.</strong></span> <span class='ocrx_word' id='word_1_119' title='bbox 1471 1377 1646 1442; x_wconf 89' lang='grc'><strong>199.</strong></span> <span class='ocrx_word' id='word_1_120' title='bbox 1709 1415 1794 1424; x_wconf 92' lang='grc'><strong>-</strong></span> <span class='ocrx_word' id='word_1_121' title='bbox 1859 1378 2193 1462; x_wconf 84' lang='lat' dir='ltr'><strong>Tutorem,</strong></span> <span class='ocrx_word' id='word_1_122' title='bbox 2277 1382 2387 1465; x_wconf 90' lang='lat' dir='ltr'><strong>qui</strong></span> 
     </span>
     <span class='ocr_line' id='line_1_15' title="bbox 369 1430 2382 1553; baseline 0 -20"><span class='ocrx_word' id='word_1_123' title='bbox 369 1473 640 1534; x_wconf 90' lang='lat' dir='ltr'><strong>tutelam</strong></span> <span class='ocrx_word' id='word_1_124' title='bbox 708 1469 903 1552; x_wconf 88' lang='lat' dir='ltr'><strong>gerit,</strong></span> <span class='ocrx_word' id='word_1_125' title='bbox 976 1465 1249 1532; x_wconf 88' lang='lat' dir='ltr'><strong>Sabinus</strong></span> <span class='ocrx_word' id='word_1_126' title='bbox 1315 1471 1380 1530; x_wconf 92' lang='lat' dir='ltr'><strong>et</strong></span> <span class='ocrx_word' id='word_1_127' title='bbox 1446 1463 1738 1550; x_wconf 88' lang='lat' dir='ltr'><strong>Cassius,</strong></span> <span class='ocrx_word' id='word_1_128' title='bbox 1799 1471 1992 1552; x_wconf 89' lang='lat' dir='ltr'><strong>prout</strong></span> <span class='ocrx_word' id='word_1_129' title='bbox 2057 1430 2255 1553; x_wconf 86' lang='lat' dir='ltr'><strong>gerit,</strong></span> <span class='ocrx_word' id='word_1_130' title='bbox 2316 1469 2382 1533; x_wconf 93' lang='lat' dir='ltr'><strong>in</strong></span> 
     </span>
     <span class='ocr_line' id='line_1_16' title="bbox 372 1555 2384 1642; baseline -0 -20"><span class='ocrx_word' id='word_1_131' title='bbox 372 1559 660 1642; x_wconf 87' lang='lat' dir='ltr'><strong>singulas</strong></span> <span class='ocrx_word' id='word_1_132' title='bbox 733 1579 835 1620; x_wconf 88' lang='lat' dir='ltr'><strong>res</strong></span> <span class='ocrx_word' id='word_1_133' title='bbox 897 1578 1013 1641; x_wconf 89' lang='lat' dir='ltr'><strong>per</strong></span> <span class='ocrx_word' id='word_1_134' title='bbox 1075 1560 1370 1640; x_wconf 87' lang='lat' dir='ltr'><strong>tempora</strong></span> <span class='ocrx_word' id='word_1_135' title='bbox 1434 1556 1609 1619; x_wconf 86' lang='lat' dir='ltr'><strong>velut</strong></span> <span class='ocrx_word' id='word_1_136' title='bbox 1672 1577 1747 1620; x_wconf 84' lang='lat' dir='ltr'><strong>ex</strong></span> <span class='ocrx_word' id='word_1_137' title='bbox 1810 1555 2105 1640; x_wconf 88' lang='lat' dir='ltr'><strong>pluribus</strong></span> <span class='ocrx_word' id='word_1_138' title='bbox 2172 1558 2384 1622; x_wconf 88' lang='lat' dir='ltr'><strong>causis</strong></span> 
     </span>
     <span class='ocr_line' id='line_1_17' title="bbox 368 1646 1095 1731; baseline -0.003 -21"><span class='ocrx_word' id='word_1_139' title='bbox 368 1646 644 1731; x_wconf 86' lang='lat' dir='ltr'><strong>obligari</strong></span> <span class='ocrx_word' id='word_1_140' title='bbox 690 1648 1095 1728; x_wconf 86' lang='lat' dir='ltr'><strong>putaverunt.</strong></span> 
     </span>
    </p>

    <p class='ocr_par' dir='ltr' id='par_1_4' title="bbox 363 1731 2386 1994">
     <span class='ocr_line' id='line_1_18' title="bbox 544 1731 2383 1817; baseline -0.001 -17"><span class='ocrx_word' id='word_1_141' title='bbox 544 1735 647 1800; x_wconf 88' lang='lat'><strong>86.</strong></span> <span class='ocrx_word' id='word_1_142' title='bbox 693 1734 772 1798; x_wconf 91' lang='lat' dir='ltr'><strong>D.</strong></span> <span class='ocrx_word' id='word_1_143' title='bbox 799 1734 901 1816; x_wconf 89' lang='lat'><strong>43,</strong></span> <span class='ocrx_word' id='word_1_144' title='bbox 931 1734 1035 1816; x_wconf 88' lang='lat'><strong>24,</strong></span> <span class='ocrx_word' id='word_1_145' title='bbox 1066 1734 1167 1816; x_wconf 97' lang='grc'><strong>11,</strong></span> <span class='ocrx_word' id='word_1_146' title='bbox 1186 1734 1245 1797; x_wconf 88' lang='lat'><strong>6.</strong></span> <span class='ocrx_word' id='word_1_147' title='bbox 1319 1731 1635 1816; x_wconf 89' lang='lat' dir='ltr'><strong>Ulpianus</strong></span> <span class='ocrx_word' id='word_1_148' title='bbox 1663 1731 1831 1797; x_wconf 92' lang='lat' dir='ltr'><strong>libro</strong></span> <span class='ocrx_word' id='word_1_149' title='bbox 1859 1734 2383 1817; x_wconf 86' lang='lat' dir='ltr'><strong>septuagensimo</strong></span> 
     </span>
     <span class='ocr_line' id='line_1_19' title="bbox 363 1817 2383 1908; baseline 0 -21"><span class='ocrx_word' id='word_1_150' title='bbox 363 1823 575 1908; x_wconf 90' lang='lat' dir='ltr'><strong>primo</strong></span> <span class='ocrx_word' id='word_1_151' title='bbox 632 1823 712 1887; x_wconf 88' lang='lat' dir='ltr'><strong>ad</strong></span> <span class='ocrx_word' id='word_1_152' title='bbox 759 1823 1033 1887; x_wconf 86' lang='lat' dir='ltr'><strong>edietum</strong></span> <span class='ocrx_word' id='word_1_153' title='bbox 1073 1820 1170 1906; x_wconf 92' lang='lat' dir='ltr'><strong>(P.</strong></span> <span class='ocrx_word' id='word_1_154' title='bbox 1204 1817 1427 1908; x_wconf 87' lang='grc'><strong>1596).</strong></span> <span class='ocrx_word' id='word_1_155' title='bbox 1459 1858 1535 1868; x_wconf 92' lang='grc'><strong>-</strong></span> <span class='ocrx_word' id='word_1_156' title='bbox 1579 1868 1596 1885; x_wconf 92' lang='grc'><strong>.</strong></span> <span class='ocrx_word' id='word_1_157' title='bbox 1624 1868 1639 1884; x_wconf 92' lang='grc'><strong>.</strong></span> <span class='ocrx_word' id='word_1_158' title='bbox 1667 1869 1682 1884; x_wconf 95' lang='grc'><strong>.</strong></span> <span class='ocrx_word' id='word_1_159' title='bbox 1722 1818 1983 1885; x_wconf 84' lang='lat' dir='ltr'><strong>Cassius</strong></span> <span class='ocrx_word' id='word_1_160' title='bbox 2020 1822 2258 1906; x_wconf 86' lang='lat' dir='ltr'><strong>probat</strong></span> <span class='ocrx_word' id='word_1_161' title='bbox 2304 1845 2383 1886; x_wconf 85' lang='lat' dir='ltr'><strong>ex</strong></span> 
     </span>
     <span class='ocr_line' id='line_1_20' title="bbox 365 1909 2386 1994; baseline -0.001 -16"><span class='ocrx_word' id='word_1_162' title='bbox 365 1912 515 1978; x_wconf 90' lang='lat' dir='ltr'><strong>dolo</strong></span> <span class='ocrx_word' id='word_1_163' title='bbox 571 1911 806 1978; x_wconf 89' lang='lat' dir='ltr'><strong>tutoris</strong></span> <span class='ocrx_word' id='word_1_164' title='bbox 857 1911 959 1977; x_wconf 85' lang='lat' dir='ltr'><strong>vel</strong></span> <span class='ocrx_word' id='word_1_165' title='bbox 1004 1909 1322 1975; x_wconf 90' lang='lat' dir='ltr'><strong>curatoris</strong></span> <span class='ocrx_word' id='word_1_166' title='bbox 1369 1909 1688 1994; x_wconf 90' lang='lat' dir='ltr'><strong>pupillum</strong></span> <span class='ocrx_word' id='word_1_167' title='bbox 1736 1909 1840 1974; x_wconf 83' lang='lat' dir='ltr'><strong>vel</strong></span> <span class='ocrx_word' id='word_1_168' title='bbox 1884 1909 2203 1976; x_wconf 90' lang='lat' dir='ltr'><strong>furiosum</strong></span> <span class='ocrx_word' id='word_1_169' title='bbox 2249 1932 2386 1977; x_wconf 90' lang='lat' dir='ltr'><strong>non</strong></span> 
     </span>
    </p>
   </div>
   <div class='ocr_carea' id='block_1_3' title="bbox 362 2002 2385 2172">
    <p class='ocr_par' dir='ltr' id='par_1_5' title="bbox 362 2002 2385 2172">
     <span class='ocr_line' id='line_1_21' title="bbox 362 2002 2385 2172; baseline -0 -16"><span class='ocrx_word' id='word_1_170' title='bbox 362 2002 673 2156; x_wconf 44' lang='lat' dir='ltr'><strong>tenergw</strong></span> <span class='ocrx_word' id='word_1_171' title='bbox 729 2088 867 2153; x_wconf 88' lang='lat' dir='ltr'><strong>Gai.</strong></span> <span class='ocrx_word' id='word_1_172' title='bbox 910 2087 1149 2172; x_wconf 87' lang='lat'><strong>1,196.</strong></span> <span class='ocrx_word' id='word_1_173' title='bbox 1202 2123 1275 2132; x_wconf 93' lang='lat'>—</span> <span class='ocrx_word' id='word_1_174' title='bbox 1333 2085 1742 2169; x_wconf 88' lang='lat' dir='ltr'><strong>&lt;Puberem.</strong></span> <span class='ocrx_word' id='word_1_175' title='bbox 1780 2087 1839 2171; x_wconf 87' lang='lat'><strong>.&gt;</strong></span> <span class='ocrx_word' id='word_1_176' title='bbox 1898 2085 2230 2153; x_wconf 86' lang='lat' dir='ltr'><strong>Sabinus.</strong></span> <span class='ocrx_word' id='word_1_177' title='bbox 2261 2095 2385 2155; x_wconf 93' lang='lat' dir='ltr'><strong>e.t</strong></span> 
     </span>
    </p>
   </div>
   <div class='ocr_carea' id='block_1_4' title="bbox 359 2168 2405 2794">
    <p class='ocr_par' dir='ltr' id='par_1_6' title="bbox 359 2168 2405 2794">
     <span class='ocr_line' id='line_1_22' title="bbox 367 2168 2384 2280; baseline -0.001 -36"><span class='ocrx_word' id='word_1_178' title='bbox 367 2168 669 2244; x_wconf 82' lang='lat' dir='ltr'><strong>Cassius.</strong></span> <span class='ocrx_word' id='word_1_179' title='bbox 743 2199 932 2242; x_wconf 89' lang='lat' dir='ltr'><strong>.eum</strong></span> <span class='ocrx_word' id='word_1_180' title='bbox 971 2197 1110 2239; x_wconf 88' lang='lat' dir='ltr'><strong>esse</strong></span> <span class='ocrx_word' id='word_1_181' title='bbox 1147 2180 1397 2261; x_wconf 87' lang='lat' dir='ltr'><strong>putant,</strong></span> <span class='ocrx_word' id='word_1_182' title='bbox 1435 2175 1545 2259; x_wconf 91' lang='lat' dir='ltr'><strong>qui</strong></span> <span class='ocrx_word' id='word_1_183' title='bbox 1582 2175 1808 2241; x_wconf 89' lang='lat' dir='ltr'><strong>habitu</strong></span> <span class='ocrx_word' id='word_1_184' title='bbox 1840 2176 2123 2260; x_wconf 88' lang='lat' dir='ltr'><strong>corporis</strong></span> <span class='ocrx_word' id='word_1_185' title='bbox 2149 2179 2384 2280; x_wconf 84' lang='lat' dir='ltr'><strong>puber-</strong></span> 
     </span>
     <span class='ocr_line' id='line_1_23' title="bbox 361 2226 2383 2349; baseline -0 -17"><span class='ocrx_word' id='word_1_186' title='bbox 361 2271 565 2332; x_wconf 88' lang='lat' dir='ltr'><strong>tatem</strong></span> <span class='ocrx_word' id='word_1_187' title='bbox 612 2226 913 2348; x_wconf 88' lang='lat' dir='ltr'><strong>ostendit,</strong></span> <span class='ocrx_word' id='word_1_188' title='bbox 957 2264 1023 2329; x_wconf 88' lang='lat' dir='ltr'><strong>id</strong></span> <span class='ocrx_word' id='word_1_189' title='bbox 1070 2268 1170 2328; x_wconf 90' lang='lat' dir='ltr'><strong>est</strong></span> <span class='ocrx_word' id='word_1_190' title='bbox 1216 2264 1327 2348; x_wconf 90' lang='lat' dir='ltr'><strong>qui</strong></span> <span class='ocrx_word' id='word_1_191' title='bbox 1372 2284 1678 2347; x_wconf 86' lang='lat' dir='ltr'><strong>generare</strong></span> <span class='ocrx_word' id='word_1_192' title='bbox 1721 2269 1962 2349; x_wconf 83' lang='lat' dir='ltr'><strong>potest3</strong></span> <span class='ocrx_word' id='word_1_193' title='bbox 2011 2264 2120 2329; x_wconf 89' lang='lat' dir='ltr'><strong>sed</strong></span> <span class='ocrx_word' id='word_1_194' title='bbox 2164 2265 2235 2329; x_wconf 93' lang='lat' dir='ltr'><strong>in</strong></span> <span class='ocrx_word' id='word_1_195' title='bbox 2277 2266 2383 2331; x_wconf 89' lang='lat' dir='ltr'><strong>his</strong></span> 
     </span>
     <span class='ocr_line' id='line_1_24' title="bbox 363 2353 2382 2441; baseline 0 -21"><span class='ocrx_word' id='word_1_196' title='bbox 363 2357 475 2441; x_wconf 89' lang='lat' dir='ltr'><strong>qui</strong></span> <span class='ocrx_word' id='word_1_197' title='bbox 511 2356 856 2439; x_wconf 82' lang='lat' dir='ltr'><strong>pubescere</strong></span> <span class='ocrx_word' id='word_1_198' title='bbox 893 2374 1023 2417; x_wconf 93' lang='lat' dir='ltr'><strong>non</strong></span> <span class='ocrx_word' id='word_1_199' title='bbox 1062 2356 1359 2435; x_wconf 88' lang='lat' dir='ltr'><strong>possunt,</strong></span> <span class='ocrx_word' id='word_1_200' title='bbox 1405 2353 1628 2436; x_wconf 91' lang='lat' dir='ltr'><strong>quales</strong></span> <span class='ocrx_word' id='word_1_201' title='bbox 1667 2358 1818 2418; x_wconf 91' lang='lat' dir='ltr'><strong>sunt</strong></span> <span class='ocrx_word' id='word_1_202' title='bbox 1853 2353 2195 2438; x_wconf 88' lang='lat' dir='ltr'><strong>spadones,</strong></span> <span class='ocrx_word' id='word_1_203' title='bbox 2232 2375 2382 2420; x_wconf 89' lang='lat' dir='ltr'><strong>eam</strong></span> 
     </span>
     <span class='ocr_line' id='line_1_25' title="bbox 364 2441 2405 2527; baseline 0 -19"><span class='ocrx_word' id='word_1_204' title='bbox 364 2449 640 2509; x_wconf 83' lang='lat' dir='ltr'><strong>aetatem</strong></span> <span class='ocrx_word' id='word_1_205' title='bbox 688 2465 828 2507; x_wconf 89' lang='lat' dir='ltr'><strong>esse</strong></span> <span class='ocrx_word' id='word_1_206' title='bbox 874 2441 1317 2526; x_wconf 81' lang='lat' dir='ltr'><strong>spectandam,</strong></span> <span class='ocrx_word' id='word_1_207' title='bbox 1368 2442 1548 2505; x_wconf 87' lang='lat' dir='ltr'><strong>cuius</strong></span> <span class='ocrx_word' id='word_1_208' title='bbox 1595 2442 1826 2506; x_wconf 89' lang='lat' dir='ltr'><strong>aetatis</strong></span> <span class='ocrx_word' id='word_1_209' title='bbox 1874 2443 2149 2527; x_wconf 90' lang='lat' dir='ltr'><strong>puberes</strong></span> <span class='ocrx_word' id='word_1_210' title='bbox 2195 2443 2405 2508; x_wconf 81' lang='lat' dir='ltr'><strong>fiunt.&#39;</strong></span> 
     </span>
     <span class='ocr_line' id='line_1_26' title="bbox 539 2529 2384 2615; baseline -0.001 -16"><span class='ocrx_word' id='word_1_211' title='bbox 539 2530 671 2599; x_wconf 56' lang='lat'><strong>87³.</strong></span> <span class='ocrx_word' id='word_1_212' title='bbox 718 2530 865 2615; x_wconf 92' lang='lat' dir='ltr'><strong>Ulp.</strong></span> <span class='ocrx_word' id='word_1_213' title='bbox 900 2531 977 2596; x_wconf 90' lang='lat' dir='ltr'><strong>fr.</strong></span> <span class='ocrx_word' id='word_1_214' title='bbox 1019 2532 1120 2614; x_wconf 94' lang='grc'><strong>11,</strong></span> <span class='ocrx_word' id='word_1_215' title='bbox 1148 2531 1251 2596; x_wconf 87' lang='grc'><strong>28.</strong></span> <span class='ocrx_word' id='word_1_216' title='bbox 1289 2567 1377 2575; x_wconf 94' lang='lat'>—</span> <span class='ocrx_word' id='word_1_217' title='bbox 1423 2529 1812 2594; x_wconf 88' lang='lat' dir='ltr'><strong>Liberantur</strong></span> <span class='ocrx_word' id='word_1_218' title='bbox 1855 2532 2062 2595; x_wconf 88' lang='lat' dir='ltr'><strong>tutela</strong></span> <span class='ocrx_word' id='word_1_219' title='bbox 2106 2534 2384 2597; x_wconf 90' lang='lat' dir='ltr'><strong>masculi</strong></span> 
     </span>
     <span class='ocr_line' id='line_1_27' title="bbox 360 2616 2380 2707; baseline -0.001 -20"><span class='ocrx_word' id='word_1_220' title='bbox 360 2623 611 2707; x_wconf 89' lang='lat' dir='ltr'><strong>quidem</strong></span> <span class='ocrx_word' id='word_1_221' title='bbox 651 2622 1009 2705; x_wconf 85' lang='lat' dir='ltr'><strong>pubertate.</strong></span> <span class='ocrx_word' id='word_1_222' title='bbox 1073 2621 1379 2703; x_wconf 87' lang='lat' dir='ltr'><strong>puberem</strong></span> <span class='ocrx_word' id='word_1_223' title='bbox 1419 2624 1631 2684; x_wconf 89' lang='lat' dir='ltr'><strong>autem</strong></span> <span class='ocrx_word' id='word_1_224' title='bbox 1671 2616 1968 2685; x_wconf 87' lang='lat' dir='ltr'><strong>Cassiani</strong></span> <span class='ocrx_word' id='word_1_225' title='bbox 2006 2671 2019 2684; x_wconf 94' lang='lat'>.</span> <span class='ocrx_word' id='word_1_226' title='bbox 2049 2670 2064 2685; x_wconf 99' lang='lat'><strong>.</strong></span> <span class='ocrx_word' id='word_1_227' title='bbox 2102 2642 2245 2685; x_wconf 90' lang='lat' dir='ltr'><strong>eum</strong></span> <span class='ocrx_word' id='word_1_228' title='bbox 2284 2621 2380 2685; x_wconf 88' lang='lat' dir='ltr'><strong>di-</strong></span> 
     </span>
     <span class='ocr_line' id='line_1_28' title="bbox 359 2708 2382 2794; baseline -0 -18"><span class='ocrx_word' id='word_1_229' title='bbox 359 2716 541 2794; x_wconf 87' lang='lat' dir='ltr'><strong>cunt,</strong></span> <span class='ocrx_word' id='word_1_230' title='bbox 596 2712 707 2794; x_wconf 90' lang='lat' dir='ltr'><strong>qui</strong></span> <span class='ocrx_word' id='word_1_231' title='bbox 762 2710 992 2776; x_wconf 91' lang='lat' dir='ltr'><strong>habitu</strong></span> <span class='ocrx_word' id='word_1_232' title='bbox 1047 2709 1334 2794; x_wconf 86' lang='lat' dir='ltr'><strong>corporis</strong></span> <span class='ocrx_word' id='word_1_233' title='bbox 1391 2708 1594 2791; x_wconf 90' lang='lat' dir='ltr'><strong>pubes</strong></span> <span class='ocrx_word' id='word_1_234' title='bbox 1652 2712 1946 2793; x_wconf 90' lang='lat' dir='ltr'><strong>apparet,</strong></span> <span class='ocrx_word' id='word_1_235' title='bbox 2002 2709 2068 2773; x_wconf 86' lang='lat' dir='ltr'><strong>id</strong></span> <span class='ocrx_word' id='word_1_236' title='bbox 2119 2712 2220 2773; x_wconf 90' lang='lat' dir='ltr'><strong>est</strong></span> <span class='ocrx_word' id='word_1_237' title='bbox 2266 2712 2382 2794; x_wconf 88' lang='lat' dir='ltr'><strong>qui</strong></span> 
     </span>
    </p>
   </div>
   <div class='ocr_carea' id='block_1_5' title="bbox 359 2801 1517 2950">
    <p class='ocr_par' dir='ltr' id='par_1_7' title="bbox 359 2801 1503 2950">
     <span class='ocr_line' id='line_1_29' title="bbox 359 2801 933 2883; baseline 0 -20"><span class='ocrx_word' id='word_1_238' title='bbox 359 2821 665 2883; x_wconf 87' lang='lat' dir='ltr'><strong>generare</strong></span> <span class='ocrx_word' id='word_1_239' title='bbox 712 2801 933 2883; x_wconf 86' lang='lat' dir='ltr'><strong>possit.</strong></span> 
     </span>
     <span class='ocr_line' id='line_1_30' title="bbox 1220 2891 1517 2950; baseline 0.004 -1"><span class='ocrx_word' id='word_1_240' title='bbox 1220 2891 1315 2949; x_wconf 85' lang='lat' dir='ltr'><strong>De</strong></span> <span class='ocrx_word' id='word_1_241' title='bbox 1359 2908 1517 2950; x_wconf 78' lang='lat' dir='ltr'><strong>ewra.</strong></span> 
     </span>
    </p>
   </div>
   <div class='ocr_carea' id='block_1_6' title="bbox 359 2998 2378 3175">
    <p class='ocr_par' dir='ltr' id='par_1_8' title="bbox 359 2998 2378 3175">
     <span class='ocr_line' id='line_1_31' title="bbox 536 2998 2378 3087; baseline 0.001 -20"><span class='ocrx_word' id='word_1_242' title='bbox 536 3001 638 3067; x_wconf 95' lang='grc'><strong>88.</strong></span> <span class='ocrx_word' id='word_1_243' title='bbox 702 3000 780 3064; x_wconf 88' lang='grc' dir='ltr'><strong>Ι).</strong></span> <span class='ocrx_word' id='word_1_244' title='bbox 817 3001 925 3082; x_wconf 91' lang='grc'><strong>42,</strong></span> <span class='ocrx_word' id='word_1_245' title='bbox 962 3001 1020 3083; x_wconf 93' lang='lat'><strong>7,</strong></span> <span class='ocrx_word' id='word_1_246' title='bbox 1058 3000 1117 3081; x_wconf 91' lang='grc'><strong>2,</strong></span> <span class='ocrx_word' id='word_1_247' title='bbox 1154 3000 1213 3063; x_wconf 94' lang='lat'><strong>3.</strong></span> <span class='ocrx_word' id='word_1_248' title='bbox 1314 2998 1629 3084; x_wconf 88' lang='lat' dir='ltr'><strong>Ulpianus</strong></span> <span class='ocrx_word' id='word_1_249' title='bbox 1691 3000 1860 3066; x_wconf 92' lang='lat' dir='ltr'><strong>libro</strong></span> <span class='ocrx_word' id='word_1_250' title='bbox 1925 3002 2378 3087; x_wconf 84' lang='lat' dir='ltr'><strong>sexagensimo</strong></span> 
     </span>
     <span class='ocr_line' id='line_1_32' title="bbox 359 3023 2376 3175; baseline 0.002 -22"><span class='ocrx_word' id='word_1_251' title='bbox 359 3090 582 3175; x_wconf 86' lang='lat' dir='ltr'><strong>quinto</strong></span> <span class='ocrx_word' id='word_1_252' title='bbox 630 3089 710 3153; x_wconf 88' lang='lat' dir='ltr'><strong>ad</strong></span> <span class='ocrx_word' id='word_1_253' title='bbox 758 3088 1031 3154; x_wconf 87' lang='lat' dir='ltr'><strong>edictum</strong></span> <span class='ocrx_word' id='word_1_254' title='bbox 1082 3050 1177 3171; x_wconf 90' lang='lat' dir='ltr'><strong>(P.</strong></span> <span class='ocrx_word' id='word_1_255' title='bbox 1212 3023 1441 3174; x_wconf 81' lang='lat' dir='ltr'><strong>1445)p</strong></span> <span class='ocrx_word' id='word_1_256' title='bbox 1473 3124 1547 3134; x_wconf 93' lang='lat'>—</span> <span class='ocrx_word' id='word_1_257' title='bbox 1591 3088 1952 3174; x_wconf 84' lang='lat' dir='ltr'><strong>Quaeritur,</strong></span> <span class='ocrx_word' id='word_1_258' title='bbox 2000 3113 2083 3155; x_wconf 91' lang='lat' dir='ltr'><strong>an</strong></span> <span class='ocrx_word' id='word_1_259' title='bbox 2128 3092 2376 3157; x_wconf 81' lang='lat' dir='ltr'><strong>invitus</strong></span> 
     </span>
    </p>
   </div>
   <div class='ocr_carea' id='block_1_7' title="bbox 356 3234 2377 3579">
    <p class='ocr_par' dir='ltr' id='par_1_9' title="bbox 356 3234 2377 3450">
     <span class='ocr_line' id='line_1_33' title="bbox 500 3234 2377 3307; baseline 0.002 -18"><span class='ocrx_word' id='word_1_260' title='bbox 500 3242 528 3289; x_wconf 88' lang='lat'>1</span> <span class='ocrx_word' id='word_1_261' title='bbox 574 3237 723 3291; x_wconf 81' lang='lat' dir='ltr'><strong>Trib.</strong></span> <span class='ocrx_word' id='word_1_262' title='bbox 751 3235 926 3290; x_wconf 89' lang='lat' dir='ltr'><strong>litem.</strong></span> <span class='ocrx_word' id='word_1_263' title='bbox 955 3237 1193 3290; x_wconf 76' lang='lat' dir='ltr'><strong>restituit</strong></span> <span class='ocrx_word' id='word_1_264' title='bbox 1219 3234 1392 3289; x_wconf 77' lang='lat' dir='ltr'><strong>Lenel</strong></span> <span class='ocrx_word' id='word_1_265' title='bbox 1418 3234 1477 3291; x_wconf 89' lang='lat' dir='ltr'><strong>P.</strong></span> <span class='ocrx_word' id='word_1_266' title='bbox 1497 3234 1624 3305; x_wconf 87' lang='lat' dir='ltr'><strong>Ulp.</strong></span> <span class='ocrx_word' id='word_1_267' title='bbox 1654 3240 1812 3291; x_wconf 83' lang='grc'><strong>2837.</strong></span> <span class='ocrx_word' id='word_1_268' title='bbox 1858 3236 1929 3292; x_wconf 82' lang='lat' dir='ltr'><strong>cf.</strong></span> <span class='ocrx_word' id='word_1_269' title='bbox 1949 3237 2076 3307; x_wconf 89' lang='lat' dir='ltr'><strong>Ulp.</strong></span> <span class='ocrx_word' id='word_1_270' title='bbox 2106 3238 2172 3293; x_wconf 87' lang='lat' dir='ltr'><strong>fr.</strong></span> <span class='ocrx_word' id='word_1_271' title='bbox 2197 3244 2280 3306; x_wconf 83' lang='lat'><strong>11,</strong></span> <span class='ocrx_word' id='word_1_272' title='bbox 2302 3243 2377 3292; x_wconf 76' lang='grc'><strong>24</strong></span> 
     </span>
     <span class='ocr_line' id='line_1_34' title="bbox 360 3306 2375 3376; baseline 0.001 -14.012"><span class='ocrx_word' id='word_1_273' title='bbox 360 3308 629 3362; x_wconf 88' lang='lat' dir='ltr'><strong>‘moribus</strong></span> <span class='ocrx_word' id='word_1_274' title='bbox 683 3309 840 3363; x_wconf 89' lang='lat' dir='ltr'><strong>tutor</strong></span> <span class='ocrx_word' id='word_1_275' title='bbox 893 3308 1058 3361; x_wconf 87' lang='lat' dir='ltr'><strong>datur</strong></span> <span class='ocrx_word' id='word_1_276' title='bbox 1112 3306 1249 3359; x_wconf 91' lang='lat' dir='ltr'><strong>muli</strong></span> <span class='ocrx_word' id='word_1_277' title='bbox 1253 3306 1335 3360; x_wconf 90' lang='lat' dir='ltr'><strong>eri</strong></span> <span class='ocrx_word' id='word_1_278' title='bbox 1383 3306 1670 3376; x_wconf 87' lang='lat' dir='ltr'><strong>pupillove</strong></span> <span class='ocrx_word' id='word_1_279' title='bbox 1722 3306 1820 3375; x_wconf 88' lang='lat' dir='ltr'><strong>qui</strong></span> <span class='ocrx_word' id='word_1_280' title='bbox 1867 3324 1992 3362; x_wconf 90' lang='lat' dir='ltr'><strong>cum</strong></span> <span class='ocrx_word' id='word_1_281' title='bbox 2036 3312 2222 3363; x_wconf 86' lang='lat' dir='ltr'><strong>tutore</strong></span> <span class='ocrx_word' id='word_1_282' title='bbox 2269 3326 2375 3363; x_wconf 90' lang='lat' dir='ltr'><strong>suo</strong></span> 
     </span>
     <span class='ocr_line' id='line_1_35' title="bbox 356 3377 2216 3450; baseline -0.002 -16"><span class='ocrx_word' id='word_1_283' title='bbox 356 3380 480 3450; x_wconf 85' lang='lat' dir='ltr'><strong>lege</strong></span> <span class='ocrx_word' id='word_1_284' title='bbox 517 3382 615 3434; x_wconf 88' lang='lat' dir='ltr'><strong>aut</strong></span> <span class='ocrx_word' id='word_1_285' title='bbox 650 3380 903 3449; x_wconf 85' lang='lat' dir='ltr'><strong>legitimo</strong></span> <span class='ocrx_word' id='word_1_286' title='bbox 939 3377 1148 3433; x_wconf 88' lang='lat' dir='ltr'><strong>iudicio</strong></span> <span class='ocrx_word' id='word_1_287' title='bbox 1186 3392 1354 3447; x_wconf 83' lang='lat' dir='ltr'><strong>agere</strong></span> <span class='ocrx_word' id='word_1_288' title='bbox 1389 3377 1536 3447; x_wconf 80' lang='lat' dir='ltr'><strong>vult,</strong></span> <span class='ocrx_word' id='word_1_289' title='bbox 1573 3379 1639 3431; x_wconf 90' lang='lat' dir='ltr'><strong>ut</strong></span> <span class='ocrx_word' id='word_1_290' title='bbox 1675 3382 1899 3434; x_wconf 87' lang='lat' dir='ltr'><strong>auctore</strong></span> <span class='ocrx_word' id='word_1_291' title='bbox 1937 3396 2004 3434; x_wconf 89' lang='lat' dir='ltr'><strong>eo</strong></span> <span class='ocrx_word' id='word_1_292' title='bbox 2040 3380 2216 3445; x_wconf 80' lang='lat' dir='ltr'><strong>agat’.</strong></span> 
     </span>
    </p>

    <p class='ocr_par' dir='ltr' id='par_1_10' title="bbox 497 3451 992 3507">
     <span class='ocr_line' id='line_1_36' title="bbox 497 3451 992 3507; baseline -0.002 -2"><span class='ocrx_word' id='word_1_293' title='bbox 497 3456 529 3505; x_wconf 82' lang='lat'>2</span> <span class='ocrx_word' id='word_1_294' title='bbox 574 3451 720 3507; x_wconf 71' lang='lat' dir='ltr'><strong>Trib.</strong></span> <span class='ocrx_word' id='word_1_295' title='bbox 758 3451 992 3506; x_wconf 90' lang='lat' dir='ltr'><strong>curator.</strong></span> 
     </span>
    </p>

    <p class='ocr_par' dir='ltr' id='par_1_11' title="bbox 497 3523 1088 3579">
     <span class='ocr_line' id='line_1_37' title="bbox 497 3523 1088 3579; baseline 0.002 -3"><span class='ocrx_word' id='word_1_296' title='bbox 497 3528 529 3576; x_wconf 84' lang='lat'><strong>3</strong></span> <span class='ocrx_word' id='word_1_297' title='bbox 573 3523 723 3579; x_wconf 75' lang='lat' dir='ltr'><strong>Trib.</strong></span> <span class='ocrx_word' id='word_1_298' title='bbox 762 3526 1088 3578; x_wconf 86' lang='lat' dir='ltr'><strong>curatorem.</strong></span> 
     </span>
    </p>
   </div>
  </div>
 </body>
</html>
