2575 3900
787 192 836 242 4.
888 189 949 243 L.
989 185 1352 242 NERATIUS
1389 186 1682 243 PRISCUS
2109 188 2240 252 333

217 373 339 436 pro
389 351 689 416 libertate
736 350 1020 434 dederat,
1064 351 1376 436 repetisse
1423 373 1540 435 per
1575 351 1850 416 iudicem
1887 372 2006 416 nec
2042 350 2242 417 fuisse

213 439 611 525 quaesitum,
660 461 743 505 an
789 437 1079 504 Domitia
1130 441 1338 506 sciens
1385 440 1660 505 liberum
1707 440 2077 524 accepisset.

400 551 492 611 De
526 551 897 628 pantomimo
934 552 1032 612 vel
1069 553 1360 613 histrione
1389 551 1606 612 Paride
1635 555 1696 612 et
1724 551 1992 611 Domitia
2018 573 2072 610 v.
2103 553 2241 612 Tac.

219 659 355 700 ann.
418 643 529 718 13,
589 643 891 719 19-22,
984 641 1088 718 qui
1174 643 1282 718 13,
1342 643 1422 701 27
1489 641 1561 701 de
1633 641 1740 700 lite
1815 642 1962 701 haec
2035 641 2244 701 refert:

221 723 603 806 ‘scripsitque
650 729 871 789 Caesar
918 731 1175 802 senatui,
1229 729 1512 805 privatim
1560 729 1961 806 expenderent
2005 748 2246 790 causam

220 818 595 896 libertorum,
633 819 910 896 quotiens
951 837 988 877 a
1022 820 1293 895 patronis
1332 822 1733 895 arguerentur
1770 863 1784 877 .
1815 866 1828 879 .
1859 863 1873 878 .
1911 836 2018 878 nec
2053 819 2244 878 multo

220 911 362 983 post
407 911 647 984 ereptus
695 907 915 967 amitae
970 907 1222 967 libertus
1269 907 1438 966 Paris
1486 909 1657 985 quasi
1702 908 1834 966 iure
1880 907 2070 983 civili,
2125 926 2247 968 non

222 995 350 1055 sine
396 996 645 1055 infamia
689 996 1001 1073 principiS,
1062 997 1231 1056 cuius
1285 997 1458 1056 iussu
1511 999 1920 1074 perpetratum
1977 996 2244 1074 ingenui-

218 1085 367 1144 tatis
418 1086 706 1145 iudicium
752 1079 921 1144 erat'.

404 1173 576 1244 Quod
620 1175 683 1233 in
720 1173 968 1250 Ulpiani
1013 1175 1353 1250 fragmento
1400 1173 1472 1234 de
1508 1174 1765 1234 Neronis
1803 1167 1972 1233 ‘filia’
2011 1173 2246 1251 dicitur,

221 1281 344 1321 non
388 1262 666 1339 Neratio,
712 1263 818 1323 sed
864 1263 1122 1340 Ulpiano
1167 1263 1557 1323 tribuendum
1599 1263 1854 1323 videtur.

405 1381 509 1447 65.
566 1380 653 1447 D.
696 1383 797 1466 13,
839 1386 894 1466 1,
937 1383 1037 1466 12,
1075 1384 1133 1448 2.
1242 1381 1560 1467 Ulpianus
1628 1383 1797 1447 libro
1862 1382 2245 1466 trigensimo

224 1473 456 1536 octavo
486 1470 565 1535 ad
596 1471 874 1536 edictum
902 1467 1005 1558 (P.
1033 1468 1248 1557 1058).
1279 1509 1365 1518 -
1394 1469 1699 1536 Neratius
1728 1470 1911 1536 libris
1931 1469 2251 1536 Membra-

225 1581 457 1624 narum
503 1558 879 1625 Aristonem
927 1559 1336 1625 existimasse
1381 1559 1582 1624 refert
1629 1581 1793 1643 eum,
1839 1560 1943 1625 cui
1989 1559 2250 1644 pignori

224 1670 328 1712 res
385 1648 539 1713 data
593 1648 705 1732 sit,
760 1648 991 1714 incerti
1043 1647 1448 1714 condictione
1495 1652 1815 1731 acturum,
1874 1649 1927 1714 si
1974 1669 2050 1714 ea
2098 1649 2249 1713 sub-

227 1740 413 1822 repta
460 1739 576 1802 est.

643 1902 746 1964 IX.
802 1903 1078 1964 Incerti
1124 1904 1363 1981 operis
1409 1901 1838 1982 fragmenta.

411 2021 532 2086 eAd
602 2022 939 2087 Neratium'
1014 2028 1201 2091 libros
1269 2028 1376 2103 IV,
1450 2047 1706 2105 quorum
1777 2029 2116 2103 fragmenta
2187 2028 2252 2087 in

230 2115 555 2175 Iustiniani
597 2116 865 2195 Digestis
912 2117 1267 2178 exhibentur
1316 2110 1409 2198 (P.
1453 2111 1946 2198 1020-1048),
1992 2117 2252 2177 Paulum

230 2204 540 2282 scripsisse
587 2209 839 2267 constat.
922 2206 1313 2284 explanatum
1350 2226 1490 2266 vero
1526 2206 1763 2266 Neratii
1801 2225 1948 2282 opus
1987 2226 2023 2265 a
2059 2206 2250 2267 Paulo

228 2311 377 2370 esse,
442 2313 632 2372 neque
697 2295 990 2354 traditum
1064 2299 1155 2355 est
1212 2313 1406 2371 neque
1470 2298 1632 2355 certo
1696 2296 1972 2371 cognosci
2035 2296 2251 2373 potest.

228 2400 366 2441 cum
410 2384 674 2442 notabile
722 2383 817 2455 sit,
864 2383 1042 2442 Pauli
1087 2384 1165 2441 ad
1200 2383 1521 2444 Neratium
1565 2384 1918 2460 fragmentis
1963 2384 2026 2443 in
2070 2384 2251 2444 Iusti-

229 2470 396 2529 niani
450 2469 715 2548 Digestis
776 2471 1117 2549 fragmenta
1168 2472 1407 2529 Neratii
1461 2489 1533 2531 ex
1587 2472 2028 2548 Responsorum
2079 2473 2250 2532 libris

232 2558 550 2634 desumpta
593 2578 710 2619 non
757 2578 894 2619 raro
942 2559 1157 2635 excipi,
1201 2560 1419 2619 veluti:

367 2664 439 2722 D.
475 2666 574 2740 15,
607 2668 662 2741 1,
693 2667 794 2726 55.
841 2665 1126 2725 Neratius
1171 2665 1328 2724 libro
1373 2665 1565 2741 primo
1603 2665 2062 2741 Responsorum.

367 2752 441 2813 D.
474 2756 575 2831 15,
608 2755 663 2827 1,
694 2756 797 2815 56.
844 2754 1069 2814 Paulus
1114 2754 1267 2813 libro
1311 2753 1565 2813 secundo
1611 2755 1689 2813 ad
1733 2754 2065 2814 Neratium.

364 2842 438 2902 D.
470 2844 572 2919 32,
604 2845 706 2903 24.
840 2843 1127 2903 Neratius
1171 2842 1327 2903 libro
1373 2843 1632 2903 secundo
1677 2843 2134 2921 Responsorum.

367 2931 439 2992 D.
472 2934 574 3009 32,
606 2935 707 2993 25.
842 2932 1069 2991 Paulus
1114 2932 1268 2992 libro
1316 2933 1508 3009 primo
1553 2933 1630 2992 ad
1677 2932 2010 2993 Neratium.

367 3020 439 3081 D.
473 3022 573 3099 32,
606 3024 707 3083 26.
842 3021 1009 3081 Idem
1054 3021 1208 3082 libro
1254 3020 1513 3083 secundo
1559 3022 1637 3081 ad
1680 3022 2013 3081 Neratium.

368 3110 439 3169 D.
472 3111 573 3188 33,
606 3114 663 3187 7,
694 3114 795 3173 23.
840 3111 1127 3171 Neratius
1172 3111 1329 3171 libro
1377 3110 1633 3171 secundo
1679 3111 2138 3187 Respousorum.

367 3197 439 3258 D.
472 3202 575 3277 33,
609 3203 664 3278 7,
698 3204 795 3260 24.
843 3200 1068 3260 Paulus
1114 3200 1267 3260 libro
1315 3201 1496 3260 tertio
1545 3199 1620 3259 ad
1664 3200 1994 3261 Neratium.

369 3286 443 3345 D.
472 3290 575 3363 47,
610 3291 665 3368 2,
694 3292 797 3350 84.
842 3289 1127 3349 Neratius
1172 3289 1329 3348 libro
1375 3290 1569 3365 primo
1616 3289 2074 3366 Responsorum.

369 3374 441 3435 D.
474 3379 578 3453 47,
608 3379 665 3454 2,
696 3380 800 3439 85.
845 3378 1068 3438 Paulus
1112 3377 1269 3438 libro
1317 3377 1573 3437 secundo
1621 3378 1698 3436 ad
1741 3378 2074 3452 Neratium,

234 3464 330 3525 vir
386 3464 631 3541 quidam
686 3467 895 3527 doctus
953 3467 1057 3544 qui
1111 3467 1232 3524 iam
1285 3467 1520 3543 pridem
1575 3466 1646 3525 de
1704 3467 1952 3526 Neratio
2017 3466 2258 3543 scripsit

239 3548 316 3632 (Ι.
346 3552 410 3613 G.
441 3552 659 3633 Sickel,
692 3553 853 3632 Lips.
896 3547 1117 3635 1788),
1156 3555 1407 3616 coniecit
1443 3556 1580 3615 illas
1620 3555 1696 3616 ad
1731 3555 2046 3616 Neratium
2081 3558 2256 3614 notas
