2575 3900
395 159 436 224 8
492 159 584 214 ΠΙ.
616 158 768 215 GAII
797 158 1092 216 CLAUDII
1118 159 1389 217 NERON.
1421 160 1707 216 GALBAE
1736 157 1951 214 ΤΕΜΡ.
1980 153 2174 211 IURIS
2202 149 2399 208 CONS.

395 321 646 387 fructus
700 322 952 406 legatus
1010 323 1120 406 sit,
1174 320 1391 387 Nerva
1446 322 1615 388 filius
1665 324 1731 386 et
1753 321 2021 403 ,lumina
2065 315 2410 382 immittere

394 431 540 474 eum
572 405 685 495 (sc.
709 408 1283 495 usufructuarium)
1312 431 1499 494 posse
1528 410 1621 476 ait
1649 460 1663 475 .
1684 461 1698 474 .
1720 408 1760 475 .²
1816 409 1973 474 item
2000 406 2219 474 Nerva
2246 424 2409 482 eum,

393 497 495 561 cui
543 498 798 561 aedium
845 521 1000 563 usus
1045 499 1295 564 fructus
1343 499 1594 583 legatus
1637 498 1741 580 sit,
1784 497 1978 562 altius
2018 494 2246 560 tollere
2278 512 2407 554 non

390 605 608 669 posse,
665 587 959 669 quamvis
1007 587 1252 652 lumina
1296 608 1427 651 non
1474 587 1921 668 obscurentur,
1970 584 2124 670 quia
2167 583 2409 679 tectum

391 673 601 758 magis
666 674 986 742 turbatur.
1089 675 1259 760 quod
1314 674 1527 740 Labeo
1602 676 1796 740 etiam
1859 675 1929 738 in
1994 670 2409 756 proprietatis

390 761 650 825 domino
702 762 942 826 scribit.
1025 762 1193 827 idem
1232 762 1452 827 Nerva
1491 784 1607 828 nec
1646 763 1982 828 obstruere
2022 782 2169 825 eum
2205 777 2411 840 posse.

566 849 626 913 2.
688 847 766 912 D.
796 851 901 933 46,
929 852 991 934 4,
1018 852 1124 916 21.
1215 849 1569 916 Venuleius
1608 852 1774 916 libro
1821 849 2160 915 undecimo
2200 843 2411 928 Stipu·

389 936 705 1001 lationum
753 934 850 1023 (P.
881 937 1016 1023 67).
1067 976 1143 987 —
1196 939 1265 1004 Si
1321 940 1439 1003 sub
1496 938 1868 1004 condicione
1918 939 2208 1022 legatum
2250 931 2411 998 mihi

388 1024 607 1088 datum
645 1025 930 1090 novandi
968 1048 1160 1091 causa
1198 1027 1545 1110 stipulatus
1585 1050 1727 1092 sum
1761 1032 1826 1091 et
1853 1030 2003 1091 ante
2032 1025 2415 1089 existentem

387 1111 837 1177 condicionem
885 1118 1217 1199 acceptum
1265 1115 1493 1199 fecem,
1537 1113 1755 1180 Nerva
1793 1116 1962 1180 filius
2001 1115 2115 1197 ait,
2161 1107 2416 1176 etiamsi

388 1199 682 1264 condicio
739 1201 1054 1284 extiterit,
1106 1224 1313 1286 neque
1360 1224 1436 1266 ex
1481 1207 1870 1268 testamento
1919 1201 2415 1286 competituram

387 1288 735 1371 actionem,
792 1290 945 1372 quia
999 1291 1262 1354 novatio
1315 1289 1489 1355 facta
1534 1291 1646 1375 sit,
1701 1313 1906 1375 neque
1954 1313 2032 1355 ex
2081 1288 2418 1374 stipulatu,

383 1397 549 1459 quae
597 1377 1088 1459 acceptilatione
1136 1377 1352 1442 soluta
1398 1379 1499 1443 sit.

1077 1551 1178 1616 De
1219 1554 1717 1618 manumissione.

559 1665 617 1729 3.
692 1662 770 1727 D.
812 1665 920 1747 40,
957 1665 1016 1748 2,
1055 1665 1158 1729 25.
1268 1665 1467 1731 Gaius
1533 1667 1698 1733 libro
1763 1667 1974 1752 primo
2042 1668 2122 1732 de
2190 1687 2415 1732 manu-

380 1751 798 1816 missionibus
851 1750 947 1835 (P.
977 1751 1153 1835 477).
1207 1788 1281 1798 —
1334 1751 1403 1817 Si
1447 1757 1681 1819 tutoris
1727 1756 2011 1821 habendi
2058 1778 2257 1821 causa
2301 1776 2414 1838 pu·

383 1840 581 1924 pillus
647 1839 1097 1921 manumittat,
1158 1841 1532 1922 probationi
1596 1863 1735 1907 esse
1801 1864 2063 1908 causam
2122 1842 2416 1909 Fufidius

379 1929 488 1993 ait.
578 1924 796 1991 Nerva
842 1925 1014 1990 filius
1063 1931 1291 1991 contra
1337 1930 1547 1993 sentit.

556 2038 628 2097 cf.
670 2035 796 2095 Gai.
839 2040 904 2111 1,
946 2037 1046 2095 36.
1090 2039 1187 2095 19.

1057 2217 1062 2221 ·
1191 2187 1292 2251 De
1334 2192 1583 2270 nuptiia

552 2312 613 2374 4.
661 2309 739 2374 D.
770 2309 830 2392 3,
858 2310 920 2392 2,
948 2310 1008 2387 2,
1038 2308 1078 2371 5
1127 2330 1183 2371 v.
1229 2330 1425 2391 supra
1469 2333 1529 2392 p.
1560 2312 1617 2375 5.

995 2480 1097 2546 De
1138 2483 1298 2546 servi
1341 2487 1783 2564 compromisso.

559 2607 620 2671 5.
684 2605 762 2671 D.
796 2605 897 2685 15,
931 2608 987 2687 1,
1013 2606 1074 2687 3,
1104 2606 1162 2669 8.
1253 2604 1567 2689 Ulpianus
1618 2608 1786 2674 libro
1832 2613 2192 2683 vicensimo
2241 2638 2413 2683 nono

377 2695 454 2756 ad
506 2694 782 2757 edictum
830 2690 928 2777 (P.
951 2686 1155 2775 851⁸).
1194 2728 1277 2738 —
1322 2692 1390 2755 Si
1436 2715 1676 2777 servuS,
1722 2717 1867 2761 cum
1914 2722 1984 2765 se
2032 2726 2156 2787 pro
2206 2707 2412 2771 libero

376 2782 647 2861 gereret,
692 2777 1228 2859 compronn‘serit,
1275 2781 1622 2860 quaeritur,
1670 2803 1751 2844 an
1799 2784 1876 2847 de
1921 2792 2186 2870 peculio
2238 2793 2410 2858 actio

375 2886 453 2926 ex
508 2884 720 2944 poena
776 2862 1223 2943 compromissi
1277 2866 1461 2944 quasi
1518 2886 1593 2927 ex
1638 2872 1900 2950 negotio
1950 2882 2144 2958 gesto
2193 2880 2412 2945 danda

374 2950 491 3037 sit,
561 2948 748 3011 sicuti
811 2948 1204 3012 traiecticiae
1265 2950 1571 3028 pecuniae
1635 2952 1842 3019 datur.
1954 2964 2069 3027 sed
2135 2966 2265 3032 hoc
2329 3016 2346 3031 .
2396 3016 2410 3030 .

371 3034 627 3099 Nervae
682 3035 817 3098 filio
875 3083 890 3100 .
920 3085 933 3099 .
965 3080 980 3097 .
1036 3032 1284 3096 videtur
1335 3036 1544 3099 verius
1591 3059 1667 3100 ex
1713 3052 2187 3127 compromisso
2237 3054 2410 3120 servi

369 3141 504 3186 non
552 3119 826 3184 dandam
874 3122 950 3183 de
997 3119 1245 3202 peculio
1294 3122 1642 3206 actionem,
1688 3129 1841 3209 quia
1885 3155 2005 3199 nec
2056 3141 2114 3202 si
2164 3142 2407 3208 iudicio

369 3206 830 3273 condemnetur
877 3226 1127 3287 servm,
1174 3204 1361 3267 datur
1406 3208 1473 3270 in
1521 3231 1663 3275 eum
1708 3216 1897 3282 actio.

550 3314 623 3370 cf.
651 3310 989 3373 Octavenus
1036 3312 1108 3370 D.
1138 3313 1196 3388 4,
1228 3315 1284 3386 8,
1316 3316 1415 3386 32,
1447 3318 1504 3374 8.

515 3474 543 3521 1
585 3468 738 3531 Quae
775 3456 1082 3540 sequuntur
1119 3467 1343 3537 Ulpiani
1380 3474 1524 3527 sunt.
