2575 3900
340 188 425 252 86
482 188 577 244 1Π.
606 187 759 242 GAII
787 187 1081 243 CLAUDII
1099 187 1372 244 NERON.
1395 188 1688 242 GALBAE
1707 187 1922 242 ΤΕΜΡ.
1941 186 2134 242 IURIS
2155 187 2362 243 CONS.

336 355 402 417 et
466 352 559 416 ait
621 350 902 415 dubitari
967 372 1184 435 posse,
1248 351 1401 435 quia
1463 351 1710 416 nullum
1774 351 2109 435 negotium
2175 355 2363 414 tuum

334 444 593 526 gestum
648 445 773 526 est,
836 462 980 504 eum
1037 440 1293 505 debitor
1345 444 1494 503 tuus
1551 461 1682 505 non
1736 440 1948 504 fuerit.
2047 439 2153 505 sed
2203 443 2362 504 rati-

334 529 564 594 habitio
574 578 589 609 ,
645 529 883 612 inquit,
934 529 1079 610 feeit
1130 533 1308 594 tuam
1360 531 1694 611 nepotiani,
1750 533 1808 592 et
1847 530 2007 593 sieut
2049 530 2106 593 ei
2150 549 2195 592 a
2239 549 2360 611 quo

334 623 617 683 exactum
683 623 771 682 est
840 619 1131 683 adversus
1190 638 1331 682 eum
1389 619 1577 682 datur
1639 619 1913 699 repetitio
1972 619 2082 699 qui
2144 621 2362 681 ratum

334 706 572 792 habuit,
628 707 721 771 ita
773 711 831 772 et
881 708 1007 789 ipsi
1060 706 1286 771 debebit
1329 712 1472 788 post
1522 706 2024 771 ratihabitionem
2067 708 2364 772 adversus

336 817 434 860 me
486 801 810 878 competere
863 797 1037 860 aetio.
1126 797 1216 860 sio
1268 795 1625 860 ratihabitio
1669 797 1992 861 constituet
2036 801 2215 859 tuum
2257 815 2361 860 ne-

329 886 588 968 fficium,
641 886 803 966 quod
843 884 920 949 ab
965 885 1143 948 initio
1190 890 1366 949 tuum
1407 905 1535 949 non
1579 890 1738 967 erat,
1793 886 1899 948 sed
1943 890 2054 948 tua
2098 889 2362 950 oontem-

328 974 607 1057 platione
644 978 895 1056 yestum.

511 1061 569 1128 8.
615 1061 777 1127 Ibid.
812 1063 853 1141 ξ
886 1061 985 1126 12.
1024 1097 1108 1110 --
1145 1059 1325 1125 Idem
1373 1062 1484 1146 ait,
1532 1062 1586 1125 si
1624 1061 1778 1126 Titii
1822 1061 2205 1145 debitorem,
2251 1061 2355 1125 eui

332 1154 396 1213 te
435 1149 733 1215 heredem
772 1150 1099 1234 putabam,
1135 1172 1280 1214 eum
1320 1156 1490 1215 esset
1529 1148 1710 1215 Seius
1748 1151 1952 1233 heres,
1987 1171 2353 1215 convenero

337 1239 631 1303 similiter
695 1243 761 1302 et
826 1259 1122 1323 exegerO,
1190 1261 1341 1304 mox
1403 1242 1477 1302 tu
1540 1243 1756 1303 ratum
1822 1239 2152 1320 habueris,
2222 1260 2362 1303 esse

335 1327 497 1392 mihi
535 1327 839 1392 adversus
877 1332 943 1392 te
981 1332 1047 1392 et
1081 1326 1207 1391 tibi
1244 1330 1536 1392 mutuam
1574 1328 1984 1412 negotiorum
2023 1333 2371 1412 gestorum

336 1417 673 1481 actionem.
765 1417 990 1501 atquin
1036 1415 1315 1480 alienum
1365 1416 1698 1501 negotium
1745 1421 2001 1500 gestum
2049 1421 2171 1502 est3
2251 1416 2361 1480 sed

333 1505 710 1569 ratihabitio
777 1506 898 1570 hoe
962 1505 1294 1587 conciliat,
1359 1527 1524 1590 quae
1589 1527 1690 1569 res
1753 1505 1979 1588 efficit,
2044 1512 2122 1571 ut
2177 1510 2360 1570 tuum

333 1595 667 1678 negotium
706 1601 960 1677 gestum
998 1594 1291 1658 videatur
1327 1600 1394 1656 et
1432 1616 1470 1658 a.
1509 1597 1573 1658 te
1611 1593 1934 1658 hereditas
1964 1596 2103 1676 peti
2132 1594 2358 1677 possit.

510 1683 569 1746 9.
634 1681 796 1747 Ibid.
850 1685 889 1763 ἓ
930 1683 1025 1748 13.
1100 1719 1172 1730 -
1246 1683 1411 1764 Quid
1467 1703 1631 1766 erqo,
1699 1683 1910 1766 inquit
1965 1682 2227 1764 Pedius,
2283 1683 2364 1763 si,

330 1792 469 1836 cum
523 1776 576 1835 te
626 1770 897 1836 heredem
938 1776 1255 1856 putarem,
1309 1772 1580 1836 insulam
1629 1772 1859 1851 fulsero
1913 1771 2352 1836 hereditariam

333 1865 512 1942 tuque
564 1865 774 1924 ratum
826 1859 1136 1944 habueris,
1202 1882 1288 1925 an
1351 1862 1436 1925 sit
1485 1860 1643 1924 mihi
1695 1861 1988 1925 adversus
2045 1867 2100 1925 te
2153 1857 2358 1925 aetio?

335 1951 444 2019 sed
492 1970 625 2014 non
670 1950 810 2014 fore
855 1950 966 2031 ait,
1012 1972 1157 2015 cum
1195 1950 1319 2015 hoe
1355 1950 1530 2014 facto
1571 1972 1714 2015 meo
1753 1950 1917 2013 alter
1955 1950 2042 2013 sit
2081 1948 2358 2032 loeuple-

336 2041 513 2103 tatus
576 2042 641 2101 et
705 2038 973 2102 alterius
1036 2061 1107 2103 re
1162 2039 1304 2119 ipsa.
1360 2043 1614 2123 gestum
1670 2039 2007 2122 negotium
2067 2040 2179 2122 sit,
2244 2058 2360 2101 nee

336 2126 567 2211 possit,
613 2127 784 2211 quod
832 2125 944 2190 alii
991 2127 1383 2211 adquisitum
1432 2132 1531 2191 est
1575 2127 1718 2210 ipso
1762 2131 1968 2211 gestu,
2014 2126 2139 2194 hoe
2177 2134 2360 2191 tuum

338 2216 673 2301 negotium
721 2214 940 2279 videri.

1132 2352 1351 2413 Liber
1398 2352 1562 2413 VIII.

869 2460 1026 2531 Quod
1061 2466 1232 2517 metus
1265 2476 1436 2515 eausa
1471 2467 1677 2530 gestum
1713 2462 1831 2517 erit.

514 2573 615 2637 10.
680 2569 757 2635 D.
804 2571 866 2652 4,
912 2572 971 2648 2,
1013 2572 1161 2653 7pr.
1252 2568 1572 2653 Ulpianus
1641 2570 1808 2635 libro
1875 2568 2215 2634 undecimo
2281 2564 2361 2630 ad

337 2660 613 2725 edictum
654 2660 751 2745 (P.
780 2657 989 2746 37112).
1024 2696 1100 2707 -
1133 2659 1270 2725 Nee
1309 2661 1608 2725 timorem
1645 2658 1956 2723 infamiae
1993 2657 2120 2723 hoc
2154 2655 2358 2720 edicto

340 2750 658 2814 contineri
703 2748 937 2813 Pedius
995 2748 1150 2814 dicit
1206 2749 1376 2812 libro
1429 2749 1708 2831 septimo
1758 2745 2013 2831 (immoz
2082 2739 2356 2824 octavo),

335 2857 542 2920 neque
607 2836 877 2899 alieuius
943 2836 1301 2901 vexationis
1365 2838 1664 2901 timorem
1728 2858 1844 2919 per
1900 2836 2024 2901 hoe
2081 2834 2358 2898 edictum

337 2925 608 2988 restitui.
719 2922 1017 3007 [proinde
1092 2927 1148 2987 si
1224 2926 1366 3007 quis
1430 2925 1847 2989 meticulosus
1912 2946 2048 2989 rem
2114 2920 2356 2986 nullam

338 3012 579 3076 frustra
649 3011 965 3093 timuerit,
1037 3034 1153 3095 per
1223 3012 1348 3076 hoe
1420 3012 1696 3077 edietum
1769 3036 1901 3079 non
1973 3008 2356 3087 restituitur,

338 3101 643 3184 quoniam
688 3122 893 3185 neque
941 3101 1001 3163 vi
1048 3122 1252 3184 neque
1301 3105 1510 3165 metus
1558 3122 1753 3166 eausa
1799 3102 2041 3167 factum
2090 3097 2232 3177 est.]

520 3189 621 3255 11.
675 3187 752 3252 D.
788 3190 851 3273 4,
889 3192 948 3263 2,
989 3191 1091 3273 14,
1128 3188 1188 3255 5.
1279 3188 1600 3273 Ulpianus
1658 3189 1827 3256 libro
1883 3189 2219 3255 undecimo
2276 3179 2355 3280 ad

338 3277 623 3343 edietum
686 3275 787 3363 (P.
834 3276 1010 3364 377).
1072 3315 1148 3327 -
1212 3277 1443 3345 Pedius
1493 3329 1560 3344 ..
1609 3280 1773 3345 libro
1841 3283 2070 3345 octavo
2137 3270 2356 3339 scribit

339 3366 680 3432 arbitrium
734 3366 962 3433 iudicis
1017 3367 1085 3432 in
1131 3368 1528 3433 restituenda
1576 3391 1644 3433 re
1689 3369 1823 3434 tale
1869 3388 2036 3451 esse,
2093 3369 2167 3428 ut
2211 3376 2354 3423 eum

336 3456 596 3541 quidem
644 3457 755 3542 qui
800 3457 930 3521 vim
976 3456 1242 3522 admisit
1286 3458 1509 3523 iubeat
1555 3457 1922 3539 restituere,
1979 3449 2229 3521 etiamsi
2272 3441 2353 3545 qd

336 3546 537 3611 alium
601 3568 704 3611 res
767 3546 1092 3631 pervenit3
1157 3569 1304 3611 eum
1369 3551 1584 3611 autem
1650 3547 1728 3610 ad
1795 3566 1985 3630 quem
2045 3534 2353 3624 pervenit,
