2575 3900
491 272 559 325 II.
597 271 1076 327 INCERTORUM
1113 269 1566 328 SENTENTIAE
1604 271 1696 326 ET
1730 271 1940 326 LIBRI.
2092 273 2223 336 545

394 437 494 499 71.
552 433 627 499 D.
660 435 769 518 18,
801 436 866 516 1,
895 435 1006 517 66,
1039 436 1094 499 1.
1177 433 1570 518 Pomponius
1624 435 1791 500 libro
1838 435 2221 520 trigensimo

212 524 421 608 primo
479 523 561 588 ad
608 522 914 600 Quintum
959 521 1262 588 Mucium.
1306 560 1383 570 --
1436 523 1505 589 Si
1549 521 1707 606 qua¹
1755 524 2028 589 servitus
2076 546 2223 589 ven·

209 612 366 677 ditis
410 611 691 696 praediis
739 611 1076 676 deberetur
1121 634 1237 677 nec
1274 612 1876 677 commemoraverit
1912 613 2226 695 venditor,

213 701 325 765 sed
389 702 598 765 sciens
665 722 803 764 esse
859 699 1187 765 reticuerit
1242 704 1310 764 et
1364 701 1447 766 ob
1501 700 1568 764 id
1624 723 1737 784 per
1791 700 2227 786 ignorantiam

207 790 305 854 rei
352 793 606 873 emptor
650 810 783 854 non
823 789 1063 854 utendo
1109 811 1222 870 per
1265 785 1617 854 biennium²
1661 811 1801 853 eam
1849 790 2227 854 servitutem

210 878 519 961 amiserit,
556 877 814 962 quidam
848 926 863 941 .
891 927 906 943 .
943 881 1176 960 putant
1211 877 1609 942 venditorem
1646 878 1853 942 teneri
1889 899 1969 942 ex
2005 883 2225 961 empto

211 966 297 1031 ob
346 967 581 1032 dolum.

396 1056 495 1120 72.
551 1053 631 1119 D.
660 1055 764 1136 21,
792 1055 851 1136 2,
881 1054 986 1134 69,
1015 1055 1074 1119 3.
1147 1052 1456 1119 Scaevola
1498 1054 1666 1119 libro
1707 1055 1980 1120 secundo
2020 1054 2227 1132 Quae-

209 1144 517 1208 stionum.
588 1180 661 1192 -
734 1142 900 1220 Quid
956 1193 972 1209 .
1020 1193 1060 1228 .,
1124 1143 1237 1228 qui
1299 1143 1545 1208 iussum
1608 1143 1827 1208 decem
1878 1143 2029 1208 dare
2082 1166 2228 1227 pro·

212 1233 472 1297 nuntiat
543 1231 777 1318 viginti
842 1231 992 1296 dare
1050 1232 1307 1315 debere,
1370 1252 1587 1296 nonne
1649 1233 1718 1296 in
1784 1232 2224 1298 condicionem

213 1321 564 1385 mentitur?
614 1369 630 1385 .
658 1370 673 1385 .
701 1371 716 1384 .
755 1320 1012 1405 quidam
1052 1320 1585 1385 existimaverunt
1619 1321 1743 1386 hoc
1780 1342 2031 1406 quoque
2070 1343 2224 1386 casu

208 1405 671 1475 auctoritatem-'³
717 1409 1029 1474 contrahi.

905 1573 999 1632 De
1042 1573 1258 1632 ancilla
1301 1575 1549 1632 vendita.

397 1684 499 1747 73.
537 1683 616 1748 D.
642 1683 740 1766 18,
761 1684 820 1763 7,
840 1683 880 1746 6
891 1705 983 1766 pr.
1027 1680 1207 1746 Idem
1237 1681 1355 1764 (sc.
1374 1680 1792 1766 Papinianus)
1821 1683 1990 1748 libro
2017 1684 2227 1749 vicen·

212 1772 381 1854 simo
429 1772 705 1855 septimo
745 1770 1230 1848 Quaestionum.
1262 1806 1339 1816 —
1384 1768 1453 1834 Si
1492 1771 1782 1837 venditor
1819 1773 1900 1836 ab
1938 1778 2228 1856 emptore
2318 1839 2323 1844 ,

215 1861 478 1943 caverit,
523 1882 602 1924 ne
650 1881 836 1925 serva
878 1859 1436 1924 manumitteretur
1472 1881 1632 1925 neve
1668 1861 2119 1945 prostituatur,
2166 1866 2234 1927 et

213 1951 432 2035 aliquo
487 1948 662 2015 facto
719 1954 945 2014 contra
999 1971 1190 2033 quam
1243 1946 1457 2013 fuerat
1512 1953 1846 2033 exceptum
1903 1950 2234 2017 evincatur

217 2043 332 2104 aut
392 2038 597 2103 libera
654 2038 993 2121 iudicetur,
1049 2041 1114 2102 ct
1177 2058 1253 2103 ex
1318 2038 1631 2122 stipulatu
1686 2060 1894 2121 poena
1955 2043 2235 2124 petatur,

214 2128 350 2192 doli
396 2128 836 2212 exceptionem
884 2127 1143 2212 quidam
1191 2127 1594 2192 obstaturam
1640 2131 1886 2211 putant.

393 2241 464 2297 cf.
511 2239 592 2316 II,
634 2243 666 2296 1
715 2259 770 2313 p.
801 2240 948 2297 491.

405 2418 499 2474 De
544 2417 820 2489 emptione
864 2416 1182 2474 venditione
1225 2416 1313 2473 vel
1358 2416 1633 2473 locatione
1677 2417 2054 2475 conductione.

401 2534 500 2597 74.
540 2532 678 2597 Gai.
702 2534 761 2616 3,
783 2532 927 2597 147.
963 2569 1038 2579 -
1071 2579 1087 2596 .
1109 2581 1122 2595 .
1153 2536 1495 2615 quaeritur,
1528 2532 1584 2597 si
1613 2553 1755 2596 cum
1786 2533 2043 2597 aurifice
2075 2533 2232 2598 mihi

219 2621 612 2703 convenerit,
660 2627 732 2686 ut
777 2622 834 2685 is
883 2642 959 2685 ex
1003 2642 1160 2685 auro
1211 2642 1325 2685 suo
1364 2621 1522 2685 certi
1559 2620 1858 2703 ponderis
1897 2626 2233 2705 certaeque

218 2712 465 2775 formae
514 2712 740 2774 anulos
788 2710 946 2774 mihi
991 2710 1260 2793 faceret,
1314 2714 1381 2774 et
1425 2708 1741 2792 acceperit
1797 2709 1975 2773 verbi
2021 2711 2236 2794 gratia

218 2799 518 2863 denarios
568 2796 698 2882 OC,
753 2804 966 2863 utrum
1025 2798 1264 2881 emptio
1322 2803 1386 2861 et
1430 2797 1711 2862 venditio
1759 2820 1841 2861 an
1887 2798 2121 2863 locatio
2170 2806 2238 2864 et

218 2888 561 2953 conductio
600 2887 1038 2952 contrahatur.
1095 2936 1110 2951 .
1131 2936 1146 2952 .
1167 2934 1182 2949 .
1217 2887 1537 2971 plerisque
1570 2886 1814 2971 placuit
1842 2887 2236 2969 emptionem

218 2983 288 3041 et
334 2976 763 3042 venditionem
810 2976 1125 3041 contrahi.

942 3134 1042 3201 De
1084 3136 1522 3202 communione.

404 3251 505 3317 75.
559 3251 638 3316 D.
675 3252 788 3329 43,
827 3252 945 3335 20,
982 3253 1043 3315 4.
1133 3249 1422 3315 Iulianus
1478 3249 1642 3313 libro
1698 3248 2233 3334 quadragensimo

223 3341 432 3424 primo
487 3340 927 3424 Digestorum.
986 3377 1066 3385 —
1124 3388 1137 3402 .
1169 3388 1184 3403 .
1212 3389 1226 3403 .
1277 3338 1446 3402 inter
1512 3359 1647 3421 ece,
1710 3338 1793 3402 ad
1856 3360 2015 3423 quos
2081 3359 2235 3401 usus

406 3503 433 3548 1
479 3496 574 3549 Fz.
612 3513 752 3549 cum.

409 3571 440 3617 2
480 3565 633 3620 Trib.
667 3568 938 3620 statutum
973 3568 1209 3635 tempus.

409 3640 440 3687 3
483 3636 632 3690 Trib.
671 3635 964 3691 evictionis
1002 3636 1436 3706 stipulationem.

333 3734 528 3783 Iurispr.
558 3734 792 3775 antehadr.
820 3734 918 3775 rell.
947 3734 1016 3775 ed.
1044 3735 1238 3777 Bremer.
1280 3735 1344 3787 11,
1364 3738 1401 3775 2.
1748 3730 1813 3777 35
