2575 3900
801 202 850 251 6.
896 193 1316 252 IAVOLENUS
1357 193 1653 252 PRISCUS
2110 198 2238 261 395

199 364 460 445 legionis
506 366 757 441 quartae
795 364 1042 425 Flaviae
1090 357 1157 448 (i.
1188 385 1236 425 e.
1274 365 1339 423 in
1374 359 1645 448 Moesia),
1692 366 1933 443 legatus
1979 366 2236 443 legionis

201 455 425 515 tertiae
473 453 785 531 Augustae
834 445 900 534 (i.
941 474 990 515 e.
1027 454 1090 512 in
1127 448 1381 532 Africa),
1426 454 1665 532 legatus
1711 454 1975 533 Augusti
2021 474 2107 529 pr.
2147 475 2236 531 pr.

200 535 535 625 (exercitus
572 535 871 624 Africani)
919 562 970 602 a.
1004 545 1104 619 83,
1151 543 1437 617 iuridicus
1482 544 1823 619 provinciae
1866 544 2237 617 Britanniae,

199 633 414 693 consul
463 632 592 691 suff.
643 632 784 691 anni
834 632 1080 709 incerti,
1123 632 1328 707 paullo
1374 635 1512 708 post
1559 651 1612 693 a.
1643 635 1724 693 83
1772 634 1949 710 put0,
1996 633 2237 707 legatus

199 721 536 783 consularis
581 720 921 796 provinciae
972 719 1329 781 Germaniae
1377 722 1701 796 superioris
1748 740 1797 782 a.
1832 724 1941 796 90,
2000 721 2237 799 legatus

203 809 534 871 consularis
593 808 828 885 Syriae,
881 810 1200 884 proconsul
1250 810 1589 885 provinciae
1635 810 1899 882 Africae,
1964 810 2257 885 pontifex·

199 918 254 959 a.
301 901 424 959 106
481 898 578 958 vel
628 900 751 958 107
811 891 972 979 (CIL
1019 897 1138 971 ΠΙ,
1180 899 1350 960 2864
1406 918 1541 958 cum
1598 900 1881 959 addendis
1932 920 1992 975 p.
2046 900 2239 959 1062.

201 988 453 1063 Ephem.
519 986 705 1064 epigr.
763 981 842 1065 V,
893 989 1016 1048 652
1035 979 1176 1069 sq.),
1252 981 1525 1048 ‘interest
1596 989 1832 1067 officiiS,
1906 988 1981 1047 ad
1995 988 2239 1047 hibetur

200 1070 512 1154 consiliis',
563 1076 851 1135 Passenni
887 1076 1112 1150 Paulli,
1171 1077 1466 1151 splendidi
1514 1078 1729 1154 equitis
1767 1078 2021 1137 Romani
2068 1081 2129 1136 et
2171 1078 2234 1135 in

202 1164 416 1241 primis
473 1164 722 1238 eruditi,
780 1164 1178 1225 amicissimus
1234 1158 1418 1244 (Plin.
1460 1184 1547 1241 ep.
1582 1156 1809 1248 6,1'5),
1864 1186 1983 1225 non
2037 1166 2234 1241 Plinii,

201 1257 275 1313 ut
335 1254 599 1331 videtur,
664 1253 768 1331 qui
828 1272 966 1312 eum
1033 1247 1270 1313 ‘dubiae
1340 1249 1639 1315 sanitatis'
1708 1274 1837 1315 esse
1891 1248 2233 1314 iudicavit.1

200 1342 397 1402 Iulius
445 1341 822 1419 Capitolinus
867 1343 1212 1403 Iavolenum
1265 1343 1364 1402 vel
1409 1342 1472 1401 in
1518 1343 1808 1403 Antonini
1847 1343 1941 1401 Pii
1986 1343 2232 1403 consilio

200 1431 391 1490 fuisse
454 1432 640 1491 tradit
704 1423 874 1511 (Ant.
932 1431 998 1492 P.
1056 1451 1102 1491 c.
1155 1432 1234 1489 12
1309 1426 1592 1508 ‘ususque
1660 1435 1752 1491 est
1812 1432 1962 1491 iuris
2019 1431 2232 1508 peritis

199 1518 423 1579 Vindio
460 1519 639 1597 Vere,
687 1518 887 1580 Salvio
936 1510 1251 1601 (Fulvio‘e)
1293 1520 1576 1593 Valente,
1616 1520 1863 1579 Volusio
1903 1521 2231 1599 Maeciam,

199 1608 463 1755 Ulpiaplp
478 1608 782 1756 bMarcello
831 1612 892 1668 et
927 1602 1303 1755 Iiavoleno')1‚1
1328 1610 1538 1755 eriroril
1552 1607 1945 1756 tribuelrgtkilunli³
1972 1609 2228 1669 videtur.

457 1699 478 1755 i
521 1701 685 1757 ertus
739 1701 811 1757 ut
863 1717 947 1774 pu
980 1716 1012 1755 ο
1070 1697 1200 1757 eius
1309 1742 1323 1756 .
1402 1716 1513 1759 avo
1542 1716 1687 1757 enus
1835 1717 1904 1757 oe
1949 1716 2017 1757 us
2072 1699 2233 1757 inter

199 1786 500 1847 calatores
565 1785 914 1861 pontificum
977 1789 1038 1845 et
1092 1786 1400 1845 flaminum
1458 1805 1510 1845 a.
1553 1788 1676 1846 102
1734 1786 1847 1863 VI,
1888 1789 2087 1863 2184,
2130 1790 2230 1847 10.

203 1877 398 1952 2185,
429 1877 484 1935 8.
569 1894 640 1934 ex
683 1875 914 1935 familia
960 1875 1090 1935 eius
1137 1875 1421 1935 videntur
1466 1874 1533 1937 L.
1570 1875 1838 1935 Iavoleni
1875 1876 1979 1953 VI,
2013 1877 2227 1936 19663

205 1967 529 2025 -19665,
581 1966 812 2026 19667.
860 1965 1018 2042 XIV,
1050 1960 1264 2025 2546'.
1356 1967 1709 2043 Prosopogr.
1754 1965 1817 2024 II
1862 1986 1918 2040 p.
1948 1967 2094 2024 439.

381 2052 517 2113 Gaii
554 2052 744 2112 Cassii
790 2053 1046 2113 fortasse
1083 2054 1329 2114 auditor
1366 2045 1468 2132 (cf.
1510 2055 1583 2113 D.
1614 2057 1717 2128 42,
1748 2057 1805 2130 5,
1837 2047 1972 2131 28),
2017 2057 2231 2129 postea

199 2143 440 2202 scholae
481 2141 841 2201 Sabinianae
880 2143 1160 2219 princeps
1198 2144 1485 2203 successit
1522 2142 1723 2202 Caelio
1764 2143 1986 2204 Sabino
2025 2134 2227 2224 (Pom-

198 2231 417 2308 ponius
434 2228 473 2306 ἓ
493 2223 624 2311 53).
653 2249 773 2290 non
791 2231 967 2291 modo
985 2232 1081 2290 ius
1101 2231 1275 2293 civile
1296 2231 1533 2308 publice
1548 2232 1857 2308 respondit
1870 2224 2053 2313 (Plin.
2071 2233 2111 2292 1.
2133 2224 2228 2313 c.),

200 2321 307 2379 sed
345 2321 527 2379 etiam
564 2319 736 2378 libris
775 2320 1098 2379 scribendis
1137 2339 1379 2397 operam
1410 2321 1590 2380 dedit.
1664 2320 1997 2396 composuit
2025 2322 2227 2380 autem

197 2427 276 2468 ex
330 2409 624 2470 Labeonis
679 2407 848 2468 libris
902 2408 1333 2484 posterioribus
1390 2409 1470 2486 X,
1526 2429 1595 2469 ex
1648 2408 1782 2469 Gaii
1832 2407 2023 2468 Cassii
2076 2409 2227 2468 iuris

350 2583 376 2630 1
425 2576 480 2632 C.
519 2576 734 2632 Plinius
771 2577 1023 2632 Romano
1072 2594 1174 2632 suo
1219 2594 1261 2632 s.
1302 2576 1569 2631 Mirificae
1614 2577 1695 2631 rei
1740 2594 1853 2632 non
1893 2577 2223 2644 interfuisti3

199 2663 272 2703 ne
329 2663 434 2716 ego
489 2649 740 2717 quidem,
797 2647 895 2704 sed
948 2664 1038 2702 me
1093 2664 1284 2702 recens
1342 2647 1537 2702 fabula
1592 2648 1828 2718 excepit.
1909 2647 2224 2703 Passennus

198 2717 434 2773 Paullus
465 2760 511 2775 ..
533 2761 547 2775 .
577 2719 772 2776 scribit
807 2721 997 2790 elegos
1026 2761 1040 2774 .
1065 2761 1078 2776 .
1102 2761 1114 2774 .
1143 2718 1192 2772 is
1231 2736 1358 2774 cum
1395 2719 1673 2786 recitaret,
1711 2718 1795 2774 ita
1822 2718 2011 2788 coepit
2039 2717 2223 2773 dicere

201 2789 438 2858 ‘Pr-isco,
484 2789 686 2846 iubes'.
761 2791 832 2845 ad
873 2795 986 2846 hoc
1041 2789 1337 2845 Iavolenus
1384 2789 1605 2844 Priscus
1662 2789 1882 2860 (aderat
1939 2790 2111 2858 enim,
2158 2790 2225 2843 ut

197 2859 397 2916 Paullo
449 2862 841 2931 amicissimus)
898 2862 1026 2932 ‘ego
1071 2878 1203 2917 vero
1248 2879 1362 2917 non
1408 2859 1616 2917 iubso'.
1704 2862 1893 2931 cogita
1938 2859 2035 2929 qui
2078 2860 2223 2916 risus

199 2932 516 3000 hominum,
553 2933 650 3001 qui
686 2933 810 2988 ioci.

343 3003 502 3070 Quod
539 3004 752 3058 Plinius
790 3002 975 3059 addit:
1017 3003 1141 3059 ‘Est
1178 3003 1408 3058 omnino
1448 3004 1665 3058 Priscus
1705 3003 1909 3059 dubiae
1946 3003 2222 3072 sanitatis,

198 3073 433 3129 interest
467 3077 653 3129 tamen
694 3075 892 3129 officiis
923 3116 936 3129 .
968 3118 980 3131 .
1015 3115 1051 3143 .‚
1099 3092 1209 3144 quo
1246 3073 1428 3140 magis
1466 3075 1617 3143 quod
1652 3078 1787 3130 tunc
1824 3075 1962 3130 fecit
1998 3078 2056 3130 et
2091 3074 2223 3128 ridi·

195 3145 386 3200 culum
443 3149 500 3201 et
553 3145 804 3200 notabile
858 3145 982 3202 fuit.
1064 3145 1289 3201 interim
1336 3145 1533 3201 Paullo
1589 3146 1777 3202 aliena
1820 3146 2076 3200 deliratio
2123 3142 2223 3198 ali·

197 3217 655 3343 &slaffltmflofffl
658 3220 733 3343 1ἓί
760 3215 1008 3342 stiffi
1039 3218 1164 3342 3⁵:33
1189 3217 1675 3343 ἓὲἒῗὲῗὲιῖἓὲἇῖῗὲ
1678 3216 2224 3343 233022’312‘31‘3233‘3

197 3358 383 3413 minus
421 3357 625 3413 dubiae
664 3306 1119 3414 sanitatispillum
1155 3357 1327 3414 fuisse
1364 3361 1659 3428 probatur,
1697 3375 1867 3428 quam
1901 3357 2070 3412 illud=
2108 3327 2222 3410 Pli-¹

199 3430 357 3483 nium
410 3427 627 3484 homini
681 3429 1072 3484 iurisconsulto
1128 3429 1303 3485 verba
1354 3431 1446 3484 vel
1491 3429 1691 3484 alienis
1737 3431 1903 3485 rebus
1951 3428 2221 3484 distracto

196 3500 391 3627 elapsa
430 3499 521 3555 vel
559 3499 832 3569 consulto,
873 3499 970 3554 sed
1006 3497 1119 3554 ioci
1155 3515 1327 3554 causa
1362 3499 1538 3554 effusa
1566 3500 1703 3555 satis
1729 3501 1976 3568 maligne
2004 3497 2222 3552 crimini

193 3588 265 3627 ve
325 3586 447 3626 isse.
