2575 3900
390 249 457 306 V.
499 249 694 316 QUOD
737 250 1071 306 ‘DICITUR'
1112 250 1255 305 VEL
1298 249 1567 306 ‘VULGO
1602 249 1940 306 DICITUR’.
2052 250 2181 314 591

871 422 971 488 De
1016 423 1138 506 leye
1181 423 1462 504 Aquilia.
1534 415 1537 420 ’

340 546 439 610 10.
487 546 564 611 D.
612 547 672 630 9,
717 548 779 630 2,
835 547 916 612 51
975 569 1070 631 pr.
1157 545 1449 611 Iulianus
1504 547 1673 612 libro
1740 547 2183 630 octogensimo

153 637 340 700 sexto
403 633 837 720 Digestorum.
904 673 982 682 —
1035 682 1052 699 .
1085 684 1142 701 ..
1201 635 1511 701 occidisse
1567 636 1761 701 dicito
1818 636 2011 721 vulgo
2077 687 2091 701 .

155 724 268 806 qui
311 725 539 788 mortis
577 746 838 788 causam
885 724 1175 808 quolibet
1215 723 1407 789 modo
1444 725 1759 808 praebuit.

342 813 444 876 11.
490 811 569 877 D.
599 813 658 893 9,
689 814 749 895 2,
778 814 930 896 8pr.
1005 799 1206 877 Gaius
1253 813 1421 878 libro
1461 813 1737 898 septimo
1785 813 1865 877 ad
1903 813 2185 878 edictum

153 901 574 983 provinciale.
641 937 716 947 —-
781 901 1134 965 Mulionem
1180 952 1196 967 .
1226 951 1240 966 .
1270 952 1286 984 ,
1343 902 1397 965 si
1448 924 1565 986 per
1618 901 2009 987 imperitiam
2066 903 2187 966 im-

153 992 383 1072 petum
430 989 750 1055 mularum
796 990 1070 1055 retinere
1115 1012 1245 1055 non
1289 991 1593 1076 potuerit,
1643 991 1699 1056 si
1745 1013 1856 1054 eae
1904 991 2186 1055 alienum

154 1078 488 1142 hominem
559 1078 970 1164 obtriverint,
1041 1079 1241 1162 vulgo
1318 1078 1551 1145 dicitur
1627 1080 1852 1164 culpae
1924 1080 2185 1144 nomine

154 1167 382 1232 teneri.
455 1166 626 1231 idem
673 1167 922 1250 dicitur,
969 1171 1036 1232 et
1083 1168 1137 1232 si
1182 1170 1451 1251 propter
1497 1168 1942 1232 infirmitatem
1996 1168 2185 1232 susti-

155 1277 311 1319 nere
359 1255 678 1320 mularum
726 1257 1036 1339 impetum
1081 1278 1212 1321 non
1258 1257 1559 1340 potuerit.
1622 1283 1627 1288 ·

2123 686 2187 721 ‘7

911 1432 1012 1498 De
1049 1433 1431 1498 condictione.

344 1549 440 1611 12.
496 1546 575 1612 D.
639 1548 737 1625 14,
794 1549 852 1631 6,
899 1548 960 1611 4.
1051 1545 1361 1612 Scaevola
1423 1548 1591 1612 libro
1650 1502 1928 1612 secundo
1987 1546 2188 1623 Quae-

159 1635 464 1700 stionum.
511 1673 599 1683 —
645 1685 660 1700 .
689 1686 704 1701 .
737 1685 753 1700 .
796 1636 992 1721 vulgo
1042 1635 1277 1701 dicitur
1323 1636 1458 1700 filio
1506 1635 1787 1700 familias
1835 1635 2006 1701 credi
2053 1658 2188 1701 non

161 1723 374 1788 licere.

731 1812 832 1879 Dc
873 1813 1190 1878 verborum
1234 1811 1614 1896 obliyatione.

343 1929 441 1993 13.
491 1927 567 1995 D.
619 1929 676 2012 7,
727 1930 782 2013 1,
827 1928 934 2014 25,
971 1929 1027 1995 6.
1093 1927 1415 2016 Ulpianus
1453 1928 1621 1994 libro
1661 1933 1891 1995 octavo
1940 1928 2189 1995 decimo

157 2017 241 2081 ad
279 2016 607 2083 Sabinum.
657 2056 740 2065 --
780 2068 794 2082 .
826 2071 838 2083 .
876 2019 943 2083 in
982 2019 1230 2084 duobus
1268 2020 1478 2084 bonae
1514 2018 1664 2084 fidei
1701 2018 2186 2105 possessoribus

159 2108 285 2171 hoc
350 2158 362 2171 .
403 2156 416 2171 .
474 2107 643 2193 apud
700 2106 1079 2173 Scaevolum
1147 2108 1463 2193 agitatum
1521 2160 1535 2173 .
1575 2159 1589 2173 .
1626 2157 1641 2173 .
1705 2112 1770 2172 et
1834 2108 1925 2173 ait
1987 2108 2191 2193 volgo

163 2195 478 2261 creditum
523 2198 964 2281 rationemque
1009 2198 1146 2261 hoc‘
1178 2196 1407 2280 facere,
1452 2200 1527 2261 ut
1572 2196 1627 2261 si
1676 2219 1753 2261 ex
1800 2219 1867 2261 re
1920 2196 2189 2261 alterius

162 2283 508 2367 stipuletur
545 2291 659 2370 (sc.
690 2282 959 2371 servus),
996 2289 1242 2365 partem
1281 2286 1339 2349 ei
1377 2286 1716 2349 dumtaxat
1753 2286 1994 2370 quaeri,
2036 2307 2188 2370 par-

160 2376 296 2435 tem
343 2372 621 2437 domino.

340 2466 413 2527 ef.
459 2466 529 2527 D.
575 2468 679 2542 41,
728 2470 784 2542 1,
835 2469 936 2546 23,
983 2468 1042 2526 3.

344 2548 443 2613 14.
488 2547 568 2613 D.
614 2549 721 2633 46,
774 2553 827 2633 1,
876 2549 979 2633 70,
1025 2549 1083 2615 5.
1175 2548 1375 2614 Graius
1422 2549 1589 2615 libro
1643 2548 1853 2631 primo
1901 2550 1980 2614 de
2024 2548 2187 2614 Ver-

162 2638 394 2700 borum
442 2637 984 2722 obligationibus.
1037 2675 1112 2686 -
1164 2686 1179 2701 .
1217 2686 1233 2702 .
1279 2637 1474 2722 volgo
1532 2637 1774 2702 dictum
1806 2641 1931 2702 est
1992 2639 2184 2701 male-

143 2726 455 2790 ·ficiorum
500 2725 943 2792 fideiussorem
989 2727 1194 2811 accipi
1239 2749 1370 2792 non
1417 2748 1625 2811 posse.
2146 2728 2151 2735 '

349 2814 449 2880 15.
493 2814 572 2879 D.
617 2814 725 2898 46,
771 2815 831 2899 3,
878 2815 982 2897 95,
1029 2817 1088 2880 3.
1160 2814 1342 2879 Idem
1390 2812 1501 2899 (sc.
1551 2810 1974 2901 Papinianus)
2018 2814 2187 2881 libro

166 2902 518 2968 vicensimo
580 2909 808 2969 octavo
870 2903 1348 2980 Quaestionum.
1394 2941 1483 2951 -
1528 2954 1545 2971 .
1581 2955 1597 2971 .
1653 2905 1846 2988 volgo
1907 2905 2187 2969 iactatur

165 2992 607 3057 fideiussorem
655 2993 763 3077 qui
811 2992 1087 3058 debitori
1133 2993 1318 3058 heres
1366 2994 1609 3078 extitit,
1665 3016 1741 3058 ex
1788 3015 1985 3057 causa
2030 2994 2187 3058 fide-

169 3081 473 3146 iussionis
519 3080 802 3145 liberari.

820 3222 919 3288 De
964 3224 1210 3289 iudiciis
1249 3225 1529 3306 privatis.

345 3340 446 3405 16.
511 3336 652 3403 Gai.
717 3340 778 3423 4,
846 3340 989 3403 104.
1061 3377 1134 3385 —
1374 3340 1568 3424 vulgo
1635 3340 1885 3425 dicitur,
1945 3361 1979 3403 e
2043 3340 2185 3423 lege

167 3426 332 3491 Iulia
375 3429 557 3492 litem
605 3450 772 3493 anno
821 3432 886 3493 et
933 3450 1041 3492 sex
1087 3428 1414 3493 mensibus
1461 3429 1645 3493 mori.
1774 3484 1779 3487 .

349 3515 451 3579 17.
504 3515 645 3580 Grai.
690 3517 760 3598 4,
811 3518 955 3581 114.
1001 3552 1084 3563 -
1283 3517 1480 3603 vulgo
1527 3518 1773 3602 dicitur,
1832 3516 2071 3582 Sabino
2122 3517 2190 3579 et

173 3600 395 3669 Cassio
441 3603 694 3686 placere
741 3606 956 3669 omnia
1000 3605 1237 3670 iudicia
1283 3606 1681 3671 absolutoria
1728 3628 1880 3671 esse.
