2575 3900
338 147 431 205 III.
473 146 668 212 QUAE
708 147 1209 214 QUAERUNTUR
1243 147 1389 203 VEL
1428 147 1900 203 DUBITANTUR
1936 146 2093 204 ETC.
2133 150 2261 212 571

238 310 408 394 quod
457 361 472 374 .
501 361 515 374 .
561 311 662 375 ius
699 316 917 375 utrum
965 309 1044 375 ad
1080 308 1313 375 Italica
1357 315 1610 376 tantum
1647 311 1910 395 praedia
1950 334 2033 376 an
2070 312 2266 377 etiam

240 399 321 464 ad
366 399 784 482 provincialia
829 401 1167 484 pertineat,
1214 399 1565 466 dubitatur.

1072 568 1173 634 De
1210 568 1423 649 furtis.

422 684 520 748 16.
570 681 710 747 Gai.
766 686 825 762 3,
881 684 1024 750 208.
1082 721 1155 730 -—-
1218 735 1232 749 .
1276 733 1291 747 .
1350 684 1680 749 sciendum
1744 690 1845 750 est
1900 684 2263 768 quaesitum

239 793 378 836 esse
427 794 513 834 an
559 772 834 855 inpubes
871 795 1008 836 rem
1056 773 1337 838 alienam
1376 773 1728 839 amovendo
1766 773 2011 838 furtum
2054 773 2265 838 faciat.

423 862 519 925 17.
595 859 736 926 Gai.
791 861 861 947 3,
921 862 1063 928 184.
1133 898 1208 908 —
1279 913 1293 926 .
1341 915 1353 926 .
1433 862 1691 927 illorum
1757 860 2079 926 sententia
2154 862 2263 946 qui

238 949 797 1032 existimaverunt,
846 950 1082 1016 -donec
1153 951 1472 1034 perferret
1544 972 1619 1016 eo
1694 973 1820 1035 quo
1893 951 1998 1016 fur
2073 950 2263 1015 desti·

237 1042 475 1123 nasset,
522 1038 990 1122 deprehensum
1019 1038 1260 1104 furtum
1300 1040 1715 1104 manifestum
1753 1061 1911 1123 esse,
1948 1040 2093 1105 ideo
2130 1061 2260 1104 non

236 1127 492 1192 videtur
545 1127 832 1210 probari,
893 1129 1044 1212 quia
1107 1149 1411 1213 magnam
1476 1129 1705 1213 recipit
1769 1128 2261 1203 dubitationem,

236 1220 452 1279 utrum
508 1216 698 1280 unius
756 1217 882 1282 diei
936 1239 1021 1281 an
1069 1217 1264 1281 etiam
1311 1218 1595 1302 plurium
1643 1218 1890 1283 dierum
1938 1217 2151 1301 spatio
2198 1216 2264 1282 id

237 1304 716 1370 terminandum
761 1307 865 1370 sit.

417 1394 520 1458 18.
568 1391 708 1458 Gai.
764 1395 833 1478 3,
893 1395 1035 1460 198.
1090 1431 1164 1440 —
1218 1394 1473 1460 ..illud
1521 1395 1883 1480 quaesitum
1933 1399 2057 1478 est,
2113 1417 2260 1461 cum

239 1480 452 1546 Titius
521 1503 776 1546 servum
831 1505 1046 1547 meum
1112 1483 1588 1565 sollicitaverit,
1651 1488 1725 1547 ut
1789 1482 2095 1568 quasdam
2160 1507 2263 1548 res

237 1569 399 1633 mihi
456 1570 816 1654 subriperet
869 1574 935 1635 et
990 1571 1070 1636 ad
1127 1593 1273 1636 eum
1327 1572 1653 1655 perferret,
1708 1571 1822 1654 <et
1878 1574 2143 1657 servus>
2202 1573 2267 1636 id

239 1658 318 1722 ad
393 1680 494 1722 me
566 1661 933 1743 pertulerit,
1007 1680 1155 1745 ego,
1229 1661 1382 1725 dum
1454 1661 1601 1725 volo
1667 1660 1907 1724 Titium
1978 1661 2047 1725 in
2122 1663 2265 1744 ipso

239 1744 472 1812 delicto
538 1747 1028 1833 deprehendere,
1091 1750 1493 1832 permiserim
1558 1770 1741 1814 servo
1791 1749 2101 1834 quasdam
2160 1772 2264 1815 res

237 1836 315 1900 ad
363 1857 508 1901 eum
552 1836 853 1920 perferre,
900 1840 1117 1902 utrum
1163 1838 1321 1903 furti
1360 1860 1440 1902 an
1480 1839 1647 1903 servi
1694 1839 1983 1924 corrupti
2020 1838 2261 1905 iudicio

235 1928 537 1991 teneatur
584 1924 800 1991 Titius
847 1927 1026 2010 mihi,
1074 1950 1158 1993 an
1204 1931 1451 1993 neutro,

420 2016 517 2080 19.
583 2014 662 2080 D.
725 2018 832 2100 47,
896 2018 957 2101 2,
1021 2018 1102 2082 21
1170 2040 1263 2102 pr.
1370 2015 1689 2101 Ulpianus
1754 2017 1921 2081 libro
1991 2017 2267 2102 quadra-

239 2106 529 2188 gensimo
587 2104 666 2168 ad
725 2103 1050 2170 Sabinum.
1117 2142 1202 2153 —-
1269 2104 1574 2190 Volgaris
1642 2109 1741 2170 est
1794 2105 2113 2189 quaestio,
2183 2128 2268 2169 an

235 2192 293 2256 is
340 2194 450 2277 qui
497 2216 575 2256 ex
622 2215 852 2258 acervo
899 2194 1205 2260 frumenti
1245 2195 1561 2259 modicum
1601 2195 1886 2277 sustulit,
1930 2195 2131 2259 totius
2173 2193 2265 2259 rei

236 2280 479 2345 furtum
524 2282 723 2345 faciat
771 2304 855 2345 an
906 2304 1057 2347 vero
1105 2284 1241 2347 eius
1288 2288 1540 2347 tantum
1589 2283 1756 2367 quod
1806 2283 2095 2348 abstulit.

956 2419 1056 2523 De
1101 2459 1222 2542 leye
1266 2459 1547 2541 Aquilia.

416 2580 516 2646 20.
565 2580 644 2646 D.
689 2582 796 2661 47,
847 2584 903 2666 1,
949 2584 1008 2666 2,
1057 2585 1114 2648 1.
1161 2585 1220 2649 3.
1313 2582 1492 2647 Idem
1538 2580 1651 2669 (sc.
1696 2581 2047 2669 Ulpianus)
2095 2584 2263 2649 libro

239 2670 777 2756 quadragensimo
815 2671 1008 2736 tertio
1048 2671 1127 2735 ad
1167 2672 1495 2737 Sabinum.
1554 2708 1627 2718 —
1672 2671 1798 2747 Qui
1838 2723 1851 2737 .
1880 2720 1895 2735 .
1933 2671 2263 2736 hominem

238 2759 564 2843 subripuit
609 2763 675 2824 et
722 2759 971 2845 occidit,
1016 2762 1168 2843 quia
1211 2762 1548 2846 subripuit,
1596 2761 1770 2844 furti,
1816 2760 1969 2846 quia
2015 2760 2267 2846 occidit,

236 2848 502 2933 Aquilia
548 2852 824 2932 tenetur,
868 2870 1073 2933 neque
1114 2849 1319 2915 altera
1354 2851 1585 2915 harum
1624 2852 1951 2915 actionum
1992 2850 2265 2915 alteram

237 2939 560 3003 consumit
615 2987 684 3002 ..
723 2986 742 2999 .
797 2938 1162 3023 quaesitum
1228 2943 1345 3023 est,
1410 2939 1465 3003 si
1531 2940 1860 3004 condictus
1925 2938 2123 3004 fuerit
2188 2963 2267 3005 ex

238 3049 432 3092 causa
475 3026 714 3091 furtiva
762 3048 844 3091 an
889 3026 1094 3092 nihilo
1143 3027 1357 3091 minus
1403 3029 1545 3114 lege
1583 3029 1847 3114 Aquilia
1884 3028 1994 3113 agi
2037 3031 2264 3115 possit.

985 3205 1086 3270 De
1129 3207 1518 3271 condictione.

412 3329 514 3393 21.
564 3327 702 3394 Gai.
741 3330 801 3413 2,
849 3330 952 3395 82.
1001 3366 1083 3376 -
1132 3380 1146 3393 .
1186 3380 1198 3393 .
1248 3330 1325 3392 de
1369 3330 1618 3414 pupillo
1686 3380 1699 3395 .
1738 3380 1754 3396 .
1810 3332 2137 3412 quaeritur
2182 3352 2263 3393 an

236 3417 568 3498 num<mi>
607 3439 770 3501 quos
808 3422 1064 3483 mutuos
1104 3418 1299 3501 dedit,
1339 3420 1419 3482 ab
1458 3440 1533 3481 6ο
1574 3419 1684 3504 qui
1713 3421 1977 3502 accepit,
2015 3418 2263 3483 actione

239 3525 347 3567 eos
393 3506 689 3587 persequi
736 3508 961 3591 possit,
1010 3508 1315 3591 quoniam
1832 3511 2065 3593 potest.
