2575 3900
310 198 441 263 248
490 198 585 253 IV.
615 196 1049 253 VESPASIANI
1076 194 1222 251 ΤΙΤΙ
1249 194 1643 252 DOMITIANI
1669 194 1888 251 ΤΕΜΡ.
1915 195 2108 251 IURIS
2137 196 2340 252 CONS.

310 360 613 427 bacchari
642 361 882 425 soleret
910 364 980 425 et
1006 361 1195 445 quasi
1222 360 1484 425 demens
1512 381 1826 445 responsa
1852 359 2052 444 daret,
2084 360 2345 425 etiamsi

309 472 425 536 per
482 449 804 515 luxuriam
856 448 925 517 id
980 449 1224 515 factum
1281 453 1406 532 est,
1459 450 1692 515 vitium
1735 452 1959 515 tamen
2004 470 2173 533 esse,
2229 449 2344 513 sed

310 539 545 604 vitium
608 537 837 622 animi,
909 559 1043 604 non
1104 538 1423 622 corporis,
1485 537 1756 622 ideoque
1821 536 2147 603 redhiberi
2209 559 2345 603 non

310 649 520 713 posse,
557 628 865 712 quoniam
903 626 1139 692 aediles
1177 627 1255 692 de
1293 627 1740 713 corporalibus
1768 626 1948 691 vitiis
1974 625 2345 711 loquuntur.

313 719 603 783 attamen
650 738 727 780 ex
771 720 987 800 empto
1036 715 1360 781 actionem
1406 715 1710 781 admittit.

490 805 550 870 3.
606 804 686 869 D.
722 804 879 870 ibid.
915 806 956 885 ξ
999 805 1081 869 11
1120 806 1187 868 et
1224 803 1266 869 l.
1304 805 1460 889 4pr.
1495 842 1588 855 —
1621 804 1800 869 Idem
1839 803 1998 871 dicit
2033 804 2232 869 etiam
2278 805 2349 868 in

310 895 443 981 his,
501 893 613 978 qui
665 898 923 978 praeter
978 892 1240 958 modum
1296 893 1508 959 timidi
1562 892 1774 978 cupidi
1833 894 2137 978 avarique
2194 898 2350 958 sunt

312 989 428 1049 aut
461 982 775 1048 iracundi.
816 981 827 1066 Ι
867 983 951 1048 ob
990 1004 1153 1066 quae
1190 982 1354 1048 vitia
1397 990 1595 1069 negat
1637 982 2140 1049 redhibitionem
2187 1003 2351 1065 esse,

314 1096 393 1138 ex
438 1077 657 1156 empto
705 1071 815 1136 dat
862 1071 1201 1135 actionem.

490 1164 551 1225 4.
615 1158 695 1225 D.
729 1158 881 1225 ibid.
922 1160 966 1224 l.
1010 1160 1054 1224 4
1109 1161 1149 1240 ξ
1194 1162 1249 1225 1.
1309 1196 1392 1207 —-
1459 1157 1585 1225 Sed
1651 1161 1706 1225 si
1769 1160 2001 1225 vitium
2058 1160 2350 1245 corporis

312 1271 516 1336 usque
572 1248 653 1313 ad
709 1248 995 1313 animum
1049 1253 1378 1333 penetrat,
1442 1248 1612 1314 forte
1667 1250 1724 1314 si
1777 1253 2047 1333 propter
2099 1247 2350 1313 febrem

315 1341 668 1424 loquantur
722 1337 963 1420 aliena,
1016 1338 1117 1402 vel
1175 1338 1287 1421 (11ιί
1343 1360 1459 1421 per
1511 1338 1688 1403 vicos
1744 1359 1922 1403 more
1968 1339 2354 1402 insanorum

315 1426 663 1494 deridenda
732 1425 1110 1511 loquantur,
1180 1426 1250 1490 in
1326 1447 1487 1510 quos
1559 1427 1625 1491 id
1699 1426 1900 1491 animi
1973 1426 2207 1491 vitium
2273 1446 2354 1490 ex

316 1516 605 1601 corporis
650 1514 813 1580 vitio
862 1514 1122 1599 accidit,
1168 1514 1496 1579 redhiberi
1543 1537 1750 1598 posse.

495 1604 554 1670 5.
602 1604 681 1670 D.
699 1605 806 1688 21,
830 1603 885 1687 1,
909 1604 1011 1682 17,
1032 1605 1090 1669 3.
1166 1602 1488 1686 Ulpianus
1517 1604 1687 1669 libro
1714 1605 1925 1688 primo
1955 1604 2037 1668 ad
2069 1601 2355 1667 edictum

318 1694 622 1761 aedilium
687 1692 1005 1758 curulium
1060 1690 1159 1779 (P.
1202 1689 1451 1780 17610).
1510 1730 1594 1739 —
1651 1742 1666 1756 .
1703 1743 1718 1758 .
1775 1694 1946 1796 apud
2000 1690 2355 1757 Vivianum

317 1785 592 1850 relatum
639 1785 740 1847 est
784 1781 1133 1867 fugitivum
1173 1780 1310 1846 fere
1349 1784 1433 1847 ab
1472 1783 1704 1848 affectu
1740 1781 1941 1847 animi
1976 1780 2357 1865 intellegen-

319 1873 471 1937 dum
518 1892 688 1956 esse,
733 1892 867 1935 non
910 1870 1135 1955 utique
1184 1893 1222 1934 a
1266 1870 1446 1959 fuga.
1525 1893 1676 1936 nam
1723 1892 1898 1955 eum,
1940 1871 2051 1956 qui
2097 1870 2356 1934 hostem

318 1967 434 2029 aut
486 1962 837 2043 latronem,
900 1960 1266 2024 incendium
1323 1962 1656 2026 ruinamve
1711 1961 1996 2046 fugeret,
2057 1961 2357 2060 quamvis

319 2052 567 2137 fugisse
622 2071 847 2114 verum
904 2053 1027 2131 est,
1080 2071 1212 2114 non
1266 2053 1486 2114 tamen
1539 2049 1894 2134 fugitivum
1943 2071 2103 2116 esse.
2192 2047 2360 2113 item

319 2163 401 2206 ne
446 2161 593 2205 eum
641 2136 926 2222 quidem,
973 2139 1083 2221 qui
1132 2160 1171 2202 a
1214 2141 1629 2223 praeceptore
1675 2139 1780 2203 cui
1825 2139 1892 2202 in
1939 2134 2358 2221 disciplinam

319 2228 597 2295 traditus
662 2229 806 2291 erat
869 2227 1148 2311 aufugit,
1212 2248 1354 2293 esse
1417 2228 1797 2312 fugitivum,
1861 2226 1918 2292 si
1977 2227 2147 2292 forte
2208 2226 2358 2292 ideo

320 2319 520 2404 fugit,
575 2315 727 2400 quia
771 2315 1192 2382 immoderate
1238 2339 1315 2382 eo
1361 2317 1682 2382 utebatur.
1773 2316 2071 2400 idemque
2116 2317 2359 2400 probat

323 2412 389 2472 et
442 2406 498 2471 si
553 2406 635 2470 ab
694 2426 768 2469 eo
825 2404 1067 2490 fugerit
1121 2406 1226 2470 cui
1272 2410 1414 2470 erat
1459 2405 1932 2487 commodatus,
1987 2404 2044 2469 si
2089 2408 2362 2488 propter

324 2495 593 2560 eandem
648 2515 909 2560 causam
966 2494 1224 2579 fugerit.
1315 2493 1486 2558 idem
1540 2494 1776 2579 probat
1819 2491 2140 2559 Vivianus
2189 2500 2256 2558 et
2301 2496 2362 2557 si

324 2585 577 2650 saevius
635 2605 780 2649 cum
836 2604 912 2648 eo
968 2584 1225 2667 agebat.
1317 2585 1476 2648 haec
1525 2584 1646 2666 ita,
1703 2582 1760 2647 si
1807 2604 1917 2646 eos
1964 2582 2243 2667 fugisset
2290 2585 2358 2647 et

324 2675 404 2740 ad
470 2674 801 2740 dominum
865 2673 1174 2756 venisset3
1239 2676 1523 2737 ceterum
1589 2674 1644 2736 si
1700 2672 1780 2735 ad
1838 2669 2170 2736 dominum
2225 2693 2360 2736 non

323 2765 634 2845 venisset,
682 2763 820 2827 sine
865 2761 1003 2826 ulla
1048 2761 1456 2826 dubitatione
1501 2759 1852 2846 fugitivum
1897 2761 2100 2825 videri
2149 2760 2262 2826 ait.

504 2853 565 2918 6.
609 2850 687 2915 D.
713 2850 864 2915 ibid.
896 2852 935 2930 ξ
964 2851 1025 2916 4.
1055 2887 1139 2896 —
1177 2849 1357 2915 Idem
1398 2848 1514 2915 ait:
1562 2851 2002 2934 interrogatus
2041 2847 2362 2914 Proculus

326 2939 403 3005 de
470 2962 573 3023 e0,
638 2941 748 3024 qui
813 2938 987 3002 domi
1042 2939 1344 3004 latuisset
1396 2940 1465 3003 in
1518 2937 1644 3003 hoc
1699 2938 1974 3022 scilicet,
2037 2941 2111 3003 ut
2165 2938 2362 3024 fugae

325 3031 553 3093 nactus
601 3028 1006 3093 occasionem
1053 3050 1122 3093 se
1170 3029 1607 3112 subtraheret,
1658 3027 1777 3110 ait,
1823 3029 2090 3092 tametsi
2136 3027 2361 3112 fugere

327 3138 460 3183 non
521 3120 746 3200 posset
806 3116 1039 3202 videri,
1104 3118 1213 3202 qui
1269 3117 1445 3181 domi
1499 3116 1874 3198 mansisset,
1937 3123 2158 3181 tamen
2215 3137 2364 3180 eum

326 3206 681 3290 fugitivum
734 3203 963 3290 fuisse;
1018 3206 1117 3270 sin
1173 3211 1393 3271 autem
1447 3206 1516 3270 in
1568 3205 1691 3270 hoc
1741 3209 1998 3269 tantum
2043 3205 2364 3289 latuisset,

330 3294 542 3380 quoad
602 3293 936 3359 iracundia
992 3295 1237 3360 domini
1294 3294 1766 3375 effervesceret,
1827 3293 2177 3378 fugitivum
2230 3316 2364 3358 non

328 3405 490 3467 esse,
528 3383 721 3449 sicuti
757 3405 837 3447 ne
874 3405 1021 3448 eum
1060 3385 1336 3468 quidem,
1375 3383 1483 3468 qui
1522 3405 1667 3448 cum
1705 3382 2035 3448 dominum
2073 3382 2366 3448 animad-

327 3475 611 3540 verteret
667 3473 1040 3538 verberibus
1099 3494 1165 3537 se
1214 3473 1486 3536 adficere
1534 3473 1726 3552 velle,
1781 3472 2252 3557 praeripuisset
2295 3493 2366 3535 se

330 3563 413 3629 ad
460 3564 755 3642 amicum,
801 3583 991 3647 quem
1039 3561 1119 3625 ad
1164 3560 1558 3644 precandum
1605 3561 1998 3644 perduceret.
2088 3582 2168 3625 ne
2216 3581 2367 3626 eum
