2575 3900
329 181 411 245 72
466 183 561 238 ΠΙ.
592 181 742 237 GAII
764 180 1063 237 'CLAUDII
1091 181 1363 236 NERON.
1385 179 1672 235 GALBAE
1695 179 1911 234 ΤΕΜΡ.
1929 177 2124 232 IURIS
2143 177 2345 233 CONS.

1010 367 1105 425 De
1148 370 1212 426 in
1256 369 1352 426 ius
1395 367 1666 425 vocanda

502 483 573 544 D.
597 485 654 561 2,
674 485 734 559 4,
755 483 814 560 4,
839 485 871 540 1
914 481 1051 558 Ulp.
1096 511 1169 522 —
1208 480 1458 540 Praetor
1493 481 1603 539 ait:
1643 475 1992 558 ‘parentem‚
2029 483 2348 556 patronum

322 575 667 650 patronam,
722 571 939 630 liberos
995 572 1275 646 parentes
1330 569 1570 644 patroni
1622 571 1912 644 patronae
1966 570 2030 626 in
2078 569 2172 628 ius
2220 568 2346 628 sine

322 661 623 738 permissu
666 679 797 719 meo
842 678 916 718 ne
965 659 1098 735 quis
1142 653 1358 718 vocet?

502 762 562 827 3.
609 759 685 825 D.
706 761 766 844 2,
785 762 846 843 4,
865 761 927 843 4,
945 761 1004 825 2.
1086 758 1405 843 Ulpianus
1452 759 1618 824 libro
1666 759 1891 845 quinto
1941 759 2020 823 ad
2070 758 2348 824 edietum

327 849 423 934 (P.
462 845 670 936 260⁸).
742 885 817 895 —
889 849 1160 924 Quidam
1228 851 1565 933 parentem
1627 870 1826 932 usque
1893 848 1974 912 ad
2037 848 2348 912 tritavum

327 939 638 1024 appellari
694 937 905 1020 aiunt,
960 938 1320 1020 superiores
1376 937 1653 1001 maiores
1699 937 1841 1002 dici.
1933 937 2055 1001 hoe
2103 941 2349 1002 veteres

329 1028 730 1092 existimasse
759 1025 1155 1110 Pomponius
1192 1025 1414 1110 refert3
1454 1026 1566 1090 sed
1594 1025 1794 1090 Gaius
1825 1022 2088 1090 Cassius
2129 1047 2350 1091 omnes

326 1117 392 1181 in
437 1115 765 1180 infinitum
813 1119 1115 1198 parentes
1162 1114 1338 1180 dicit.

504 1237 576 1295 of.
596 1235 668 1294 D.
690 1231 792 1307 38,
817 1237 1041 1312 10,10,
1064 1237 1099 1294 7
1140 1235 1312 1296 Paul.
1386 1229 1696 1294 ‘Parentes
1731 1253 1921 1310 usque
1959 1233 2034 1293 ad
2061 1235 2353 1294 tritavum

327 1325 487 1402 apud
544 1325 843 1384 Romanos
904 1324 1147 1400 proprio
1209 1324 1501 1383 vocabulo
1564 1323 1973 1400 nominantur,
2035 1323 2352 1382 ulteriores

328 1414 431 1492 qui
475 1433 594 1473 non
638 1415 863 1472 habent
908 1412 1164 1488 speciale
1208 1431 1425 1473 nomen
1468 1413 1725 1471 maiores
1772 1406 2196 1487 appellantur.'

504 1516 563 1579 4.
613 1513 688 1578 D.
710 1515 770 1597 2,
789 1514 851 1597 4,
873 1513 981 1595 10‚·
995 1514 1053 1578 9.
1128 1512 1448 1599 Ulpianus
1486 1515 1656 1579 libro
1693 1513 1920 1597 quinto
1959 1519 2038 1578 ad
2065 1513 2349 1578 edietum

240 1626 247 1636 ·
328 1601 427 1688 (P.
458 1598 637 1689 262).
686 1639 769 1649 —
817 1602 1082 1667 Liberos
1130 1650 1145 1667 .
1175 1653 1188 1666 .
1237 1603 1581 1668 seeundum
1631 1600 1954 1684 Cassium,
2007 1606 2081 1666 ut
2125 1603 2195 1666 in
2242 1624 2351 1685 pa-

328 1693 656 1774 rentibus,
704 1697 768 1754 et
811 1691 983 1754 ultra
1028 1691 1419 1774 trinepotem
1468 1691 1834 1774 accipimuS.

515 1811 587 1873 cf.
626 1809 764 1869 Vat.
812 1811 884 1868 fr.
926 1812 1047 1869 321
1100 1804 1337 1891 (Ulp.‘.>)
1387 1805 1662 1869 ‘Liberos
1721 1857 1780 1869 ..
1838 1811 2107 1886 accipere
2176 1809 2350 1869 debe-

329 1919 464 1959 mus
504 1902 565 1959 et
600 1902 849 1976 nepotes
886 1901 947 1959 et
984 1899 1261 1976 deinceps
1301 1900 1614 1959 ulteriores
1661 1900 1928 1975 exemplo
1966 1893 2352 1975 parentium'.

329 1991 399 2048 D.
439 1992 542 2067 38,
586 1991 686 2066 10,
726 1992 826 2066 10,
866 1991 900 2047 7
959 1988 1127 2048 Paul.
1188 1980 1271 2069 (v.
1311 1982 1521 2070 supra)
1576 1982 1747 2048 ‘item
1800 1988 1974 2048 liberi
2028 2007 2217 2065 usque
2275 1988 2352 2047 ad

328 2078 720 2155 trinepotem3
767 2077 930 2135 ultra
974 2077 1082 2134 hos
1130 2079 1492 2151 posteriores
1540 2071 1868 2138 vocantur'.

927 2253 1041 2327 Qui
1087 2255 1396 2313 arbitrium
1438 2258 1768 2331 receperint.

510 2365 567 2428 5.
632 2364 711 2427 D.
740 2363 800 2448 4,
830 2364 888 2447 8,
921 2364 1023 2448 19,
1052 2364 1109 2428 2.
1203 2363 1442 2427 Paulus
1497 2363 1665 2427 libro
1721 2365 1916 2428 tertio
1974 2364 2220 2429 decimo
2275 2364 2356 2429 ad

298 2454 609 2518 -edietum
676 2449 775 2538 (P.
818 2447 997 2539 245).
1058 2488 1134 2499 —
1196 2502 1209 2515 .
1252 2502 1266 2516 .
1331 2453 1674 2517 videndum
1741 2454 1890 2537 erit,
1955 2474 2036 2517 an
2102 2456 2359 2517 mutare

332 2541 715 2607 sententiam
770 2542 978 2625 possit
1032 2539 1146 2626 (se.
1204 2537 1491 2628 arbiter).
1574 2546 1641 2605 et
1705 2541 1863 2605 alias
1939 2542 2194 2626 quidem
2259 2552 2362 2607 est

332 2631 675 2717 agitatum,
722 2631 777 2695 si
824 2630 1067 2695 arbiter
1112 2631 1302 2696 iussit
1349 2630 1504 2713 dari,
1551 2651 1702 2694 mox
1746 2630 1969 2712 vetuit,
2015 2638 2232 2694 utrum
2282 2652 2356 2695 eo

334 2721 505 2804 quod
541 2720 735 2785 iussit
772 2742 854 2783 an
894 2742 967 2785 eo
1007 2720 1178 2804 quod
1217 2720 1425 2784 vetuit
1462 2720 1626 2784 stari
1665 2719 1894 2783 debeat
1931 2769 1945 2784 .
1985 2722 2050 2783 et
2080 2717 2360 2783 Sabinus

335 2808 591 2891 quidem
627 2808 884 2894 putavit
920 2829 1129 2891 posse.
1196 2806 1458 2872 Cassius
1497 2809 1882 2872 sententiam
1919 2808 2219 2893 magistri
2259 2808 2359 2872 sui

335 2944 385 2959 ..
423 2899 686 2960 excusat
723 2901 788 2959 et
827 2897 920 2958 ait
954 2894 1261 2960 Sabinum
1305 2918 1432 2959 non
1473 2896 1549 2959 de
1589 2919 1663 2961 ea
1702 2898 1978 2961 sensisse
2017 2896 2363 2979 sententia-²

336 3005 500 3067 quae
549 2982 889 3047 arbitrium
927 2984 1127 3066 finiat,
1180 2984 1289 3047 sed
1338 2984 1415 3048 de
1454 2986 1942 3068 praeparatione
1990 3006 2239 3069 causae,
2285 2990 2363 3050 ut

334 3075 497 3153 puta
552 3072 609 3135 si
664 3071 855 3134 iussit
900 3071 1263 3156 litigatores
1313 3073 1594 3138 calendis
1645 3074 1894 3157 adesse,
1949 3096 2100 3138 mox
2146 3073 2361 3138 idibus

334 3160 579 3243 iubeat3
626 3180 778 3223 nam
827 3164 1077 3225 mutare
1121 3182 1265 3226 eum
1307 3161 1474 3226 diem
1515 3184 1704 3246 posse
1743 3211 1756 3225 .
1795 3166 2076 3228 ceterum
2117 3163 2170 3227 si
2209 3183 2361 3227 con-

336 3248 664 3313 demnavit
700 3249 801 3313 vel
830 3248 1131 3329 absolvit,
1167 3250 1318 3315 dum
1351 3253 1596 3316 arbiter
1624 3273 1763 3316 esse
1792 3252 2072 3335 desierit,
2109 3254 2362 3315 mutare

334 3337 722 3402 sententiam
769 3360 899 3402 non
943 3360 1153 3423 posse.

510 3450 579 3509 D.
614 3452 671 3522 4,
704 3452 761 3524 8,
792 3453 873 3510 39
891 3471 978 3525 pr.
1060 3451 1378 3510 Iavolenus
1435 3452 1590 3510 libro
1646 3452 1956 3511 undecimo
2015 3470 2086 3511 ex
2132 3449 2358 3510 Cassio.

408 3540 524 3598 lem
553 3587 565 3601 .
598 3538 1047 3599 Contumaoiam
1076 3540 1400 3617 litigatoris
1430 3540 1655 3598 arbiter
1686 3541 1898 3617 punire
1927 3540 2150 3617 poterit
2176 3558 2357 3614 pseu-
