2575 3900
892 189 943 241 8.
982 182 1289 239 URsEIUs
1326 182 1571 239 FEROX
2115 182 2243 246 175

220 353 563 431 fragments.
626 352 949 413 seeundum
1010 351 1231 412 Iuliani
1293 352 1585 412 librorum
1645 352 1946 429 ordinem,
2009 352 2249 427 qualem

222 460 408 518 supra
450 440 753 519 proposui,
800 441 1079 501 exhibere
1121 440 1404 500 idoneum
1448 438 1704 501 videtur.

1008 618 1228 679 Liber
1270 616 1468 681 1--X.

972 726 1073 793 De
1117 729 1506 794 testamenti-3.

408 834 494 900 1?
538 832 619 899 D.
647 834 751 916 29,
778 834 839 915 2,
869 833 977 919 45,
1001 834 1063 899 4.
1125 832 1308 898 Idem
1331 830 1810 923 (scglulianus)
1837 832 2002 901 libro
2039 834 2248 919 primo

224 922 304 989 ad
366 922 669 989 Urseium
722 922 1027 989 Ferocem
1084 920 1183 1009 (P.
1222 922 1353 988 884
1387 974 1400 987 .
1463 959 1538 969 -
1599 972 1614 989 .
1653 974 1668 987 .
1705 970 1722 987 .
1762 945 1800 986 a
1863 922 2250 1009 quibusdam

223 1012 668 1095 respondetur,
706 1012 765 1077 si
801 1011 967 1077 liber
996 1010 1193 1077 homo
1221 1012 1332 1097 qui
1405 1033 1532 1075 ona
1559 1010 1684 1077 fide
1712 1010 1873 1077 mihi
1907 1011 2250 1095 serviebat,

222 1104 491 1187 propter
534 1122 636 1167 me
680 1100 869 1167 heres
910 1099 1249 1167 institutus
1289 1100 1432 1187 erit,
1475 1121 1667 1184 posse
1705 1121 1850 1165 eum
1889 1099 2070 1165 iussu
2107 1122 2248 1165 meo

225 1189 404 1255 adire
449 1189 892 1255 hereditatem.

401 1282 584 1360 Apud
627 1282 929 1343 Iulianum
977 1283 1227 1359 legitur:
1284 1275 1477 1361 ‘quod
1521 1301 1558 1341 a
1606 1281 1964 1361 quibusdam
2008 1300 2250 1361 respon-

224 1370 405 1431 detur
449 1418 463 1433 .
493 1418 509 1435 .
538 1418 551 1433 .
599 1370 763 1433 adire
808 1370 1233 1447 hereditatem,
1287 1372 1490 1449 potest
1533 1390 1743 1433 verum
1788 1363 1942 1433 esse'
1989 1374 2054 1431 et
2100 1392 2156 1450 q.
2204 1390 2252 1431 s.

847 1522 949 1593 De
992 1526 1277 1611 Zeyitimis
1321 1524 1651 1591 heredibus.

408 1632 491 1699 22
537 1631 617 1696 D.
646 1633 761 1714 46,
787 1633 847 1712 3,
877 1633 979 1698 36.
1054 1630 1346 1697 Iulianus
1384 1631 1551 1697 libro
1588 1632 1799 1718 primo
1838 1632 1917 1696 ad
1947 1630 2250 1698 Urseium

228 1720 537 1787 Ferocem
584 1717 683 1806 (P.
712 1716 890 1807 886).
938 1757 1021 1767 —
1070 1719 1140 1785 Si
1190 1724 1376 1807 pater
1421 1742 1604 1785 meus
1650 1724 2005 1806 praegnate
2052 1742 2251 1786 uxore

230 1810 459 1876 relicta
513 1809 859 1875 decesserit
914 1814 979 1873 et
1033 1830 1111 1873 ex
1166 1830 1362 1875 causa
1414 1808 1806 1873 hereditaria
1849 1812 2062 1874 totum
2110 1810 2251 1894 hoc,

232 1898 406 1988 quod
462 1898 632 1983 patri
685 1919 829 1964 meo
888 1897 1174 1966 debitum
1228 1898 1488 1982 fuisset,
1539 1899 1876 1982 petissem,
1931 1898 2096 1964 nihil
2151 1920 2254 1964 me

233 1988 710 2074 consumpsisse
769 1987 1030 2072 quidam
1085 1985 1488 2074 existimant,
1531 1985 1632 2072 <si
1677 1992 2014 2072 postumus
2060 1996 2254 2054 natus

231 2077 388 2162 sit>3
430 2076 487 2142 si
523 2098 714 2141 nemo
753 2080 946 2142 natus
985 2077 1089 2160 sit,
1124 2081 1297 2142 recte
1335 2099 1436 2143 me
1475 2080 1706 2164 egisse,
1742 2077 1892 2162 quia
1927 2077 1998 2142 in
2035 2098 2252 2142 rerum

231 2169 471 2232 natura
517 2185 736 2229 verum
783 2164 1013 2230 fuisset
1060 2187 1160 2230 me
1208 2165 1420 2232 solum
1463 2165 1762 2230 heredem
1810 2164 2030 2230 fuisse.

407 2259 677 2320 Iulianus
714 2261 911 2320 notat:
953 2253 1173 2320 ‘verius
1210 2262 1308 2318 est
1339 2279 1434 2320 me
1472 2277 1606 2318 eam
1641 2261 1876 2334 partem
1903 2259 2252 2338 perdidisse,

229 2369 339 2424 pro
386 2367 510 2427 qus.
548 2347 722 2407 heres
768 2347 1034 2423 fuissem,
1081 2352 1404 2426 antequam
1439 2350 1667 2409 certum
1704 2347 1920 2408 fuisset
1955 2347 2254 2408 neminem

231 2437 423 2513 nasci,
489 2439 596 2496 aut
660 2438 936 2513 quartam
990 2439 1248 2514 partem,
1313 2437 1457 2514 quia
1509 2440 1634 2496 tres
1688 2437 1856 2498 nasci
1908 2440 2254 2514 potuerunt,

230 2528 339 2585 aut
394 2527 658 2600 sextam,
712 2524 853 2601 quia
908 2524 1183 2602 quinque.
1277 2545 1418 2584 nam
1483 2528 1545 2584 et
1600 2524 1958 2584 Aristoteles
2015 2525 2255 2600 scripsit

233 2614 497 2691 quinque
554 2612 720 2672 nasci
774 2632 975 2690 posse,
1028 2614 1171 2690 quia
1222 2614 1438 2673 vulvae
1492 2613 1811 2671 mulierum
1865 2612 2116 2672 totidem
2159 2632 2252 2671 re·

234 2703 548 2778 ceptacula
602 2701 824 2760 habere
869 2704 1148 2777 possunt,
1204 2704 1265 2760 et
1312 2719 1442 2760 esse
1485 2701 1794 2759 mulierem
1839 2701 2063 2761 Romae
2108 2699 2253 2758 Ale-

232 2791 586 2852 xandrinam
652 2791 730 2848 ab
784 2789 1090 2868 Aegypte,
1157 2807 1309 2867 quae
1365 2789 1622 2867 quinque
1678 2789 1855 2848 simul
1906 2789 2140 2866 peperit
2194 2793 2256 2849 et

234 2883 367 2942 tum
411 2879 677 2940 habebat
720 2878 1064 2957 incolumeS,
1111 2882 1173 2939 et
1216 2880 1315 2942 bic
1361 2879 1524 2940 etin
1554 2878 1834 2955 Aegypto
1872 2879 2254 2940 adfirmatum

234 2973 329 3030 est
372 2961 561 3029 mihi'.

412 3057 487 3118 cf.
534 3055 785 3116 Perniee
829 3047 886 3138 IJ,
926 3058 1075 3116 372.

1056 3227 1157 3294 Dc
1203 3230 1430 3314 Zeyatis

898 3349 992 3409 Dc
1035 3352 1347 3424 usufructu
1391 3352 1591 3426 leyaw.

413 3452 471 3516 3.
528 3449 609 3516 D.
640 3451 699 3535 7,
726 3451 788 3535 4,
819 3449 920 3534 10,
948 3450 1008 3516 5.
1101 3451 1418 3535 fflpianus
1468 3451 1635 3517 libro
1683 3449 1960 3533 septimo
2009 3451 2253 3516 decimo

237 3539 317 3605 ad
384 3537 697 3606 Sabinum
750 3537 851 3625 (P.
897 3539 1148 3626 255510).
1209 3577 1285 3592 --
1346 3539 1414 3605 Si
1479 3561 1726 3605 massae
1789 3561 1946 3604 usus
2005 3539 2254 3603 fructus
