2575 3900
361 125 494 189 586
1083 124 1656 196 [ADDITAMENTA.

364 289 477 354 sed
524 289 676 373 quia
719 287 1012 374 iniquum
1049 292 1150 352 est
1184 291 1252 352 te
1288 310 1364 353 eo
1402 289 1665 352 nomine
1697 288 2129 368 condemnari,
2166 289 2419 373 placet

359 399 477 462 per
523 378 968 462 exceptionem
1015 376 1148 441 doli
1194 377 1350 441 mali
1395 381 1461 441 te
1509 376 1763 441 defendi
1809 376 2053 442 debere.
2108 378 2281 442 item
2352 380 2413 442 si

355 472 586 552 pactus
649 465 833 531 fuero
897 469 1130 550 tecum,
1185 487 1266 530 ne
1329 465 1394 530 id
1455 465 1625 549 quod
1681 464 1842 530 mihi
1895 466 2157 550 debeas,
2224 489 2269 530 a
2338 471 2411 531 te

359 559 600 639 petam,
662 553 868 619 nihilo
933 555 1145 635 minus
1205 576 1244 619 a
1306 558 1372 618 tc
1426 557 1647 638 petere
1699 575 1966 638 possum
2021 554 2159 619 dari
2222 555 2409 619 mihi

360 649 680 728 oportere,
742 643 894 727 quia
941 643 1258 727 obligatio
1307 646 1499 727 pacto
1549 646 1866 708 convento
1920 664 2053 708 non
2110 644 2406 709 tollitur.

361 731 472 796 sed
518 733 730 818 placet
767 732 996 797 debere
1033 753 1136 795 me
1179 735 1512 816 petentem
1559 752 1673 815 per
1719 732 2160 815 exceptionem
2208 734 2407 816 pacti

357 822 664 886 conventi
709 821 959 904 repelli.

1159 973 1585 982 ———-—

439 1156 518 1220 v.
579 1155 817 1232 QUOD
865 1141 1272 1222 ‘mol‘TUR’
1320 1155 1493 1221 VEL
1540 1155 1857 1223 ‘vuLeo
1910 1154 2308 1262 morrua’
2364 1126 2369 1130 ’

1102 1260 1633 1339 SIMILIAQUE.

539 1401 734 1460 Huius
797 1402 1035 1477 generis
1097 1403 1196 1462 vel
1240 1421 1325 1460 ea
1374 1420 1707 1477 proponere
1750 1400 2031 1460 idoneum
2076 1406 2188 1479 est,
2238 1423 2393 1480 quae

362 1489 438 1548 ab
487 1489 750 1566 Ulpiano
797 1491 1103 1568 Pauloque
1150 1490 1493 1550 traduntur.

1015 1654 1070 1709 1.
1129 1649 1329 1720 Quod
1386 1642 1729 1709 ‘dicitur'.

1049 1784 1100 1824 a.
1148 1764 1255 1824 Ad
1301 1765 1415 1824 ius
1460 1763 1698 1824 civile.

1098 1873 1200 1939 De
1246 1875 1635 1940 testamentis.

536 1993 592 2055 1.
641 1990 718 2054 D.
757 1992 862 2071 28,
899 1992 960 2073 2,
1001 1990 1188 2073 12pr.
1262 1989 1578 2073 Ulpianus
1617 1990 1785 2054 libro
1822 1991 2037 2075 primo
2078 1991 2161 2055 ad
2199 1990 2377 2057 Sabi-

353 2101 524 2146 num.
562 2117 651 2127 —
690 2129 706 2144 .
736 2129 750 2144 .
790 2079 1024 2143 dicitur
1059 2079 1261 2143 filium
1298 2083 1523 2143 natum
1562 2100 1860 2163 rumpere
1897 2082 2378 2145 testamentum.

912 2237 1010 2303 De
1053 2239 1439 2321 adquirenda
1480 2238 1823 2305 hereditate.

531 2355 592 2418 2.
640 2352 715 2417 D.
756 2354 860 2437 29,
907 2354 965 2433 2,
1011 2354 1115 2435 30,
1166 2355 1218 2417 1.
1296 2348 1613 2437 Ulpianus
1661 2354 1826 2418 libro
1874 2358 2104 2419 octavo
2152 2357 2235 2419 ad
2272 2353 2421 2419 Sa-=

351 2443 594 2509 binum.
644 2479 727 2487 —
775 2493 789 2506 .
820 2492 833 2507 .
883 2442 1140 2506 dicitur:
1187 2442 1518 2525 proximus
1567 2465 1606 2506 a
1650 2440 1787 2508 filio
1833 2446 2136 2526 postumo
2176 2442 2375 2528 beree,

354 2531 504 2597 dum
570 2532 803 2595 mulier
876 2552 1192 2614 praegnas
1257 2534 1357 2594 est
1431 2534 1543 2595 aut
1614 2534 1883 2614 putatur
1956 2552 2121 2609 esse,
2206 2530 2374 2595 adire

350 2620 778 2685 hereditatem
841 2641 971 2683 non
1027 2623 1268 2703 potest3
1336 2618 1446 2683 sed
1511 2619 1566 2683 si
1623 2620 1745 2684 scit
1807 2641 1936 2684 non
2000 2641 2138 2685 esse
2198 2642 2376 2705 prae-

351 2713 636 2795 gnatem,
687 2712 924 2793 potest.
1273 2745 1276 2748 ·

1153 2796 1254 2862 De
1297 2798 1589 2862 societate.

531 2914 590 2978 3.
630 2911 769 2977 Gai.
799 2914 858 2997 3,
890 2912 1034 2977 153.
1061 2950 1135 2957 —
1169 2911 1425 2976 Dicitur
1453 2912 1646 2976 etiam
1677 2912 1910 2996 capitis
1941 2911 2368 2978 deminutione

353 3002 520 3068 solvi
568 3003 972 3084 societatem,
1021 3002 1171 3084 quia
1216 3000 1389 3065 civili
1435 3001 1688 3065 ratione
1735 3001 1970 3086 capitis
2020 3001 2367 3067 deminutio

351 3092 546 3156 morti
598 3095 1005 3176 coaequatur.

1077 3187 1176 3252 De
1219 3189 1357 3252 iure
1399 3188 1647 3252 dotium.

526 3306 585 3370 4.
644 3305 721 3369 D.
776 3304 886 3383 25,
939 3306 996 3387 1,
1055 3304 1157 3369 15.
1254 3300 1562 3367 Neratius
1618 3302 1787 3367 libro
1842 3302 2121 3368 secundo
2174 3300 2368 3368 Mem-

347 3396 716 3460 branarum.
770 3427 847 3437 -
899 3444 912 3456 .
943 3440 959 3455 .
1007 3392 1241 3456 dicitur
1286 3392 1632 3475 impensae,
1680 3412 1843 3475 quae
1880 3392 1947 3456 in
1983 3386 2087 3456 res
2126 3390 2367 3457 dotales

346 3483 714 3549 necessario
762 3480 972 3544 factae
1021 3483 1188 3563 sunt,
1235 3480 1450 3544 dotem
1502 3480 1804 3544 minuere.
