2575 3900
339 196 471 263 408
546 198 613 253 V.
651 196 952 253 NERVAE
989 196 1082 250 ΕΤ
1115 196 1423 252 ΤΒΔΙΑΝΙ
1458 196 1905 253 TEMP.1UR.18
1942 197 2298 253 CONSULTI

340 380 452 426 suo
515 380 591 427 ex
651 362 784 425 dote
848 358 1051 425 dieta¹
1108 362 1435 443 pecuniam
1496 361 1764 446 debebat,
1824 361 2029 427 virum
2086 361 2363 427 heredem

338 449 432 514 ita
483 450 864 528 instituerat,
918 450 978 514 si
1029 470 1166 514 eam
1208 452 1572 537 pecuniam,
1624 471 1813 533 quam
1870 451 1999 515 doti
2055 444 2362 529 dixi'sset’,

338 558 528 621 neque
567 539 823 619 petisset
862 559 1054 621 neque
1107 540 1409 621 exeyisset.
1490 544 1660 622 puto,
1704 540 1763 605 si
1804 539 1905 604 vir
1948 540 2365 605 denuntiasset

339 627 550 692 ceteris
599 625 915 693 heredibus
957 648 1077 711 per
1118 648 1184 694 se
1224 648 1355 693 non
1397 632 1587 713 stare,
1636 648 1752 710 quo
1797 628 2009 693 minus
2052 632 2362 709 acceptum

333 714 564 797 faceret
595 716 667 779 id
696 717 860 798 quod
891 736 968 781 ea:
1002 719 1137 782 dote
1169 716 1291 783 sibi
1324 716 1649 801 deberetur,
1684 718 1893 783 statim
1924 737 2062 782 eum
2087 716 2362 782 heredem

333 804 640 885 futurum.
704 806 904 894 quod
960 806 1020 871 si
1079 806 1247 871 solus
1309 804 1479 871 heres
1540 768 1859 871 institutus
1920 810 2072 871 esset
2122 806 2188 870 in
2244 804 2363 869 tali

338 894 702 972 condicione,
704 880 924 958 nihilo
952 896 1163 959 minus
1176 899 1333 977 puto
1360 895 1571 961 sattim
1596 914 1735 959 eum
1758 894 2031 960 heredem
2054 895 2362 977 futurum,

338 983 493 1064 quia
545 980 876 1059 ἀδύνατος
928 969 1198 1049 condicio
1248 1004 1365 1065 pro
1416 1004 1544 1049 non
1586 985 1819 1066 scripta
1862 984 2215 1067 accipienda
2258 987 2361 1048 est.

520 1071 622 1136 17.
677 1069 756 1135 D.
803 1071 955 1137 ibid.
993 1074 1033 1153 ἓ
1079 1075 1132 1137 1.
1179 1108 1265 1119 --
1310 1071 1388 1137 Si
1436 1075 1580 1154 quis
1629 1072 2067 1159 hereditarium
2118 1092 2363 1137 servum

339 1158 544 1225 iussus
588 1165 676 1225 est
717 1163 1149 1227 manumittere
1190 1165 1249 1225 et
1289 1160 1459 1227 heres
1501 1180 1649 1241 esse,
1695 1161 1994 1244 quamvis,
2037 1162 2095 1225 si
2139 1180 2361 1225 manu·

338 1250 592 1331 miserit,
628 1248 790 1313 nihil
825 1254 988 1333 ayat,
1027 1255 1230 1315 tamen
1263 1250 1437 1315 heres
1472 1251 1619 1328 erit;
1656 1270 1866 1314 verum
1900 1255 1992 1315 est
2022 1250 2188 1313 enim
2222 1269 2363 1314 eum

340 1338 790 1403 manumisisse.
872 1339 980 1405 sed
1035 1344 1182 1422 post
1249 1340 1587 1403 aditionem
1659 1338 1909 1405 libertas
1979 1358 2149 1404 servo
2210 1339 2363 1403 data

337 1427 669 1492 seeundum
713 1428 1086 1493 voluntatem
1131 1430 1433 1493 testatoris
1474 1428 1845 1493 convalescit.

523 1516 622 1579 18.
680 1514 754 1580 D.
783 1516 933 1581 ibid.
963 1520 1003 1597 ἓ
1033 1517 1092 1580 2.
1130 1553 1216 1563 -
1252 1516 1329 1583 Si
1371 1518 1513 1599 quis
1548 1522 1603 1581 te
1636 1516 1907 1582 heredem
1944 1516 2037 1581 ita
2069 1515 2358 1598 instituit,

337 1604 398 1668 si
455 1623 521 1668 se
570 1603 841 1669 heredem
895 1607 1264 1672 instituisses
1315 1612 1430 1671 aut
1480 1606 1634 1687 quid
1682 1606 1802 1671 sibi
1855 1605 2137 1688 leyasses,
2199 1603 2365 1669 nihil

338 1692 612 1770 interest,
674 1714 792 1775 quo
838 1696 1044 1776 yradu
1098 1696 1155 1759 is
1207 1716 1250 1759 a
1302 1700 1356 1759 te
1398 1694 1568 1759 heres
1610 1695 1931 1760 institutus
1972 1693 2066 1758 vel
2108 1694 2266 1776 quid
2304 1694 2365 1757 ei
2464 1708 2469 1713 ·

338 1780 604 1863 leyatum
645 1784 752 1859 sit,
805 1784 1132 1849 dummodo
1175 1783 1381 1866 aliquo
1421 1784 1627 1867 qradu
1674 1784 1741 1849 id
1785 1788 1838 1847 te
1878 1783 2091 1863 fecisse
2120 1782 2364 1867 probes.

522 1870 622 1934 19.
682 1870 758 1935 D.
804 1872 910 1955 29,
947 1872 1007 1957 2,
1045 1872 1150 1937 64.
1195 1910 1280 1919 —
1326 1870 1669 1937 Iavolenus
1725 1872 1893 1937 libro
1950 1871 2227 1937 seeundo
2282 1891 2365 1935 ex

339 1960 808 2044 posterioribus
829 1959 1167 2027 Labeonis,
1195 1999 1280 2010 —
1309 1961 1536 2028 Servus
1560 1963 1822 2028 duorum
1849 1961 2018 2026 heres
2044 1962 2366 2026 institutus

338 2053 398 2114 et
448 2045 742 2114 eernere-⁰·
803 2050 1036 2135 iussus,
1098 2053 1156 2116 si
1217 2052 1475 2117 alterius
1528 2053 1767 2117 domini
1819 2052 1993 2116 iussu
2046 2046 2368 2133 creverit⁴,

337 2139 554 2203 deinde
613 2139 1034 2204 manumissus
1089 2141 1309 2220 fuerit,
1364 2142 1594 2222 poterit
1653 2142 1780 2224 ipse
1832 2139 1880 2224 [
1870 2138 2195 2204 adeundo?
2186 2138 2235 2223 ]
2290 2157 2367 2204 m:

326 2231 514 2310 parte
556 2227 822 2292 dimidia
863 2227 1034 2294 heres
1077 2249 1216 2294 esse.

1161 2405 1259 2471 De
1305 2407 1536 2489 leqatis.

989 2527 1081 2614 De
1124 2545 1238 2587 usu
1281 2529 1479 2602 fructu
1522 2528 1721 2602 leyato

518 2637 622 2702 20.
677 2636 756 2702 D.
795 2637 899 2722 33,
937 2637 996 2720 2,
1025 2610 1111 2704 30
1140 2660 1231 2722 pr.
1334 2636 1671 2702 Iavolenus
1727 2637 1894 2701 libro
1952 2636 2229 2702 seeundo
2288 2658 2366 2701 ex

339 2726 809 2810 posterioribus
874 2725 1211 2792 LabeoniS.
1275 2763 1361 2772 —
1426 2725 1547 2792 Cui
1617 2745 1769 2791 usus
1824 2725 2067 2806 fruetus
2132 2727 2367 2810 leqatus

339 2819 512 2892 esset,
568 2817 753 2880 donee
805 2816 862 2880 ei
917 2817 1100 2880 totius
1150 2816 1311 2880 dotis
1364 2815 1709 2897 satisfieret,
1764 2835 1901 2879 oum
1946 2816 2003 2879 ei
2044 2814 2214 2880 heres
2248 2813 2367 2897 <ex

327 2901 555 2986 parte>
586 2923 709 2985 pro
753 2923 873 2968 sua
902 2909 1090 2986 parte
1132 2905 1286 2969 satis
1322 2906 1591 2981 dedisset,
1635 2905 1918 2986 quamvis
1952 2904 2177 2987 reliqui
2209 2904 2368 2968 satis

339 3009 465 3053 non
514 2991 758 3074 darent,
814 2997 1018 3056 tamen
1053 3012 1172 3074 pro
1218 3013 1291 3056 ea
1326 2998 1509 3075 parte
1554 3013 1738 3058 usum
1776 2993 2051 3070 fructum
2094 2992 2367 3057 desinere

339 3075 556 3143 habere
590 3081 907 3145 mulierem
942 3082 1037 3145 ait
1069 3080 1288 3146 Labeo.
1352 3083 1515 3147 idem
1548 3083 1688 3164 fieri
1723 3087 1781 3146 et
1812 3082 1872 3146 si
1893 3102 2012 3164 per
2046 3080 2367 3146 mulierem

339 3169 756 3320 Μονα211ςὶῗνῧι.
777 3190 929 3322 ἰὲἵεῗ.
956 3189 1208 3338 {nim—S—
1219 3171 1943 3325 Sgbilson‘boesigbrdtominus
1976 3279 2161 3324 usum
2191 3257 2368 3340 frue-

343 3345 474 3407 tum
515 3343 722 3423 fundi,
767 3365 944 3426 quem
990 3348 1044 3412 is
1088 3347 1331 3429 colebat,
1378 3339 1709 3430 leyaverdt:
1754 3353 1904 3431 ayat
1943 3349 2191 3414 colonus
2226 3368 2368 3412 cum

490 3506 515 3552 1
561 3499 712 3554 Trib.
749 3499 1101 3582 promissam.
1244 3507 1276 3554 2
1320 3503 1472 3558 Trib.
1508 3500 1873 3572 promisisset.

485 3576 518 3625 3
561 3571 714 3627 Trib.
749 3569 922 3627 adire.
1064 3578 1099 3626 4
1138 3571 1285 3627 Trib.
1327 3570 1547 3628 adierit.
