2575 3900
793 181 842 229 4.
888 176 949 230 L.
986 173 1358 231 NERATIUS
1393 173 1688 231 PRISCUS
2113 174 2241 239 303

409 336 544 402 25¹³.
598 337 677 405 D.
706 339 811 422 47,
840 339 901 423 9,
931 339 989 404 8.
1059 337 1366 402 Neratius
1414 337 1582 403 libro
1634 338 1910 404 secundo
1957 337 2241 423 Respon-

234 448 471 492 sorum.
516 462 601 473 —
650 425 838 491 Ratis
896 427 962 491 vi
1014 426 1298 491 fluminis
1345 427 1411 490 in
1459 448 1688 510 agrum
1733 449 1945 492 meum
1993 428 2245 492 delatae

232 514 641 600 <tollendae>
675 536 808 579 non
845 514 1033 580 aliter
1068 517 1460 598 potestatem
1487 514 1609 580 tibi
1636 515 2026 599 faciendam,
2050 537 2243 600 quam

235 606 290 669 si
337 603 413 668 de
459 603 811 687 praeterito
861 625 1113 688 quoque
1161 604 1396 668 damno
1443 604 1604 668 mihi
1649 605 1944 671 cavisses.

406 692 538 757 250.
577 691 656 757 D.
678 691 782 776 39,
810 693 871 777 2,
900 693 940 757 9
990 693 1048 758 3.
1112 691 1430 775 Ulpianus
1460 693 2242 780 librosquinquagensimo

233 781 425 846 tertio
472 781 552 845 ad
599 781 878 845 edictum
956 781 1023 845 P.
1065 779 1283 866 1273).
1334 818 1419 829 -
1467 780 1770 846 Neratius
1799 830 1816 848 .
1844 831 1860 847 .
1890 781 2138 862 scribit,
2186 781 2242 844 si

230 870 390 934 ratis
436 870 506 933 in
548 890 775 955 agrum
814 892 1026 934 meum
1063 870 1130 933 vi
1166 870 1448 934 fluminis
1487 869 1703 935 delata
1738 870 1844 954 sit,
1886 893 2013 935 non
2055 869 2246 934 aliter

229 958 352 1023 tibi
397 962 790 1042 potestatem
836 958 1108 1023 tollendi
1151 958 1542 1038 faciendam,
1592 981 1780 1045 quam
1832 959 1889 1023 si
1937 960 2012 1024 de
2059 979 2242 1041 prae-

232 1046 425 1113 terito
473 1069 726 1133 quoque
772 1047 1006 1112 damno
1055 1045 1215 1111 mihi
1260 1047 1559 1112 cavisses.

1051 1228 1269 1288 Liber
1313 1229 1423 1287 ΙΠ.

410 1335 587 1396 Certa
630 1337 809 1396 huius
854 1335 996 1395 libri
1038 1335 1378 1414 fragmenta
1421 1354 1541 1394 non
1585 1337 1924 1395 traduntur.

681 1495 1055 1555 Incertorum
1100 1495 1393 1554 librorum
1435 1495 1789 1572 fragmenta.

971 1596 1072 1661 De
1116 1597 1503 1661 testamentis,

411 1704 513 1768 26.
577 1702 656 1767 D.
704 1702 808 1786 35,
857 1703 915 1785 1,
962 1702 1117 1786 6,1.
1216 1701 1610 1786 Pomponius
1675 1704 1838 1769 libro
1902 1705 2095 1769 tertio
2162 1705 2243 1770 ad

234 1790 545 1858 Sabinum
609 1788 707 1878 (P.
742 1787 924 1876 423).
986 1827 1061 1838 -
1120 1789 1189 1856 Si
1253 1813 1471 1856 servos
1538 1796 1748 1858 certos
1813 1793 1958 1877 quis
2024 1815 2244 1858 manu-

234 1881 539 1964 misisset,
578 1879 765 1945 heres
804 1901 945 1944 esse
980 1881 1190 1945 iussus
1229 1883 1386 1946 erat.
1441 1881 1818 1965 quibusdam
1858 1904 1933 1946 ex
1961 1881 2065 1946 his
2094 1888 2243 1948 ante

232 1970 511 2035 mortuis
553 1968 858 2034 Neratius
914 1969 1249 2053 respondit
1294 1970 1475 2035 defici
1523 1992 1668 2036 eum
1714 1970 2082 2037 condicione
2127 1994 2245 2037 nec

234 2058 651 2140 aestimabat,
695 2079 920 2141 parere
966 2063 1188 2141 posset
1232 2059 1598 2123 condicioni
1640 2082 1758 2125 nec
1801 2082 1900 2125 ne.

853 2206 947 2263 De
988 2206 1316 2265 hereditatis
1360 2207 1626 2265 aditione.

414 2305 543 2370 27?
608 2305 685 2371 D.
724 2305 829 2387 39,
865 2307 925 2390 6,
962 2306 1064 2371 21.
1162 2304 1342 2371 Idem
1401 2304 1515 2391 (sc.
1559 2304 1874 2394 Iulianus)
1932 2308 2100 2373 libro
2147 2330 2244 2372 se-

235 2394 445 2460 cundo
511 2395 589 2459 ad
643 2392 943 2458 Urseium
996 2393 1319 2459 Ferocem.
1381 2430 1455 2441 —
1515 2394 1686 2459 Eum
1745 2397 1855 2479 qui
1910 2401 1984 2461 ut
2039 2396 2244 2461 adiret

232 2483 661 2548 hereditatem
712 2482 1051 2565 pecuniam
1096 2484 1472 2566 accepisset,
1525 2484 1840 2567 plerique,
1895 2486 1964 2549 in
2011 2484 2244 2568 quibus

235 2571 500 2637 Priscus
540 2593 806 2657 quoque,
840 2570 1306 2653 responderunt
1345 2574 1571 2635 mortis
1605 2593 1800 2637 causa
1828 2593 1970 2636 eam
1998 2593 2244 2655 capere.

1060 2712 1157 2777 De
1200 2712 1429 2795 leqatis.

756 2825 849 2883 De
892 2826 1266 2884 instrwnento
1311 2824 1484 2897 fimdi
1528 2824 1724 2899 leyato.

248 2986 253 2990 .
414 2924 545 2991 28?
619 2925 695 2989 D.
735 2926 839 3009 33,
879 2926 937 3007 7,
977 2926 1081 3007 18,
1119 2926 1177 2990 2.
1281 2925 1522 2990 Paulus
1593 2926 1758 2990 libro
1823 2926 2097 2991 secundo
2163 2927 2243 2992 ad

233 3013 573 3079 Vitellium
612 3011 707 3099 (P.
736 3011 960 3101 2070).
994 3050 1069 3063 —
1101 3012 1374 3079 Asinam
1414 3012 1875 3079 molendariam
1912 3018 1976 3079 et
2003 3016 2244 3080 molam

234 3108 438 3189 negat
482 3102 787 3168 Neratius
833 3104 1262 3168 instrumento
1311 3102 1490 3167 fundi
1535 3102 1864 3167 contineri.

644 3251 738 3308 De
780 3251 1050 3309 tabernae
1094 3252 1412 3326 carmoniae
1454 3252 1844 3310 instrumento.

371 3394 375 3400 -
415 3353 519 3417 29.
576 3350 651 3415 D.
692 3351 795 3433 33,
836 3352 893 3434 7,
933 3352 1013 3415 13
1030 3374 1121 3434 pr.
1212 3352 1452 3416 Paulus
1509 3351 1672 3416 libro
1731 3356 1959 3435 quarto
2007 3350 2087 3415 ad
2135 3349 2248 3416 Sa-

234 3442 461 3507 binum
510 3441 608 3527 (P.
651 3438 865 3525 1670).
919 3474 995 3485 --
1044 3438 1374 3504 Tabernae
1421 3440 1767 3523 cauponiae
1813 3440 2244 3504 instrumento

236 3531 456 3617 legato
524 3530 720 3595 etiam
784 3526 1117 3593 institores
1172 3528 1485 3593 contineri
1538 3525 1844 3593 Neratius
1900 3529 2244 3594 existimat.
