2575 3900
782 190 833 239 4.
871 185 929 242 C.
960 185 1251 240 CASSIUS
1288 185 1659 240 LONGINUS
2150 188 2234 251 25

783 357 883 422 De
925 357 1246 423 verborum
1291 358 1673 441 obliyatione.

396 482 501 547 14.
562 480 643 547 D.
683 480 791 564 45,
829 483 890 564 3,
928 482 1033 565 28,
1069 483 1132 546 4.
1233 481 1438 546 Gaius
1494 482 1664 548 libro
1718 483 1916 548 tertio
1973 483 2051 548 de
2107 507 2248 549 ver-

222 571 455 636 borum
497 531 1033 655 obligationibus
1052 567 1155 658 (P.
1184 567 1363 656 516).
1406 607 1482 618 —
1523 570 1694 636 Illud
1732 573 2094 655 quaesitum
2132 579 2249 660 est,

215 682 304 725 an
341 658 569 724 heredi
606 659 828 724 futuro
868 681 1091 724 servus
1119 658 1549 725 hereditarius
1579 660 1882 745 stipulari
1908 663 2204 747 possit..

221 747 489 816 Cassius
547 747 886 834 respondit
937 770 1157 832 posse,
1212 748 1364 834 quia
1418 750 1528 834 qui
1580 753 1806 832 postea
1859 750 2046 816 heres
2092 753 2249 818 exti-

219 838 399 922 terit,
434 837 763 901 videretur
800 859 878 901 ex
916 838 1146 901 mortis
1182 841 1475 921 tempore
1512 837 1814 904 defuncto
1849 841 2249 907 successisse.

409 924 1153 1009 15.1).16,1,16,1.
1260 925 1440 990 Idem
1517 923 1633 1012 (sc.
1686 925 2008 1016 Iulianus)
2079 929 2248 996 libro

213 1018 496 1169 ffiiss‘ss.
498 976 969 1188 ,2‘3132‘333'23
996 1013 2250 1207 2355355302(J1'11323.3)(20'}23212132ss3

211 1192 725 1275 intercessisset,
779 1193 1224 1257 fideiussorem
1271 1193 1687 1277 accepissem,
1738 1193 1938 1259 Gaius
1985 1194 2247 1262 Cassius

209 1279 564 1366 respondit
607 1280 704 1346 ita
749 1280 1004 1346 demum
1050 1281 1415 1347 fideiussori
1463 1283 1908 1366 exceptionem
1952 1284 2250 1370 dandam,

206 1371 265 1434 si
314 1392 355 1434 a
401 1369 673 1435 muliere
717 1374 986 1456 rogatus
1031 1369 1504 1436 fideiussisseffl.

676 1547 776 1612 De
819 1549 1198 1630 adquirendo
1242 1569 1454 1614 rerum
1499 1550 1792 1614 dominio.

396 1673 499 1737 16.
545 1670 788 1758 Hygin.
816 1671 894 1736 de
925 1693 1070 1757 gen.
1098 1675 1390 1740 controv.
1417 1695 1478 1757 p.
1513 1673 1641 1738 124
1670 1671 1797 1760 (ed.
1825 1672 2242 1762 Lachm).—-

208 1759 403 1828 Circa
450 1759 742 1824 Padum.
773 1782 962 1825 .cum
1010 1765 1330 1847 ageretur,
1375 1763 1542 1846 quod
1589 1762 1832 1827 flumen
1876 1767 2131 1828 torrens
2179 1769 2246 1827 et

207 1849 567 1934 aliquando
622 1852 760 1914 tam
816 1850 1175 1916 violentum
1232 1851 1543 1934 decurrit,
1597 1857 1672 1916 ut
1726 1853 1981 1917 alveum
2038 1855 2249 1916 mutet

207 1944 281 2004 et
346 1939 703 2004 multorum
761 1938 889 2004 late
947 1960 1141 2024 agros
1195 1943 1382 2005 trans
1436 1940 1675 2025 ripam,
1743 1945 1814 2007 ut
1867 1942 1962 2006 ita
2017 1940 2244 2023 dicam,

204 2027 597 2107 transferat,
654 2050 847 2112 saepe
896 2028 1094 2093 etiam
1140 2028 1392 2094 insulas
1439 2030 1710 2111 efficiat,
1765 2028 2027 2095 Cassius
2073 2029 2248 2095 Lon-

206 2117 407 2201 ginus
447 2163 465 2181 .
496 2166 511 2181 .
541 2166 557 2181 .
594 2115 719 2182 hoc
774 2118 1035 2201 statuit,
1089 2123 1164 2181 ut
1219 2118 1530 2203 quidquid
1585 2141 1756 2204 aqua
1808 2118 2246 2183 lambiscendo

203 2205 581 2289 abstulerit,
614 2204 681 2268 id
720 2227 1058 2289 possessor
1094 2208 1378 2289 amittat,
1414 2206 1721 2291 quoniam
1760 2206 2007 2272 scilicet
2034 2207 2244 2290 ripam

202 2315 395 2357 suam
445 2294 586 2358 sine
634 2294 899 2358 alterius
949 2293 1187 2357 damno
1234 2295 1406 2358 tueri
1454 2293 1672 2379 debet3
1718 2296 1774 2358 si
1813 2316 1965 2358 vero
2003 2294 2246 2359 maiore

198 2382 275 2445 vi
329 2380 678 2446 decurrens
725 2381 979 2445 alveum
1026 2384 1373 2465 mutasset,
1428 2403 1616 2446 suum
1664 2383 1934 2467 quisque
1981 2382 2245 2447 modum

204 2472 625 2554 agnosceret,
681 2470 990 2554 quoniam
1046 2491 1177 2535 non
1223 2473 1622 2553 possessoris
1669 2471 2089 2558 neglegentia
2134 2472 2245 2537 sed

202 2557 622 2641 tempestatis
687 2557 1001 2623 violentia
1065 2559 1409 2643 abreptum
1468 2563 1766 2644 apparet3
1831 2561 1887 2623 si
1941 2580 2094 2624 vero
2149 2562 2245 2624 in-

206 2645 423 2711 sulam
472 2644 753 2728 fecisset,
800 2669 839 2711 a
885 2648 1063 2712 cuius
1113 2668 1273 2733 agro
1320 2646 1600 2731 fecisset,
1646 2647 1701 2711 is
1741 2646 2133 2732 possideret3
2178 2652 2246 2712 at

206 2735 265 2799 si
311 2756 387 2799 ex
433 2735 791 2819 communi,
840 2736 1111 2821 quisque
1159 2758 1346 2801 suum
1390 2735 1724 2820 reciperet.

385 2855 459 2915 cf.
525 2854 802 2915 Frontini
864 2856 968 2916 lib.
1028 2857 1061 2915 I
1134 2876 1270 2917 cum
1343 2860 1680 2919 commento
1745 2878 1803 2934 p.
1859 2859 1938 2917 16
2015 2857 2080 2916 in
2143 2876 2241 2919 n.:

200 2938 250 3002 ‘.
283 2989 298 3002 .
331 2987 347 3001 .
380 2943 724 3004 lambiendo
764 2990 778 3004 .
808 2990 822 3004 .
851 2990 895 3023 .,
950 2945 1093 3022 quia
1146 2964 1266 3005 non
1306 2992 1320 3005 .
1348 2995 1361 3007 .
1395 2939 1440 3005 .'
1497 2949 1560 3006 et
1615 2966 1687 3006 ex
1733 2946 2242 3007 demonstratione

201 3031 360 3090 artis
404 3031 810 3108 geometricae
858 3038 1141 3111 excerpta
1183 3034 1326 3095 ibid.
1372 3056 1430 3111 p.
1462 3038 1616 3097 399:
1678 3030 1725 3096 ‘.
1755 3082 1768 3095 .
1801 3034 2041 3096 Cassius
2087 3036 2243 3096 Lon-

199 3121 384 3199 ginus
424 3167 439 3181 .
467 3164 483 3180 .
513 3168 527 3182 .
564 3121 677 3181 hoc
733 3122 977 3200 statuit,
1040 3125 1112 3182 ut
1166 3124 1450 3201 quicquid
1506 3143 1666 3202 aqua
1709 3124 2049 3184 lambiendo
2105 3126 2243 3186 abs-

198 3210 442 3288 tulerit,
496 3229 808 3287 possessor
861 3212 1133 3287 amittat‚
1189 3214 1475 3291 quoniam
1532 3214 1761 3274 scilicet
1821 3214 2016 3291 ripam
2073 3233 2242 3274 suam

200 3298 337 3357 sine
393 3298 645 3358 alterius
702 3300 919 3360 damno
974 3301 1137 3361 tueri
1190 3303 1386 3363 debet.
1451 3302 1503 3362 si
1547 3321 1691 3363 vero
1746 3302 1940 3363 maior
1992 3303 2085 3364 vis
2142 3302 2242 3362 de·

200 3387 491 3463 currerit,
545 3390 608 3446 et
652 3388 715 3447 in
760 3388 909 3448 fines
956 3390 1211 3450 alterius
1256 3392 1497 3453 alveum
1545 3395 1745 3451 mutat
1792 3412 1984 3471 suum,
2030 3396 2094 3453 et
2136 3392 2244 3450 fiat

356 3562 382 3607 1
431 3556 524 3611 Fz.
560 3561 789 3629 rogatus
823 3558 1039 3613 fuisset.
