2575 3900
984 182 1031 233 ¹1.
1071 176 1448 234 PROCULUS
2098 181 2226 246 163

199 342 353 424 [nisi
407 344 625 407 tamen
670 345 935 425 paratus
983 340 1070 407 sit
1112 342 1359 425 petitor
1402 341 1542 425 pati
1586 342 1817 407 tollere
1865 364 2009 408 eum
2057 345 2224 409 aedi·

196 432 430 497 ficium.
530 430 700 515 quod
768 433 833 494 et
894 430 962 494 in
1024 450 1175 495 area
1228 432 1414 494 uxori
1469 430 1710 495 donata
1762 453 1878 515 per
1931 431 2224 516 iudicem,

199 521 308 605 qui
373 520 449 583 de
506 520 657 584 dote
721 518 1084 604 cognoscit,
1137 518 1499 583 faciendum
1559 519 1901 602 dixerunt}
1999 521 2110 586 sed
2167 522 2225 587 si

197 628 468 692 puerum
524 628 766 689 meum,
822 628 966 671 cum
1011 605 1404 691 possidereS,
1459 608 1804 692 erudisseS,
1867 628 1998 673 non
2053 610 2224 675 idem

197 696 668 762 observandum
714 694 1026 761 Proculus
1078 696 1433 779 existimat,
1491 697 1641 781 quia
1701 698 1958 780 [neque]
2007 720 2224 763 carere

196 806 384 851 servo
431 806 575 850 meo
618 784 837 868 <non>
886 784 1152 848 debeam
1200 785 1345 865 [nec
1390 788 1609 869 potest
1653 786 2006 850 remedium
2052 787 2221 852 idem

196 874 517 955 adhiberi,
563 873 734 957 quod
780 875 846 937 in
893 894 1046 937 area
1089 872 1412 956 diximus}
1593 890 1600 899 ·

374 968 446 1027 cf
483 967 730 1027 Pernice
775 959 1101 1043 11²‚383fi

380 1051 526 1116 100.
572 1052 649 1116 D.
678 1051 783 1133 22,
815 1050 1093 1134 1,19pr.
1184 1047 1387 1113 Gaius
1434 1050 1603 1114 libro
1649 1055 1830 1115 sexto
1880 1051 1960 1115 ad
2007 1052 2220 1138 legem

195 1140 534 1204 duodecim
598 1139 970 1204 tabularum
1033 1136 1134 1240 (P.
1179 1134 1362 1223 440).
1416 1172 1503 1185 -·—
1562 1137 1941 1223 Videamus„
2006 1163 2089 1206 an
2149 1142 2219 1206 in

195 1230 496 1294 omnibus
543 1228 736 1293 rebus
768 1226 1002 1331 ‘petitis
1050 1228 1120 1291 in
1166 1225 1417 1291 fructus
1465 1248 1717 1311 quoque
1756 1229 2221 1295 condemnatur

192 1336 535 1419 possessor
580 1366 593 1381 .
624 1366 638 1381 .
668 1365 682 1380 .
730 1317 787 1381 si
832 1336 987 1380 usus
1037 1316 1280 1380 fructus
1327 1316 1567 1398 petitus
1617 1316 1720 1399 sit,
1766 1316 2077 1383 Proculus
2126 1322 2221 1383 ait

194 1408 264 1470 in
308 1406 559 1471 fructus
601 1409 943 1489 perceptos
989 1404 1424 1468 condemnari.

376 1495 520 1559 101.
595 1494 671 1558 D.
708 1494 769 1575 5,
808 1495 866 1576 3,
893 1493 981 1557 40
998 1514 1093 1576 pr.
1194 1492 1433 1556 Paulus
1497 1492 1662 1557 libro
1729 1493 2075 1559 vicensimo
2137 1497 2218 1561 ad

192 1583 475 1648 edictum
530 1579 630 1669 (P.
668 1582 845 1664 322).
904 1616 981 1629 --
1044 1580 1213 1644 lllud
1269 1629 1282 1644 .
1289 1598 1329 1644 ’.
1386 1580 1558 1666 quod
1621 1581 1688 1645 in
1745 1583 2034 1647 oratione
2090 1584 2218 1649 divi

193 1671 514 1736 Hadriani
579 1674 705 1752 est,
767 1676 841 1735 ut
901 1673 1057 1753 post
1119 1674 1457 1752 acceptum
1520 1669 1825 1734 iudicium
1889 1670 1954 1735 id
2015 1674 2218 1738 actori

192 1764 584 1845 praestetur,
641 1760 809 1842 quod
865 1758 1205 1823 habiturus
1260 1762 1461 1841 esset,
1517 1758 1572 1822 si
1627 1778 1703 1822 eo
1754 1765 2044 1844 tempore
2091 1783 2216 1845 quo

191 1849 363 1932 petit
428 1848 732 1913 restituta
797 1850 969 1912 esset
1022 1845 1374 1930 hereditas,
1438 1846 1757 1911 interdum
1815 1848 2043 1913 durum
2100 1855 2216 1915 est.

190 1938 345 2022 quid
406 1989 420 2003 .
450 1986 494 2022 .,
548 1937 603 2001 si
655 1940 809 2022 post
864 1937 1045 2002 litem
1102 1938 1536 2001 contestatam
1593 1936 1912 2021 mancipia
1968 1942 2079 2003 aut
2122 1940 2216 2004 iu-

192 2030 411 2090 menta
476 2032 589 2091 aut
650 2046 884 2110 pecora
948 2024 1378 2108 deperierint?
1445 2025 1738 2090 damnari
1805 2026 2062 2091 debebit
2119 2045 2218 2094 se-⁴

190 2116 469 2181 cundum
526 2117 723 2180 verba
769 2113 1110 2197 orationis,
1167 2113 1320 2198 quia
1365 2112 1581 2197 potuit
1623 2114 1868 2198 petitor
1911 2117 2218 2182 restituta

191 2204 555 2268 hereditate
628 2203 1003 2268 distraxisse
1076 2221 1169 2266 ea.
1287 2205 1354 2265 et
1425 2202 1548 2268 hoc
1622 2205 1861 2269 iustum
1937 2224 2075 2269 esse
2146 2207 2216 2270 in

194 2292 587 2376 specialibus
622 2291 1047 2377 petitionibus
1075 2289 1350 2356 Proculo
1387 2291 1618 2375 placet.
1692 2289 1957 2358 Cassius
1991 2298 2216 2359 contra

194 2381 411 2446 sensit.

372 2476 443 2535 cf.
482 2473 755 2534 Cassium
798 2494 855 2550 p.
886 2475 987 2532 64.

650 2627 751 2693 De
795 2628 1171 2709 adquirendo
1216 2647 1423 2692 rerum
1468 2628 1757 2692 dominia

379 2735 522 2799 102.
576 2734 656 2799 D.
685 2737 789 2819 41,
822 2734 880 2815 1,
908 2736 990 2799 21
1015 2756 1110 2818 pr.
1197 2732 1597 2817 Pomponius
1652 2731 1819 2798 libro
1871 2732 2212 2798 undecimo

191 2825 269 2888 ad
327 2822 638 2889 Sabinum
695 2821 795 2908 (P.
834 2784 1039 2908 5'742).
1089 2859 1171 2868 —
1226 2819 1297 2887 Si
1353 2843 1574 2889 servus
1631 2843 1808 2887 meus
1862 2823 1986 2886 tibi
2042 2822 2213 2887 bona

190 2913 315 2978 fide
375 2912 646 2977 serviret
696 2916 760 2975 et
805 2930 941 2976 rem
989 2911 1249 2976 emisset
1293 2911 1658 2996 traditaque
1706 2909 1764 2975 ei
1811 2915 2006 2995 esset,
2058 2910 2211 2977 Pro-

192 3003 372 3065 culus
436 3022 552 3065 nec
615 3021 825 3064 meam
889 3001 1056 3084 fieri,
1120 3001 1267 3084 quia
1336 3021 1585 3065 servum
1644 3020 1773 3065 non
1826 3000 2213 3084 possideam,

188 3111 305 3155 nec
359 3096 570 3171 tuam,
626 3089 682 3152 si
739 3110 869 3153 non
920 3111 997 3152 ex
1042 3111 1111 3154 re
1159 3092 1273 3154 tua
1320 3087 1406 3152 sit
1452 3093 1695 3173 parata.
1788 3087 1899 3154 sed
1947 3089 2001 3154 si
2046 3087 2212 3154 liber

192 3179 362 3243 bona
408 3178 532 3242 fide
577 3178 703 3242 tibi
749 3177 1031 3242 serviens
1079 3178 1330 3262 emerit,
1375 3177 1581 3261 ipsius
1627 3176 1785 3242 fieri.

372 3267 516 3333 103.
584 3265 660 3332 D.
688 3267 793 3347 41,
826 3267 881 3348 1,
910 3265 1014 3349 27,
1042 3267 1101 3331 2.
1174 3265 1570 3349 Pomponius
1615 3265 1786 3331 libro
1829 3265 2209 3349 trigensimo

191 3357 271 3420 ad
322 3354 636 3421 Sabinum
684 3351 990 3441 (P.,750).
1042 3389 1117 3402 ——-
1170 3351 1363 3441 (Cum
1415 3357 1636 3436 partes
1692 3355 1961 3420 duorum
2016 3353 2212 3420 domi-

189 3466 425 3509 norum
482 3443 827 3507 ferrumine
882 3441 1300 3528 cohaereant)
1355 3491 1370 3508 .
1404 3494 1417 3509 .
1475 3444 1528 3507 si
1583 3447 1816 3508 neutra
1871 3443 2058 3508 alteri
2115 3467 2211 3508 ac-

194 3532 473 3598 cessioni
520 3536 645 3617 est,
694 3531 1055 3618 videamus,
1098 3553 1179 3596 ne
1224 3534 1339 3596 aut
1382 3531 1713 3617 utriusque
1761 3552 1898 3596 esse
1948 3531 2211 3596 dicenda

1785 3634 1893 3687 11*
