2575 3900
373 194 412 257 6
475 195 566 248 111.
596 194 746 250 GAIl
776 194 1071 250 CLAUDII
1097 195 1371 252 NERON.
1398 195 1687 252 GALBAE
1716 196 1933 251 ΤΕΜΡ.
1951 193 2150 249 IURIS
2176 191 2383 250 CONS.

824 361 904 420 II.
965 361 1064 421 De
1110 363 1679 439 usucapionibus
1726 363 1919 440 libri.

539 483 650 544 His
689 484 854 544 libris
893 502 931 544 a
957 484 1288 562 Papiniano
1318 488 1580 548 laudatis
1610 481 1709 568 (D.
1729 489 1833 565 41,
1866 491 1923 564 2,
1953 478 2090 566 47),
2129 502 2389 561 quorum

361 591 675 633 numerum
695 573 1006 649 nescimus,
1027 573 1411 634 attribuenda
1431 576 1711 636 videntur
1736 594 1887 652 quae
1917 576 1990 634 de
2008 573 2390 651 possessione

361 660 625 720 Nervam
669 661 886 720 dixisse
931 662 1198 723 tradunt.
1289 664 1497 741 itaque
1544 684 1678 724 eum
1724 668 1786 723 et
1830 663 2121 740 priorum,
2170 680 2263 721 ex.
2300 678 2392 736 gr.

362 748 658 809 Labeonis
687 741 788 832 (D.
811 751 916 826 41,
938 753 995 827 2,
1020 752 1151 828 1‚4.
1198 753 1302 828 41,
1325 756 1382 829 2,
1411 754 1515 811 47.
1543 749 1647 812 42.
1696 756 1752 822 3,
1776 742 1909 833 17),
1957 756 2019 810 et
2046 769 2159 810 sua
2196 749 2393 825 ipsius

360 855 644 913 responsa
687 837 780 897 his
824 838 996 898 libris
1040 839 1362 899 inseruisse
1408 845 1659 917 apparet
1704 831 1805 922 (D.
1834 842 1938 912 41,
1972 844 2031 916 2,
2063 840 2121 915 3,
2156 831 2296 918 17).

538 939 593 1002 1.
657 937 736 1004 D.
772 940 878 1018 41,
917 939 975 1022 2,
1017 941 1072 1022 1,
1113 941 1174 1004 1.
1269 939 1513 1005 Paulus
1573 941 1738 1007 libro
1798 939 2395 1024 quinquagensimo

251 1027 256 1032 ’
359 1029 584 1109 quarto
641 1026 724 1091 ad
778 1026 1057 1092 edictum
1114 1025 1215 1112 (P.
1255 1027 1435 1114 656).
1485 1065 1562 1076 —
1612 1029 1990 1094 Dominium
2047 1077 2062 1092 .
2097 1077 2112 1092 .
2170 1046 2397 1090 rerum

355 1136 433 1178 ex
480 1116 765 1180 naturali
809 1115 1216 1198 possessione
1262 1118 1550 1200 coepisse
1594 1115 1812 1181 Nerva
1856 1116 2028 1181 filius
2077 1115 2174 1180 ait
2222 1113 2398 1177 eius-

356 1223 476 1287 que
529 1203 625 1267 rei
679 1204 1027 1289 vestigium
1082 1225 1413 1269 remanere
1468 1206 1537 1269 in
1592 1205 1721 1282 his,
1778 1226 1941 1289 quae
1996 1208 2175 1268 terra
2223 1200 2399 1266 mari

354 1291 654 1374 caeloque
716 1293 1086 1378 capiuntur3
1149 1314 1302 1357 nam
1356 1293 1515 1358 haec
1569 1291 1863 1376 protinus
1921 1314 2149 1358 eorum
2206 1291 2400 1372 fiunt,

355 1379 465 1462 qui
509 1380 703 1463 primi
746 1381 1228 1464 possessionem
1273 1402 1497 1445 eorum
1545 1380 2103 1465 adprehenderint.

527 1489 602 1549 cf.
631 1488 762 1549 Gai.
792 1493 848 1564 2,
878 1493 979 1551 66.

526 1591 584 1655 2.
649 1589 728 1654 D.
767 1590 920 1654 ibid.
957 1593 998 1670 ἓ
1039 1591 1097 1654 3.
1155 1626 1240 1635 --
1298 1637 1313 1654 .
1351 1639 1368 1655 .
1422 1589 1648 1654 Ofilius
1702 1639 1717 1654 .
1749 1639 1764 1654 .
1820 1595 1885 1655 et
1933 1590 2157 1657 Nerva
2214 1591 2399 1655 filius

348 1677 543 1742 etiam
592 1679 733 1743 sine
778 1681 1017 1743 tutoris
1066 1679 1456 1743 auctoritate
1498 1677 1826 1762 possidere
1865 1680 2152 1763 incipere
2190 1700 2401 1762 posse

346 1766 664 1849 pupillum
719 1766 928 1852 aiunt3
986 1788 1131 1831 eam
1189 1767 1362 1829 enim
1416 1787 1550 1829 rem
1596 1765 1780 1850 facti,
1833 1788 1967 1832 non
2013 1768 2177 1832 iuris
2228 1788 2403 1832 esse.

525 1856 583 1919 3.
647 1853 727 1919 D.
757 1854 912 1919 ibid.
941 1857 982 1935 ἓ
1018 1855 1118 1919 14.
1164 1890 1253 1900 -—
1297 1852 1421 1917 Per
1478 1874 1734 1917 servum
1789 1855 1900 1937 qui
1955 1856 2023 1920 in
2070 1855 2235 1940 fuga
2285 1855 2404 1940 sit,

344 1942 510 2007 nihil
571 1964 761 2027 posse
825 1965 944 2009 nos
1001 1942 1333 2027 possidere
1385 1940 1605 2006 Nerva
1656 1941 1830 2006 filius
1887 1943 2010 2028 ait,
2074 1944 2235 2010 licet
2292 1967 2405 2009 re-

344 2031 754 2115 spondeatur,
802 2032 1113 2117 quamdiu
1161 2031 1242 2095 ab
1292 2030 1421 2095 alio
1466 2051 1598 2093 non
1637 2030 2065 2114 possideatur,
2114 2055 2155 2098 a
2190 2033 2401 2098 nobis

344 2140 491 2184 eum
535 2118 855 2202 possideri
901 2121 1177 2203 ideoque
1223 2118 1488 2182 interim
1536 2117 1729 2181 etiam
1776 2121 2063 2203 usucapi.

521 2207 582 2274 4.
629 2206 707 2271 D.
726 2208 879 2273 ibid.
899 2212 940 2290 ξ
959 2209 1066 2273 22.
1097 2242 1184 2253 -
1212 2205 1573 2287 Municipes
1608 2225 1721 2284 per
1756 2226 1824 2268 se
1855 2207 2019 2270 nihil
2050 2208 2400 2292 possidere

340 2298 636 2380 possunt,
684 2296 835 2381 quia
878 2294 1171 2361 universi
1217 2292 1585 2357 consentire
1619 2313 1751 2356 non
1786 2300 2082 2375 possunt.
2168 2296 2401 2361 forum

344 2387 559 2448 autem
608 2387 675 2448 et
721 2384 1060 2449 basilicam
1107 2382 1339 2463 hisque
1386 2378 1623 2442 similia
1667 2400 1797 2443 non
1842 2384 2216 2467 possident,
2278 2386 2401 2449 sed

337 2473 702 2555 promiscue
739 2472 843 2536 his
882 2475 1171 2536 utuntur.
1247 2466 1359 2531 sed
1387 2465 1600 2530 Nerva
1625 2465 1795 2530 filius
1826 2469 1937 2552 ait,
1974 2492 2093 2553 per
2123 2494 2401 2537 servum

341 2582 504 2644 quae
541 2561 950 2646 peculiariter
988 2554 1417 2640 adquisierint
1454 2555 1519 2615 et
1553 2553 1882 2635 possidere
1922 2561 1988 2621 et
2025 2581 2398 2644 usucapere

383 2670 545 2714 osse.

335 2671 379 2733 P
514 2737 572 2801 5.
637 2737 714 2802 D.
747 2738 853 2820 41,
881 2738 944 2817 2,
972 2736 1035 2817 3,
1067 2731 1169 2795 13.
1269 2727 1513 2791 Paulus
1568 2728 1734 2790 libro
1790 2730 2397 2818 quinquagensimo

338 2827 567 2906 quarto
606 2824 686 2885 ad
725 2824 1008 2887 edictum
1039 2816 1143 2901 (P.
1162 2812 1368 2897 658⁰).
1400 2848 1480 2859 —
1511 2812 1727 2876 Nerva
1760 2814 1932 2881 filius
1965 2842 2070 2884 res
2102 2824 2397 2889 mobiles

337 2913 601 2991 excepto
666 2908 956 2989 homine,
1024 2905 1345 2987 quatenus
1412 2898 1529 2962 sub
1595 2900 1884 2966 custodia
1938 2912 2173 2975 nostra
2231 2912 2397 2997 sint,

333 2997 647 3061 hactenus
670 2994 1009 3079 possideri,
1038 2989 1107 3054 id
1129 2992 1231 3052 est
1250 2988 1579 3087 quatenus,
1610 2986 1665 3049 si
1684 2988 1976 3076 velimus,
2004 3000 2391 3065 naturalem

330 3083 810 3168 possessionem
884 3075 1180 3146 nancisci
1251 3094 1592 3156 poss1mus.
1700 3096 1851 3140 nam
1914 3102 2116 3163 pecus
2188 3087 2396 3153 simul

334 3175 530 3255 atque
594 3170 998 3237 aberraverit
1065 3165 1182 3229 aut
1246 3183 1362 3226 vas
1422 3161 1516 3225 ita
1570 3161 1897 3247 exciderit,
1962 3174 2038 3232 ut
2092 3194 2231 3238 non
2293 3176 2394 3239 in·

332 3260 656 3345 veniatur,
709 3260 1017 3344 protinus
1078 3250 1372 3315 desinere
1419 3270 1457 3312 a
1499 3250 1687 3315 nobis
1733 3252 2084 3341 possideri,
2142 3260 2304 3326 licet
2354 3286 2392 3327 a

330 3348 511 3411 nullo
564 3350 1003 3431 possideatur,
1070 3336 1478 3403 dissimiliter
1533 3341 1727 3421 atque
1781 3339 1840 3403 si
1895 3343 2015 3407 sub
2076 3352 2391 3415 custodia

331 3456 478 3499 mea
541 3434 628 3500 sit
687 3459 806 3503 nec
872 3428 1255 3501 inveniatur
1311 3425 1491 3509 [quia
1544 3427 1915 3508 praesentia
1970 3431 2111 3497 eius
2172 3436 2265 3501 sit
2323 3442 2393 3504 et

327 3526 586 3588 tantum
635 3529 847 3592 cessat
894 3517 1170 3588 interim
1218 3512 1492 3597 diligens
1539 3513 1918 3595 inquisitio].
