2575 3900
801 242 849 291 6.
896 232 1311 289 IAVOLENUS
1346 232 1642 289 PRISCUS
2093 232 2225 299 453

394 406 467 465 of.
507 402 632 463 Gai.
672 406 730 480 3,
771 406 893 463 119
909 422 993 480 sq.
1041 447 1055 462 .
1129 447 1144 462 .
1180 403 1519 479 quaeritur,
1565 402 1618 461 si
1662 420 1871 462 servus
1916 406 2024 461 aut
2065 422 2233 478 pere-

216 494 427 570 grinus
484 493 884 570 spoponderit,
931 512 1007 551 an
1051 511 1159 569 pro
1217 511 1287 551 eo
1342 510 1595 568 sponsor
1638 494 1749 551 aut
1790 491 2234 567 fidepromissor

219 581 537 660 obligetur.
645 581 959 642 fideiussor
1027 600 1170 640 vero
1248 581 1525 640 omnibus
1588 580 2055 659 obligationibus
2114 628 2127 640 .
2166 626 2179 639 .
2218 627 2234 641 .

214 671 372 731 adici
422 674 643 747 potest.
735 688 802 730 ac
855 689 930 729 ne
985 670 1138 728 illud
1182 670 1421 746 quidem
1465 671 1742 744 interest,
1790 672 1994 729 utrum
2040 669 2235 729 civilis

215 779 297 819 an
340 760 636 818 naturalis
693 759 979 838 obligatio
1025 758 1105 818 sit
1149 759 1246 818 oui
1292 758 1612 836 adiciatur,
1659 759 1807 817 adeo
1854 758 2120 834 quidem,
2165 761 2237 817 ut

212 867 324 924 pro
389 866 562 908 servo
627 866 860 926 quoque
926 848 1260 923 obligetur,
1327 848 1453 907 sive
1518 849 1835 906 extraneus
1900 847 1982 907 sit
2043 846 2146 925 qui
2200 865 2237 904 a

215 956 391 997 servo
437 937 848 996 fideiussorem
894 937 1166 1013 accipiat,
1212 936 1339 996 sivo
1384 936 1512 1011 ipso
1560 935 1835 995 dominus
1880 934 1945 994 in
1979 935 2041 993 id
2078 936 2235 1011 quod

217 1025 334 1085 sibi
379 1025 682 1086 debeatur.

888 1108 988 1173 De
1029 1113 1256 1191 recepto
1304 1108 1568 1174 arbitrii.

397 1225 498 1289 63.
558 1222 630 1289 D.
659 1224 729 1306 4,
759 1224 827 1305 8,
855 1224 940 1287 39
971 1246 1065 1307 pr.
1156 1223 1501 1289 Iavolenus
1557 1223 1727 1288 libro
1772 1223 2112 1288 undecimo
2160 1244 2238 1287 ex

220 1310 468 1377 Cassio.
529 1349 602 1359 -—
667 1312 812 1377 Non
865 1333 941 1377 ex
994 1314 1274 1377 omnibus
1328 1314 1560 1397 cansiS,
1613 1332 1687 1377 ex
1739 1312 1960 1393 quibus
2013 1312 2239 1377 arbitri

204 1404 492 1486 paritum
549 1402 880 1468 sententiae
923 1422 1048 1465 non
1092 1406 1203 1486 est,
1244 1422 1451 1483 poena
1494 1422 1569 1465 ex
1612 1402 2039 1483 compromisso
2084 1422 2240 1466 oom-

216 1492 513 1573 mittitur,
567 1491 673 1555 sed
722 1511 798 1555 ex
848 1490 946 1554 his
999 1492 1354 1573 dumtaxat,
1408 1510 1565 1571 qnae
1613 1492 1697 1555 ad
1738 1491 2097 1555 solutionem
2128 1511 2238 1572 pe-

215 1581 434 1645 cuniae
455 1584 570 1643 aut
593 1599 836 1661 operam
857 1580 1272 1659 praebendam
1289 1580 1615 1661 pertinent.
1677 1579 1874 1643 Idem.
1930 1584 2239 1647 contuma-

217 1670 381 1733 ciam
427 1669 758 1751 litiyatoris
803 1668 1031 1731 arbiter
1063 1669 1298 1750 punire
1334 1669 1559 1750 poterit
1589 1669 1920 1749 pecuniam
1956 1689 2093 1732 eum
2130 1668 2239 1733 ad-

216 1759 488 1822 versario
525 1760 674 1822 dare
709 1756 984 1821 iubenda
1034 1778 1150 1838 quo
1194 1759 1265 1821 in
1301 1777 1554 1821 numero
1590 1756 1800 1821 haberi
1834 1777 1959 1821 non
1996 1762 2241 1842 oportet,

217 1847 276 1912 si
320 1848 563 1911 testium
608 1847 867 1910 nomina
911 1866 983 1911 ex
1018 1847 1318 1911 sententia
1353 1846 1577 1909 arbitri
1610 1845 1882 1910 exhibita
1915 1866 2041 1911 non
2076 1852 2239 1911 sunt.

396 1957 548 2018 Uter
603 1952 809 2017 ‘idem’
857 1958 962 2035 sit,
1019 1955 1258 2018 Cassius
1308 1977 1387 2017 an
1429 1957 1776 2035 IavolenuS,
1834 1958 2081 2017 dubium
2126 1961 2236 2018 est.

398 2069 500 2134 64.
559 2069 634 2134 D.
664 2070 816 2134 ibid.
848 2071 887 2148 ἓ
923 2070 977 2135 1.
1020 2107 1095 2116 -
1138 2068 1296 2135 Gum
1340 2070 1568 2133 arbiter
1611 2069 1774 2133 diem
1816 2070 2240 2152 compromissi

208 2157 484 2240 proferri
529 2159 726 2240 iussit,
770 2179 908 2223 oum
951 2158 1061 2224 hoc
1103 2160 1162 2222 ei
1194 2160 1568 2240 permissum
1612 2162 1715 2241 est,
1760 2158 2014 2224 alterius
2060 2179 2236 2222 mora

226 2247 407 2312 alteri
450 2248 537 2311 ad
567 2267 836 2330 poenam
879 2249 1371 2313 committendam
1403 2249 1673 2330 prodest.

1031 2473 1248 2534 Liber
1289 2473 1423 2534 XII.

400 2594 549 2654 Cum
593 2597 687 2656 his
733 2598 1087 2676 fragmentis
1132 2601 1374 2657 tantum
1421 2597 1493 2658 de
1528 2598 1761 2674 peculio
1800 2600 1863 2656 et
1900 2596 1973 2655 de
2009 2597 2073 2655 in
2107 2617 2237 2656 rem

223 2702 397 2745 verso
444 2690 686 2763 agatur,
730 2705 849 2746 non
895 2691 1114 2764 agatur
1160 2688 1232 2746 de
1281 2686 1631 2747 exercitoria
1676 2687 1773 2746 vel
1819 2687 1890 2745 de
1934 2685 2237 2745 institoria

221 2773 478 2849 actione,
536 2775 608 2832 de
662 2775 738 2833 iis
791 2775 1051 2853 negotiis
1109 2793 1304 2835 sermo
1360 2777 1544 2835 fuisse
1590 2775 1856 2853 videtur,
1910 2793 2062 2851 quae
2109 2774 2235 2833 sine

219 2863 390 2921 iussu
440 2863 538 2923 vel
593 2862 901 2922 voluntate
955 2864 1147 2940 patris
1205 2865 1504 2924 dominive
1559 2867 1865 2924 contracta
1913 2868 2069 2922 sunt.
2162 2864 2236 2925 cf.

219 2951 365 3010 Inst.
397 2953 455 3029 4,
488 2955 544 3029 7,
574 2953 632 3010 4.
690 2949 818 3011 Gai.
847 2954 906 3027 4,
939 2956 1038 3013 71.
1129 2944 1312 3034 (quae
1359 2952 1544 3012 Gaius
1592 2947 1687 3012 ‘de
1734 2953 1965 3012 actione
2010 2971 2129 3028 qua
2172 2955 2236 3012 in

218 3040 518 3116 peculium
563 3040 821 3100 filiorum
858 3041 1116 3101 familias
1157 3061 1586 3120 servorumque
1623 3034 1868 3119 agitur’,
1914 3060 1976 3100 se
2014 3040 2236 3100 dixisse

220 3131 280 3204 4,
311 3132 390 3189 69
438 3129 654 3206 tradit,
700 3148 772 3188 ea
814 3129 879 3188 in
924 3130 1125 3190 codice
1170 3131 1295 3208 legi
1339 3151 1458 3192 non
1504 3122 1871 3213 potuerunt.)

1028 3302 1128 3367 De
1161 3304 1419 3386 peculio.

397 3417 501 3483 65.
549 3416 626 3483 D.
651 3417 752 3498 15,
778 3417 956 3501 1,33.
977 3418 1080 3483 35.
1153 3415 1493 3483 Iavolenus
1538 3418 1705 3483 libro
1743 3416 2118 3484 duodecimo
2157 3438 2236 3482 ex

224 3504 305 3571 Oa
317 3512 467 3570 ssi0.
513 3541 596 3554 —-
644 3506 769 3571 Sed
809 3507 867 3570 si
909 3507 1050 3588 quis
1097 3525 1339 3571 servum
1385 3509 1477 3571 ita
1520 3509 1814 3586 vendidit,
1858 3512 1930 3571 ut
1959 3507 2235 3588 pretinm

209 3615 331 3679 pro
372 3594 616 3677 peculio
671 3595 984 3678 acciperet,
1024 3614 1216 3677 penes
1268 3616 1407 3659 eum
1459 3597 1696 3661 videtur
1746 3616 1870 3662 esse
1906 3595 2235 3678 peculium,
