2575 3900
2014 178 2197 233 XXIII

190 349 310 408 satis
365 351 630 410 constat.
729 346 900 408 cuius
965 347 1200 426 generis
1262 347 1512 406 fuerunt
1573 347 1799 406 liberae
1835 347 1942 408 'rei
1996 347 2197 424 publi-

186 457 270 496 cae
306 437 685 514 temporibus
731 435 793 496 G.
842 435 1040 512 Scipio
1085 435 1335 514 Nasica,
1380 435 1471 496 Ti.
1520 433 1948 513 Coruncanius,
1992 435 2058 497 P.
2095 435 2195 495 Li-

185 526 348 586 cinius
428 525 714 602 CrassuS‚
780 524 843 586 O.
906 524 1190 602 Aquilius
1265 523 1505 603 Gallus,
1579 523 1776 584 Aulus
1850 523 2196 602 Cascellius,

183 615 352 690 primo
415 618 561 692 post
631 613 1036 690 principatum
1117 613 1515 674 constitutum
1588 614 1829 674 saeculo
1908 613 2193 674 Cocceius

179 703 378 764 Nerva.
461 703 571 762 alii
614 702 768 762 iuris
813 703 995 779 periti
1038 702 1228 764 libros
1272 702 1517 779 quidem
1555 703 1629 762 de
1664 701 1797 762 iure
1834 702 1996 765 civili
2033 722 2195 763 com-

177 795 519 870 posuerunt,
581 791 983 868 respondendi
1045 810 1188 852 vero
1254 791 1449 852 officio
1512 810 1652 852 raro
1708 793 1948 852 tantum
1998 791 2197 851 functi

184 899 297 942 esse
332 881 632 960 videntur,
670 881 840 940 cuius
878 879 1114 958 generis
1150 880 1270 940 viri
1304 883 1377 941 ut
1413 881 1674 941 secundo
1712 882 1953 941 saeculo
1988 881 2195 957 plures

179 967 524 1048 extiterunt,
596 970 688 1031 ita
751 989 828 1028 ne
897 973 1076 1029 antea
1146 968 1387 1046 quidem
1444 969 1680 1030 desunt.
1790 972 1973 1046 atque
2036 970 2197 1030 inter

182 1058 394 1120 liberae
457 1061 546 1118 rei
609 1057 885 1134 publicae
945 1058 1098 1118 iuris
1150 1058 1379 1134 peritos
1435 1057 1497 1117 in
1551 1058 1646 1118 his
1701 1057 1999 1118 referendi
2055 1061 2197 1118 sunt

183 1147 444 1206 Aufidius
515 1147 788 1208 Namusa
855 1149 918 1206 et
979 1147 1238 1206 Alfenus
1302 1147 1529 1221 Varus,
1596 1145 1757 1206 inter
1818 1147 1997 1223 primi
2057 1151 2197 1222 post

183 1235 571 1312 principatum
616 1236 1015 1296 constitutum
1062 1236 1286 1296 saeculi
1331 1236 1555 1296 Fabius
1600 1235 1776 1295 Mela.

345 1325 416 1385 In
467 1325 870 1402 proponendis
925 1328 988 1385 et
1039 1324 1343 1402 responsis
1399 1328 1461 1384 et
1504 1324 1797 1385 librorum
1840 1324 2195 1402 fragmentis

185 1413 576 1475 additamenta
630 1417 1005 1491 posterorum
1061 1417 1124 1476 et
1171 1413 1497 1474 Iustiniani
1557 1414 1815 1473 maxime
1866 1413 2194 1490 interpola·

185 1502 362 1562 tiones
415 1503 750 1582 detegenda
803 1506 984 1580 atque
1029 1503 1299 1563 tollenda
1345 1506 1533 1563 erant.
1607 1521 1725 1579 qua
1769 1502 1835 1561 in
1876 1521 1942 1560 re
1990 1521 2195 1581 quam-

191 1610 350 1666 quam
399 1595 606 1653 nostra
661 1595 862 1652 aetate
916 1592 1194 1652 nonnulli
1248 1590 1367 1652 viri
1414 1590 1746 1652 doctissimi
1791 1593 1971 1667 etque
2020 1610 2193 1669 saga-

187 1678 394 1739 cissimi
433 1683 812 1758 aliquantum
857 1681 1118 1741 assecuti
1163 1683 1332 1757 sunt,
1377 1683 1582 1741 tamen
1624 1679 1825 1740 nescio
1878 1699 1954 1739 an
2008 1681 2197 1742 maior

191 1786 312 1842 pars
345 1771 600 1846 posteris
637 1770 1033 1848 relinquenda
1066 1770 1164 1832 sit.
1236 1769 1443 1846 itaque
1478 1770 1542 1829 in
1573 1771 1686 1830 hoc
1715 1787 1891 1845 opere
1919 1773 2195 1830 veterum

195 1857 382 1936 oratio,
425 1879 578 1936 quae
624 1859 865 1937 quidem
909 1859 1032 1918 iam
1075 1859 1175 1920 vel
1209 1862 1375 1920 certo
1412 1860 1511 1920 vel
1546 1858 1941 1934 probabiliter
1976 1877 2013 1917 a
2047 1859 2193 1918 viris

195 1944 364 2007 doctis
413 1950 701 2009 restituta
755 1950 916 2010 esset
969 1948 1069 2011 vel
1131 1948 1373 2009 restitui
1425 1950 1659 2027 posset,
1711 1947 1964 2026 proponi
2020 1967 2193 2024 opor-

197 2033 360 2097 tebat.

349 2125 714 2203 Ubicumque
767 2126 1038 2203 priorum
1091 2126 1477 2202 prudentium
1532 2126 1852 2205 librorum,
1917 2126 1980 2185 id
2035 2126 2194 2204 quod

199 2228 304 2271 non
354 2234 486 2275 raro
547 2216 644 2289 fit,
708 2216 1236 2292 interpretationes
1310 2216 1409 2276 vel
1483 2215 1781 2292 epitomae
1854 2217 2093 2274 tantum
2156 2234 2195 2275 a

201 2303 428 2373 posteris
468 2306 666 2364 factae
713 2324 752 2363 a
795 2304 1155 2364 Triboniano
1201 2303 1506 2365 adhibitae
1545 2307 1703 2379 sunt,
1749 2306 1822 2363 ut
1856 2321 2033 2364 suum
2071 2304 2194 2365 cui-

201 2408 298 2464 que
345 2393 736 2469 tribueretur,
789 2392 854 2452 in
909 2394 1162 2471 singulis
1205 2393 1559 2471 fragmentis
1604 2393 1953 2470 posterioris
1999 2394 2193 2453 oratio

204 2494 235 2535 a
269 2480 466 2554 prioris
511 2482 900 2543 discernenda
941 2484 1089 2560 erat,
1134 2482 1294 2560 quod
1329 2482 1393 2541 in
1429 2502 1650 2560 magna
1685 2484 1858 2558 parte
1894 2483 2192 2560 fragmen-

205 2566 377 2629 torum
416 2571 590 2631 hodie
636 2571 769 2630 fieri
812 2570 912 2631 vix
955 2574 1172 2647 potest.
1258 2590 1377 2647 qua
1423 2571 1495 2631 de
1540 2590 1605 2631 re
1652 2590 1788 2631 eum
1833 2572 2194 2647 generaliter

211 2659 453 2719 constitui
497 2662 783 2737 nequeat,
831 2660 903 2719 de
951 2661 1204 2739 singulis
1249 2660 1421 2719 libris
1464 2658 1790 2719 videndum
1838 2661 1948 2717 est.

355 2746 420 2807 In
463 2748 541 2809 iis
588 2766 826 2825 quoquc
869 2748 1069 2828 libris,
1113 2750 1178 2809 in
1222 2748 1440 2827 quibus
1487 2750 1551 2807 et
1591 2746 1861 2823 priorum
1905 2764 2195 2823 responsa

203 2832 423 2896 collecta
492 2838 847 2916 digestaque
916 2841 1056 2897 sunt
1119 2841 1182 2898 et
1244 2837 1491 2914 propria
1556 2836 1897 2915 colligentis
1960 2836 2195 2897 adiecta

203 2920 468 3003 videntur,
503 2926 734 2987 similes
773 2926 1180 2987 dubitationes
1211 2927 1504 3002 oriuntur,
1542 2926 1711 2987 cuius
1738 2925 1829 2986 rei
1858 2927 2194 3002 exemplum

203 3012 461 3083 praebent
503 3015 712 3075 Alfeni
756 3014 904 3075 Vari
949 3015 1220 3093 Digesta.

357 3103 554 3181 Neque
603 3122 708 3164 eos
752 3104 940 3165 libros
983 3104 1080 3164 ius
1121 3104 1299 3167 civile
1344 3104 1739 3179 illustranteS,
1782 3105 1886 3181 qui
1924 3122 1961 3163 a
1996 3123 2193 3183 gram-

205 3189 410 3252 maticis
469 3193 783 3270 compositi
853 3193 1134 3254 videntur
1195 3212 1351 3271 esse,
1413 3194 1604 3254 veluti
1666 3192 1830 3253 Aelii
1892 3192 2053 3253 Galli
2121 3195 2193 3254 de

206 3278 488 3341 verborum
524 3283 601 3342 ad
637 3282 733 3342 ius
771 3282 945 3343 civile
981 3282 1413 3359 pertinentium
1449 3281 1901 3361 significatione,
1946 3282 2195 3344 reicien-

209 3362 296 3425 dos
335 3372 564 3449 putavi3
617 3390 722 3432 eos
767 3390 939 3448 vero,
994 3372 1210 3447 quibus
1256 3390 1330 3431 ne
1376 3371 1905 3449 grammaticorum
1948 3372 2193 3448 quidem

208 3469 348 3515 more
380 3477 473 3519 res
506 3463 863 3536 tractantur,
900 3460 1093 3521 veluti
1130 3459 1385 3519 Senecae
1422 3461 1647 3518 librum
1682 3459 1755 3517 de
1792 3459 2193 3533 matrimoniO,

214 3548 450 3615 quamvis
490 3549 783 3611 nonnulla
820 3549 897 3609 ad
932 3549 1028 3609 ius
1064 3548 1427 3625 pertinentia
1460 3548 1819 3621 referantur,
1867 3564 1954 3604 ex.
1992 3564 2082 3621 gr.
2120 3545 2192 3601 de
