2575 3900
819 216 869 265 4.
918 211 978 266 L.
1018 209 1385 267 NERATIUS
1422 210 1716 268 PR-ISOUS
2145 211 2270 276 341

975 397 1070 458 De
1113 401 1296 458 servis
1340 399 1553 473 locatis,

435 500 538 564 11.
602 497 678 563 D.
718 499 823 576 33,
860 498 922 584 5,
961 498 1061 564 18.
1163 497 1473 565 Scaevola
1537 500 1706 566 libro
1769 500 1962 565 tertio
2022 500 2271 568 decimo

254 585 723 664 Quaestionum
760 585 862 673 (P.
893 586 1069 674 171).
1123 624 1199 636 —
1249 589 1535 654 Homine
1571 590 1793 674 legato
1827 585 2137 653 Neratius
2179 589 2272 653 ait

252 675 415 740 nihil
471 675 579 760 agi
630 675 968 760 repudiato
1013 675 1354 762 Pamphilo
1401 677 1620 764 itaque
1668 700 1812 742 eum
1858 679 2074 762 ipsum
2120 678 2275 762 eligi

301 785 465 830 osse.

252 788 295 852 p
436 855 536 921 12.
581 852 661 920 D.
689 853 793 936 35,
825 857 883 939 1,
912 855 1017 920 37.
1088 853 1327 920 Paulus
1373 855 1542 920 libro
1581 855 1898 941 singulari
1936 856 2017 920 ad
2054 857 2267 938 legem

251 941 508 1008 Fufiam
547 941 887 1008 Caniniam
925 941 1023 1030 (P.
1053 942 1230 1031 925).
1282 979 1360 991 —
1411 941 1481 1009 Si
1517 945 1662 1030 quis
1700 966 1864 1028 eum,
1903 966 2091 1029 quem
2129 944 2270 1027 ipse

254 1032 707 1097 manumittere
752 1054 882 1097 non
927 1037 1207 1116 poterat,
1260 1033 1575 1121 legaverit
1619 1033 1740 1112 ita,
1786 1038 1862 1098 ut
1905 1055 2051 1098 eum
2097 1033 2272 1118 lega-

252 1121 459 1185 tarius
524 1121 1037 1206 manumitteret,
1104 1122 1258 1204 [etsi
1313 1144 1352 1186 a
1407 1123 1626 1208 legato
1683 1144 1814 1189 non
1870 1121 2268 1206 repellatur,]

254 1232 387 1274 non
427 1215 527 1274 est
563 1210 1041 1294 compellendus
1093 1214 1167 1275 ut
1213 1213 1649 1294 manumittat,
1686 1212 1991 1297 quoniam
2029 1211 2269 1276 totiens

256 1297 604 1364 secundum
678 1299 1080 1364 voluntatem
1155 1301 1490 1364 testatoris
1563 1301 1777 1365 facere
1848 1299 2275 1384 compellitur,

254 1387 551 1473 quotiens
607 1394 832 1453 contra
882 1389 1097 1473 legem
1151 1388 1318 1453 nihil
1373 1390 1462 1453 sit
1507 1388 1814 1454 futurum.
1905 1388 2102 1473 idque
2147 1385 2276 1452 Ne-

254 1477 459 1541 ratius
516 1477 803 1560 scripsit,
858 1482 924 1542 et
975 1481 1195 1542 tamen
1250 1499 1289 1542 a
1343 1477 1558 1563 legato
1614 1499 1741 1542 non
1794 1499 1934 1542 esse
1981 1499 2124 1541 eum
2171 1498 2273 1540 re-

254 1565 654 1649 pellendum,
720 1567 1027 1650 quoniam
1091 1565 1302 1651 magis
1361 1565 1749 1653 legatarium
1805 1566 2046 1650 aliquid
2101 1586 2271 1631 com·

255 1653 518 1719 modum
572 1658 849 1719 testator
903 1656 973 1718 in
1024 1654 1149 1720 hoc
1209 1676 1395 1719 servo
1453 1676 1646 1739 quam
1689 1655 1990 1720 heredem
2036 1654 2272 1718 habere

256 1743 583 1808 voluisset.

431 1835 672 1896 Inclusa
713 1838 901 1897 verba
944 1856 983 1896 a
1026 1837 1390 1899 Triboniano
1436 1838 1667 1898 inserta
1711 1855 1842 1898 esse
1888 1837 2136 1898 Pernice
2183 1837 2276 1896 III

255 1945 313 2003 p.
345 1927 427 1987 36
474 1945 530 1987 n.
566 1929 599 1986 1
648 1926 889 1987 iudicat.

441 2030 541 2094 13.
596 2026 674 2093 D.
713 2029 815 2110 30,
851 2029 940 2095 45
956 2052 1047 2115 pr.
1138 2026 1537 2115 Pomponius
1584 2029 1754 2095 libro
1803 2034 1983 2095 sexto
2032 2029 2114 2093 ad
2161 2026 2275 2093 Sa-

256 2117 483 2182 binum
546 2114 647 2205 (P.
683 2115 863 2205 498).
923 2155 1005 2165 —
1062 2115 1132 2183 Si
1198 2142 1237 2184 a
1301 2120 1655 2184 substituto
1711 2117 1945 2203 pupilli
2006 2117 2273 2183 ancillas

256 2206 375 2270 tibi
416 2206 736 2293 legassem
775 2228 1012 2291 easque
1046 2210 1119 2271 tu
1159 2229 1197 2272 a
1232 2209 1478 2293 pupillo
1519 2208 1782 2273 emisses
1822 2214 1888 2272 et
1926 2211 2276 2291 antequam

260 2294 455 2359 scires
502 2296 625 2360 tibi
672 2296 923 2379 legatas
972 2316 1111 2361 esse
1159 2297 1564 2381 alienaveriS,
1608 2297 1771 2361 utile
1807 2298 2098 2380 legatum
2137 2316 2276 2360 esse

255 2379 567 2448 Neratius
614 2386 682 2448 et
726 2385 951 2450 Aristo
998 2390 1064 2448 et
1110 2382 1342 2449 Ofilius
1390 2385 1688 2469 probant.

887 2566 981 2624 Dc
1023 2567 1316 2627 Muciana
1362 2567 1639 2627 cautione.

442 2666 543 2731 14.
591 2664 669 2729 D.
689 2665 793 2750 35,
826 2667 884 2748 1,
906 2667 1055 2749 7pr.
1116 2663 1442 2751 Ulpianus
1470 2666 1636 2732 libro
1667 2670 1895 2731 octavo
1927 2664 2273 2753 decimoffl)

262 2754 344 2820 ad
383 2750 695 2819 Sabinum
738 2752 841 2841 (P.
869 2752 1093 2840 2595).
1138 2790 1224 2801 —-
1269 2754 1612 2820 Mucianae
1659 2754 1976 2819 cautionis
2023 2754 2276 2819 utilitas

259 2843 561 2909 consistit
605 2844 674 2909 in
721 2842 1231 2926 condicionibus,
1288 2864 1450 2929 quae
1496 2844 1564 2908 in
1610 2866 1739 2910 non
1786 2843 2080 2909 faciendo
2129 2848 2280 2908 sunt

259 2938 633 3017 conceptae,
678 2935 755 2997 ut
805 2937 969 3016 puta
1024 2930 1103 2997 ‘si
1151 2933 1219 2996 in
1258 2931 1651 3017 Capitolium
1697 2954 1826 2997 non
1873 2932 2278 3016 ascenderit',

260 3021 341 3085 ‘si
390 3019 682 3087 Stichum
738 3044 868 3087 non
927 3020 1396 3086 manumiserit'
1445 3027 1510 3087 et
1553 3022 1618 3087 in
1667 3022 2019 3107 similibus3
2078 3026 2142 3085 et
2187 3022 2280 3085 ita

260 3111 555 3176 Aristoni
602 3116 667 3176 et
712 3110 979 3177 Neratio
1028 3114 1093 3174 et
1137 3110 1394 3175 Iuliano
1443 3111 1651 3176 visum
1700 3115 1818 3177 est.

917 3294 1021 3355 Aa
1064 3296 1238 3369 leqem
1284 3294 1631 3355 Falcidiam.

444 3393 543 3460 15.
603 3393 678 3460 D.
719 3394 823 3479 35,
862 3396 921 3477 2,
959 3396 1063 3461 82.
1155 3394 1474 3480 Ulpianus
1529 3396 1701 3461 libro
1759 3402 1988 3461 octavo
2048 3394 2279 3477 Dispu-

260 3483 584 3550 tationum
634 3482 731 3569 (P.
765 3482 941 3567 144).
987 3520 1072 3530 —
1123 3483 1580 3567 Quaerebatur,
1627 3506 1772 3549 cum
1817 3485 1873 3548 is
1921 3484 2028 3567 qui
2071 3482 2280 3546 solum

261 3572 328 3637 in
378 3572 637 3637 nomine
676 3573 1150 3659 quadringenta
1185 3573 1255 3637 in
1293 3573 1482 3640 bonis
1520 3574 1803 3639 habebat
1839 3574 1966 3656 ipsi
2004 3567 2281 3635 debitori
