<?xml version="1.0" encoding="UTF-8"?>
<!DOCTYPE html PUBLIC "-//W3C//DTD XHTML 1.0 Transitional//EN"
    "http://www.w3.org/TR/xhtml1/DTD/xhtml1-transitional.dtd">
<html xmlns="http://www.w3.org/1999/xhtml" xml:lang="en" lang="en">
 <head>
  <title>
</title>
<meta http-equiv="Content-Type" content="text/html;charset=utf-8" />
  <meta name='ocr-system' content='tesseract 3.04.00' />
  <meta name='ocr-capabilities' content='ocr_page ocr_carea ocr_par ocr_line ocrx_word'/>
</head>
<body>
  <div class='ocr_page' id='page_1' title='image "./iurisprudentiae00unkngoog_0171.png"; bbox 0 0 2575 3900; ppageno 0'>
   <div class='ocr_carea' id='block_1_1' title="bbox 1051 170 2286 237">
    <p class='ocr_par' dir='ltr' id='par_1_1' title="bbox 1051 170 2286 237">
     <span class='ocr_line' id='line_1_1' title="bbox 1051 170 2286 237; baseline 0.007 -9"><span class='ocrx_word' id='word_1_1' title='bbox 1051 179 1100 228; x_wconf 75' lang='lat'><strong>7.</strong></span> <span class='ocrx_word' id='word_1_2' title='bbox 1136 170 1510 228; x_wconf 82' lang='lat' dir='ltr'>PROCULUS</span> <span class='ocrx_word' id='word_1_3' title='bbox 2158 171 2286 237; x_wconf 81' lang='lat'><strong>135</strong></span> 
     </span>
    </p>
   </div>
   <div class='ocr_carea' id='block_1_2' title="bbox 258 334 2288 934">
    <p class='ocr_par' dir='ltr' id='par_1_2' title="bbox 258 334 2288 934">
     <span class='ocr_line' id='line_1_2' title="bbox 268 334 2287 421; baseline 0.001 -24"><span class='ocrx_word' id='word_1_4' title='bbox 268 356 412 399; x_wconf 87' lang='lat' dir='ltr'><strong>eam</strong></span> <span class='ocrx_word' id='word_1_5' title='bbox 451 334 727 400; x_wconf 86' lang='lat' dir='ltr'><strong>insulam</strong></span> <span class='ocrx_word' id='word_1_6' title='bbox 758 334 963 419; x_wconf 87' lang='lat' dir='ltr'><strong>fulsit,</strong></span> <span class='ocrx_word' id='word_1_7' title='bbox 1000 357 1191 420; x_wconf 89' lang='lat' dir='ltr'><strong>quam</strong></span> <span class='ocrx_word' id='word_1_8' title='bbox 1222 335 1518 400; x_wconf 86' lang='lat' dir='ltr'><strong>dominus</strong></span> <span class='ocrx_word' id='word_1_9' title='bbox 1549 334 1736 420; x_wconf 84' lang='lat' dir='ltr'><strong>quasi</strong></span> <span class='ocrx_word' id='word_1_10' title='bbox 1761 335 1972 419; x_wconf 84' lang='lat' dir='ltr'><strong>impar</strong></span> <span class='ocrx_word' id='word_1_11' title='bbox 1999 335 2287 421; x_wconf 83' lang='lat' dir='ltr'><strong>sumptui</strong></span> 
     </span>
     <span class='ocr_line' id='line_1_3' title="bbox 261 413 2286 509; baseline 0.001 -21"><span class='ocrx_word' id='word_1_12' title='bbox 261 423 685 509; x_wconf 76' lang='lat' dir='ltr'><strong>dereliquerit</strong></span> <span class='ocrx_word' id='word_1_13' title='bbox 732 413 842 488; x_wconf 78' lang='lat' dir='ltr'><strong>&#39;vel</strong></span> <span class='ocrx_word' id='word_1_14' title='bbox 902 446 1093 509; x_wconf 84' lang='lat' dir='ltr'><strong>quam</strong></span> <span class='ocrx_word' id='word_1_15' title='bbox 1150 423 1275 489; x_wconf 88' lang='lat' dir='ltr'><strong>sibi</strong></span> <span class='ocrx_word' id='word_1_16' title='bbox 1329 424 1753 490; x_wconf 78' lang='lat' dir='ltr'><strong>necessariam</strong></span> <span class='ocrx_word' id='word_1_17' title='bbox 1809 446 1942 489; x_wconf 87' lang='lat' dir='ltr'><strong>non</strong></span> <span class='ocrx_word' id='word_1_18' title='bbox 1987 424 2286 508; x_wconf 82' lang='lat' dir='ltr'><strong>putavit?</strong></span> 
     </span>
     <span class='ocr_line' id='line_1_4' title="bbox 258 512 2287 598; baseline 0 -20"><span class='ocrx_word' id='word_1_19' title='bbox 258 515 559 592; x_wconf 79' lang='lat' dir='ltr'><strong>oneravit,</strong></span> <span class='ocrx_word' id='word_1_20' title='bbox 596 512 823 598; x_wconf 90' lang='lat' dir='ltr'><strong>inquit,</strong></span> <span class='ocrx_word' id='word_1_21' title='bbox 856 514 1178 578; x_wconf 79' lang='lat' dir='ltr'><strong>dominum</strong></span> <span class='ocrx_word' id='word_1_22' title='bbox 1212 515 1544 578; x_wconf 78' lang='lat' dir='ltr'><strong>secundum</strong></span> <span class='ocrx_word' id='word_1_23' title='bbox 1570 513 1876 578; x_wconf 78' lang='lat' dir='ltr'><strong><em>Labeonis</em></strong></span> <span class='ocrx_word' id='word_1_24' title='bbox 1908 515 2287 598; x_wconf 53' lang='lat' dir='ltr'><strong>sententiam,</strong></span> 
     </span>
     <span class='ocr_line' id='line_1_5' title="bbox 258 602 2288 704; baseline 0 -37"><span class='ocrx_word' id='word_1_25' title='bbox 258 621 401 704; x_wconf 54' lang='lat' dir='ltr'><strong>emsa</strong></span> <span class='ocrx_word' id='word_1_26' title='bbox 457 603 787 685; x_wconf 72' lang='lat' dir='ltr'><strong>unicuique</strong></span> <span class='ocrx_word' id='word_1_27' title='bbox 841 602 1022 670; x_wconf 78' lang='lat' dir='ltr'><strong>liceat</strong></span> <span class='ocrx_word' id='word_1_28' title='bbox 1072 608 1132 667; x_wconf 83' lang='lat' dir='ltr'><strong>et</strong></span> <span class='ocrx_word' id='word_1_29' title='bbox 1184 603 1404 668; x_wconf 79' lang='lat' dir='ltr'><strong>damni</strong></span> <span class='ocrx_word' id='word_1_30' title='bbox 1462 602 1673 684; x_wconf 78' lang='lat' dir='ltr'><strong>infecti</strong></span> <span class='ocrx_word' id='word_1_31' title='bbox 1723 603 1973 667; x_wconf 79' lang='lat' dir='ltr'><strong>nomine</strong></span> <span class='ocrx_word' id='word_1_32' title='bbox 2018 623 2148 668; x_wconf 80' lang='lat' dir='ltr'><strong>rem</strong></span> <span class='ocrx_word' id='word_1_33' title='bbox 2191 603 2288 667; x_wconf 83' lang='lat' dir='ltr'><strong>de-</strong></span> 
     </span>
     <span class='ocr_line' id='line_1_6' title="bbox 258 691 2286 886; baseline 0 -42"><span class='ocrx_word' id='word_1_34' title='bbox 258 691 811 886; x_wconf 37' lang='lat' dir='ltr'><strong>relwtqstzzgnffiam</strong></span> <span class='ocrx_word' id='word_1_35' title='bbox 856 784 953 844; x_wconf 90' lang='lat' dir='ltr'><strong>hic</strong></span> <span class='ocrx_word' id='word_1_36' title='bbox 998 785 1303 863; x_wconf 85' lang='lat' dir='ltr'><strong>proposui,</strong></span> <span class='ocrx_word' id='word_1_37' title='bbox 1351 804 1488 845; x_wconf 92' lang='lat' dir='ltr'><strong>cum</strong></span> <span class='ocrx_word' id='word_1_38' title='bbox 1531 785 1732 845; x_wconf 91' lang='lat' dir='ltr'><strong>locum</strong></span> <span class='ocrx_word' id='word_1_39' title='bbox 1767 785 1961 862; x_wconf 84' lang='lat' dir='ltr'><strong>magis</strong></span> <span class='ocrx_word' id='word_1_40' title='bbox 2005 785 2286 845; x_wconf 88' lang='lat' dir='ltr'><strong>idoneum</strong></span> 
     </span>
     <span class='ocr_line' id='line_1_7' title="bbox 258 891 538 934; baseline 0.004 -2"><span class='ocrx_word' id='word_1_41' title='bbox 258 891 538 934; x_wconf 80' lang='lat' dir='ltr'><strong>nesciam.</strong></span> 
     </span>
    </p>
   </div>
   <div class='ocr_carea' id='block_1_3' title="bbox 256 973 2287 1945">
    <p class='ocr_par' dir='ltr' id='par_1_3' title="bbox 256 973 2287 1945">
     <span class='ocr_line' id='line_1_8' title="bbox 440 973 2284 1059; baseline 0.001 -20"><span class='ocrx_word' id='word_1_42' title='bbox 440 975 545 1040; x_wconf 85' lang='lat'><strong>13.</strong></span> <span class='ocrx_word' id='word_1_43' title='bbox 592 974 668 1039; x_wconf 95' lang='lat' dir='ltr'><strong>D.</strong></span> <span class='ocrx_word' id='word_1_44' title='bbox 698 976 758 1059; x_wconf 82' lang='lat'><strong>3,</strong></span> <span class='ocrx_word' id='word_1_45' title='bbox 786 975 849 1058; x_wconf 86' lang='lat'><strong>5,</strong></span> <span class='ocrx_word' id='word_1_46' title='bbox 879 976 981 1040; x_wconf 89' lang='grc'><strong>10.</strong></span> <span class='ocrx_word' id='word_1_47' title='bbox 1056 973 1453 1058; x_wconf 85' lang='lat' dir='ltr'>Pomponius</span> <span class='ocrx_word' id='word_1_48' title='bbox 1490 975 1657 1040; x_wconf 87' lang='lat' dir='ltr'><strong>libro</strong></span> <span class='ocrx_word' id='word_1_49' title='bbox 1692 974 2042 1040; x_wconf 86' lang='lat' dir='ltr'><strong>vicensimo</strong></span> <span class='ocrx_word' id='word_1_50' title='bbox 2071 976 2284 1059; x_wconf 90' lang='lat' dir='ltr'><strong>primo</strong></span> 
     </span>
     <span class='ocr_line' id='line_1_9' title="bbox 258 1061 2286 1153; baseline 0 -25"><span class='ocrx_word' id='word_1_51' title='bbox 258 1062 340 1128; x_wconf 84' lang='lat' dir='ltr'><strong>ad</strong></span> <span class='ocrx_word' id='word_1_52' title='bbox 387 1061 695 1138; x_wconf 83' lang='lat' dir='ltr'><strong>Quintum</strong></span> <span class='ocrx_word' id='word_1_53' title='bbox 742 1063 1029 1129; x_wconf 90' lang='lat' dir='ltr'><strong>Mucium</strong></span> <span class='ocrx_word' id='word_1_54' title='bbox 1075 1061 1177 1153; x_wconf 88' lang='lat' dir='ltr'><strong>(P.</strong></span> <span class='ocrx_word' id='word_1_55' title='bbox 1204 1065 1382 1148; x_wconf 81' lang='grc'><strong>278).</strong></span> <span class='ocrx_word' id='word_1_56' title='bbox 1435 1100 1511 1110; x_wconf 89' lang='grc'>-</span> <span class='ocrx_word' id='word_1_57' title='bbox 1565 1062 1634 1130; x_wconf 83' lang='lat' dir='ltr'><strong>Si</strong></span> <span class='ocrx_word' id='word_1_58' title='bbox 1686 1064 1951 1148; x_wconf 86' lang='lat' dir='ltr'><strong>negotia</strong></span> <span class='ocrx_word' id='word_1_59' title='bbox 1997 1063 2286 1129; x_wconf 83' lang='lat' dir='ltr'><strong>absentis</strong></span> 
     </span>
     <span class='ocr_line' id='line_1_10' title="bbox 258 1151 2287 1238; baseline 0 -22"><span class='ocrx_word' id='word_1_60' title='bbox 258 1155 329 1216; x_wconf 90' lang='lat' dir='ltr'><strong>et</strong></span> <span class='ocrx_word' id='word_1_61' title='bbox 392 1151 757 1236; x_wconf 81' lang='lat' dir='ltr'><strong>ignorantis</strong></span> <span class='ocrx_word' id='word_1_62' title='bbox 822 1173 1039 1238; x_wconf 82' lang='lat' dir='ltr'><strong>geraS,</strong></span> <span class='ocrx_word' id='word_1_63' title='bbox 1102 1157 1169 1217; x_wconf 91' lang='lat' dir='ltr'><strong>et</strong></span> <span class='ocrx_word' id='word_1_64' title='bbox 1232 1154 1487 1237; x_wconf 89' lang='lat' dir='ltr'><strong>culpam</strong></span> <span class='ocrx_word' id='word_1_65' title='bbox 1553 1157 1618 1217; x_wconf 92' lang='lat' dir='ltr'><strong>et</strong></span> <span class='ocrx_word' id='word_1_66' title='bbox 1681 1152 1900 1218; x_wconf 88' lang='lat' dir='ltr'><strong>dolum</strong></span> <span class='ocrx_word' id='word_1_67' title='bbox 1953 1156 2287 1237; x_wconf 84' lang='lat' dir='ltr'><strong>praestare</strong></span> 
     </span>
     <span class='ocr_line' id='line_1_11' title="bbox 258 1239 2286 1325; baseline 0 -19"><span class='ocrx_word' id='word_1_68' title='bbox 258 1239 473 1306; x_wconf 87' lang='lat' dir='ltr'><strong>debes.</strong></span> <span class='ocrx_word' id='word_1_69' title='bbox 557 1242 668 1306; x_wconf 88' lang='lat' dir='ltr'><strong>sed</strong></span> <span class='ocrx_word' id='word_1_70' title='bbox 714 1240 1025 1308; x_wconf 85' lang='lat' dir='ltr'><strong>Proculus</strong></span> <span class='ocrx_word' id='word_1_71' title='bbox 1070 1242 1396 1306; x_wconf 88' lang='lat' dir='ltr'><strong>interdum</strong></span> <span class='ocrx_word' id='word_1_72' title='bbox 1443 1241 1638 1307; x_wconf 87' lang='lat' dir='ltr'><strong>etiam</strong></span> <span class='ocrx_word' id='word_1_73' title='bbox 1686 1263 1905 1307; x_wconf 87' lang='lat' dir='ltr'><strong>casum</strong></span> <span class='ocrx_word' id='word_1_74' title='bbox 1953 1244 2286 1325; x_wconf 84' lang='lat' dir='ltr'><strong>praestare</strong></span> 
     </span>
     <span class='ocr_line' id='line_1_12' title="bbox 259 1329 2282 1417; baseline 0 -24"><span class='ocrx_word' id='word_1_75' title='bbox 259 1329 510 1415; x_wconf 87' lang='lat' dir='ltr'><strong>debere,</strong></span> <span class='ocrx_word' id='word_1_76' title='bbox 547 1331 751 1395; x_wconf 84' lang='lat' dir='ltr'><strong>veluti</strong></span> <span class='ocrx_word' id='word_1_77' title='bbox 789 1330 848 1396; x_wconf 91' lang='lat' dir='ltr'><strong>si</strong></span> <span class='ocrx_word' id='word_1_78' title='bbox 882 1352 1123 1396; x_wconf 83' lang='lat' dir='ltr'><strong>novum</strong></span> <span class='ocrx_word' id='word_1_79' title='bbox 1160 1331 1516 1417; x_wconf 84' lang='lat' dir='ltr'><strong>negotium,</strong></span> <span class='ocrx_word' id='word_1_80' title='bbox 1554 1331 1724 1415; x_wconf 91' lang='lat' dir='ltr'><strong>quod</strong></span> <span class='ocrx_word' id='word_1_81' title='bbox 1759 1351 1892 1394; x_wconf 93' lang='lat' dir='ltr'><strong>non</strong></span> <span class='ocrx_word' id='word_1_82' title='bbox 1929 1331 2017 1394; x_wconf 91' lang='lat' dir='ltr'><strong>sit</strong></span> <span class='ocrx_word' id='word_1_83' title='bbox 2053 1329 2282 1396; x_wconf 87' lang='lat' dir='ltr'><strong>solitus</strong></span> 
     </span>
     <span class='ocr_line' id='line_1_13' title="bbox 259 1418 2284 1504; baseline 0 -20"><span class='ocrx_word' id='word_1_84' title='bbox 259 1419 493 1484; x_wconf 85' lang='lat' dir='ltr'><strong>absens</strong></span> <span class='ocrx_word' id='word_1_85' title='bbox 548 1419 787 1503; x_wconf 87' lang='lat' dir='ltr'><strong>facere,</strong></span> <span class='ocrx_word' id='word_1_86' title='bbox 851 1423 923 1484; x_wconf 91' lang='lat' dir='ltr'><strong>tu</strong></span> <span class='ocrx_word' id='word_1_87' title='bbox 975 1418 1238 1486; x_wconf 87' lang='lat' dir='ltr'><strong>nomine</strong></span> <span class='ocrx_word' id='word_1_88' title='bbox 1295 1419 1431 1484; x_wconf 89' lang='lat' dir='ltr'><strong>eius</strong></span> <span class='ocrx_word' id='word_1_89' title='bbox 1487 1439 1705 1504; x_wconf 84' lang='lat' dir='ltr'><strong>geras,</strong></span> <span class='ocrx_word' id='word_1_90' title='bbox 1768 1419 1970 1483; x_wconf 79' lang='lat' dir='ltr'><strong>veluti</strong></span> <span class='ocrx_word' id='word_1_91' title='bbox 2026 1419 2284 1485; x_wconf 86' lang='lat' dir='ltr'><strong>venales</strong></span> 
     </span>
     <span class='ocr_line' id='line_1_14' title="bbox 256 1506 2281 1593; baseline 0.001 -22"><span class='ocrx_word' id='word_1_92' title='bbox 256 1506 545 1573; x_wconf 75' lang='lat' dir='ltr'><strong>novicios</strong></span> <span class='ocrx_word' id='word_1_93' title='bbox 582 1508 932 1574; x_wconf 90' lang='lat' dir='ltr'><strong>coemendo</strong></span> <span class='ocrx_word' id='word_1_94' title='bbox 972 1509 1073 1574; x_wconf 80' lang='lat' dir='ltr'><strong>vel</strong></span> <span class='ocrx_word' id='word_1_95' title='bbox 1110 1508 1397 1593; x_wconf 76' lang='lat' dir='ltr'><strong>aliquam</strong></span> <span class='ocrx_word' id='word_1_96' title='bbox 1433 1507 1944 1592; x_wconf 74' lang='lat' dir='ltr'><strong>negotiationem</strong></span> <span class='ocrx_word' id='word_1_97' title='bbox 1981 1507 2281 1574; x_wconf 89' lang='lat' dir='ltr'><strong>ineundo.</strong></span> 
     </span>
     <span class='ocr_line' id='line_1_15' title="bbox 256 1595 2286 1681; baseline 0.001 -21"><span class='ocrx_word' id='word_1_98' title='bbox 256 1617 410 1660; x_wconf 86' lang='lat' dir='ltr'><strong>nam</strong></span> <span class='ocrx_word' id='word_1_99' title='bbox 473 1597 529 1660; x_wconf 88' lang='lat' dir='ltr'><strong>si</strong></span> <span class='ocrx_word' id='word_1_100' title='bbox 594 1597 743 1681; x_wconf 91' lang='lat' dir='ltr'><strong>quid</strong></span> <span class='ocrx_word' id='word_1_101' title='bbox 807 1596 1116 1662; x_wconf 87' lang='lat' dir='ltr'><strong>damnum</strong></span> <span class='ocrx_word' id='word_1_102' title='bbox 1181 1619 1260 1666; x_wconf 80' lang='lat' dir='ltr'><strong>ex</strong></span> <span class='ocrx_word' id='word_1_103' title='bbox 1325 1619 1399 1662; x_wconf 89' lang='lat' dir='ltr'><strong>ea</strong></span> <span class='ocrx_word' id='word_1_104' title='bbox 1457 1618 1527 1661; x_wconf 91' lang='lat' dir='ltr'><strong>re</strong></span> <span class='ocrx_word' id='word_1_105' title='bbox 1583 1601 1871 1662; x_wconf 86' lang='lat' dir='ltr'><strong>secutum</strong></span> <span class='ocrx_word' id='word_1_106' title='bbox 1925 1595 2150 1678; x_wconf 87' lang='lat' dir='ltr'><strong>fuerit,</strong></span> <span class='ocrx_word' id='word_1_107' title='bbox 2221 1601 2286 1662; x_wconf 91' lang='lat' dir='ltr'><strong>te</strong></span> 
     </span>
     <span class='ocr_line' id='line_1_16' title="bbox 256 1685 2279 1770; baseline 0.001 -22"><span class='ocrx_word' id='word_1_108' title='bbox 256 1689 580 1770; x_wconf 89' lang='lat' dir='ltr'><strong>sequetur,</strong></span> <span class='ocrx_word' id='word_1_109' title='bbox 616 1686 869 1752; x_wconf 90' lang='lat' dir='ltr'><strong>lucrum</strong></span> <span class='ocrx_word' id='word_1_110' title='bbox 906 1707 1056 1752; x_wconf 84' lang='lat' dir='ltr'><strong>vero</strong></span> <span class='ocrx_word' id='word_1_111' title='bbox 1096 1687 1457 1770; x_wconf 82' lang='lat' dir='ltr'><strong>absentem3</strong></span> <span class='ocrx_word' id='word_1_112' title='bbox 1498 1685 1668 1770; x_wconf 90' lang='lat' dir='ltr'><strong>quod</strong></span> <span class='ocrx_word' id='word_1_113' title='bbox 1706 1685 1762 1750; x_wconf 90' lang='lat' dir='ltr'><strong>si</strong></span> <span class='ocrx_word' id='word_1_114' title='bbox 1790 1685 1860 1750; x_wconf 90' lang='lat' dir='ltr'><strong>in</strong></span> <span class='ocrx_word' id='word_1_115' title='bbox 1890 1685 2279 1770; x_wconf 84' lang='lat' dir='ltr'><strong>quibusdam</strong></span> 
     </span>
     <span class='ocr_line' id='line_1_17' title="bbox 256 1772 2279 1860; baseline 0.001 -23"><span class='ocrx_word' id='word_1_116' title='bbox 256 1772 505 1838; x_wconf 85' lang='lat' dir='ltr'><strong>lucrum</strong></span> <span class='ocrx_word' id='word_1_117' title='bbox 550 1775 795 1839; x_wconf 84' lang='lat' dir='ltr'><strong>factum</strong></span> <span class='ocrx_word' id='word_1_118' title='bbox 839 1774 1063 1859; x_wconf 86' lang='lat' dir='ltr'><strong>fuerit,</strong></span> <span class='ocrx_word' id='word_1_119' title='bbox 1118 1775 1187 1840; x_wconf 90' lang='lat' dir='ltr'><strong>in</strong></span> <span class='ocrx_word' id='word_1_120' title='bbox 1234 1774 1622 1860; x_wconf 86' lang='lat' dir='ltr'><strong>quibusdam</strong></span> <span class='ocrx_word' id='word_1_121' title='bbox 1667 1773 1994 1859; x_wconf 88' lang='lat' dir='ltr'><strong>damnum,</strong></span> <span class='ocrx_word' id='word_1_122' title='bbox 2047 1776 2279 1840; x_wconf 87' lang='lat' dir='ltr'><strong>absens</strong></span> 
     </span>
     <span class='ocr_line' id='line_1_18' title="bbox 256 1863 1570 1945; baseline 0.003 -19"><span class='ocrx_word' id='word_1_123' title='bbox 256 1882 531 1945; x_wconf 87' lang='lat' dir='ltr'><strong>pensare</strong></span> <span class='ocrx_word' id='word_1_124' title='bbox 580 1863 834 1928; x_wconf 90' lang='lat' dir='ltr'><strong>lucrum</strong></span> <span class='ocrx_word' id='word_1_125' title='bbox 881 1884 1029 1930; x_wconf 90' lang='lat' dir='ltr'><strong>cum</strong></span> <span class='ocrx_word' id='word_1_126' title='bbox 1075 1864 1312 1930; x_wconf 90' lang='lat' dir='ltr'><strong>damno</strong></span> <span class='ocrx_word' id='word_1_127' title='bbox 1362 1864 1570 1930; x_wconf 85' lang='lat' dir='ltr'><strong>debet.</strong></span> 
     </span>
    </p>
   </div>
   <div class='ocr_carea' id='block_1_4' title="bbox 434 1974 2147 2053">
    <p class='ocr_par' dir='ltr' id='par_1_4' title="bbox 434 1974 2147 2053">
     <span class='ocr_line' id='line_1_19' title="bbox 434 1974 2147 2053; baseline 0.002 -19"><span class='ocrx_word' id='word_1_128' title='bbox 434 1974 868 2053; x_wconf 77' lang='lat' dir='ltr'><strong>Fragmentum</strong></span> <span class='ocrx_word' id='word_1_129' title='bbox 912 1975 1127 2035; x_wconf 87' lang='lat' dir='ltr'><strong>iisdem</strong></span> <span class='ocrx_word' id='word_1_130' title='bbox 1172 1976 1344 2037; x_wconf 84' lang='lat' dir='ltr'><strong>libris</strong></span> <span class='ocrx_word' id='word_1_131' title='bbox 1389 1977 1630 2039; x_wconf 78' lang='lat' dir='ltr'><strong>videtur</strong></span> <span class='ocrx_word' id='word_1_132' title='bbox 1677 1975 2147 2037; x_wconf 87' lang='lat' dir='ltr'><strong>attribuendum.</strong></span> 
     </span>
    </p>
   </div>
   <div class='ocr_carea' id='block_1_5' title="bbox 1059 2111 1497 2177">
    <p class='ocr_par' dir='ltr' id='par_1_5' title="bbox 1059 2111 1497 2177">
     <span class='ocr_line' id='line_1_20' title="bbox 1059 2111 1497 2177; baseline 0 0"><span class='ocrx_word' id='word_1_133' title='bbox 1059 2111 1160 2177; x_wconf 79' lang='lat' dir='ltr'><strong>De</strong></span> <span class='ocrx_word' id='word_1_134' title='bbox 1201 2112 1497 2177; x_wconf 80' lang='lat' dir='ltr'><strong>societate.</strong></span> 
     </span>
    </p>
   </div>
   <div class='ocr_carea' id='block_1_6' title="bbox 254 2216 2286 3281">
    <p class='ocr_par' dir='ltr' id='par_1_6' title="bbox 254 2216 2286 3281">
     <span class='ocr_line' id='line_1_21' title="bbox 444 2216 2286 2305; baseline 0.003 -24"><span class='ocrx_word' id='word_1_135' title='bbox 444 2216 544 2282; x_wconf 87' lang='grc'><strong>14.</strong></span> <span class='ocrx_word' id='word_1_136' title='bbox 600 2216 681 2283; x_wconf 89' lang='lat' dir='ltr'><strong>D.</strong></span> <span class='ocrx_word' id='word_1_137' title='bbox 725 2218 825 2301; x_wconf 81' lang='grc'><strong>17,</strong></span> <span class='ocrx_word' id='word_1_138' title='bbox 862 2218 924 2303; x_wconf 94' lang='grc'><strong>2,</strong></span> <span class='ocrx_word' id='word_1_139' title='bbox 961 2219 1067 2301; x_wconf 90' lang='grc'><strong>65,</strong></span> <span class='ocrx_word' id='word_1_140' title='bbox 1102 2218 1163 2285; x_wconf 97' lang='grc'><strong>5.</strong></span> <span class='ocrx_word' id='word_1_141' title='bbox 1253 2217 1493 2284; x_wconf 87' lang='lat' dir='ltr'><strong>Paulus</strong></span> <span class='ocrx_word' id='word_1_142' title='bbox 1548 2219 1716 2284; x_wconf 91' lang='lat' dir='ltr'><strong>libro</strong></span> <span class='ocrx_word' id='word_1_143' title='bbox 1763 2220 2146 2305; x_wconf 86' lang='lat' dir='ltr'><strong>trigensimo</strong></span> <span class='ocrx_word' id='word_1_144' title='bbox 2195 2243 2286 2286; x_wconf 85' lang='lat' dir='ltr'><strong>se-</strong></span> 
     </span>
     <span class='ocr_line' id='line_1_22' title="bbox 258 2304 2285 2411; baseline 0.002 -42"><span class='ocrx_word' id='word_1_145' title='bbox 258 2304 468 2371; x_wconf 89' lang='lat' dir='ltr'><strong>cundo</strong></span> <span class='ocrx_word' id='word_1_146' title='bbox 524 2306 603 2370; x_wconf 87' lang='lat' dir='ltr'><strong>ad</strong></span> <span class='ocrx_word' id='word_1_147' title='bbox 661 2307 942 2372; x_wconf 89' lang='lat' dir='ltr'><strong>edictum</strong></span> <span class='ocrx_word' id='word_1_148' title='bbox 999 2306 1093 2391; x_wconf 88' lang='grc' dir='ltr'><strong>(Ρ.</strong></span> <span class='ocrx_word' id='word_1_149' title='bbox 1129 2304 1314 2395; x_wconf 87' lang='grc'><strong>495).</strong></span> <span class='ocrx_word' id='word_1_150' title='bbox 1363 2344 1439 2354; x_wconf 89' lang='grc'>-</span> <span class='ocrx_word' id='word_1_151' title='bbox 1495 2306 1714 2375; x_wconf 85' lang='lat' dir='ltr'><strong>Labeo</strong></span> <span class='ocrx_word' id='word_1_152' title='bbox 1757 2309 2285 2411; x_wconf 82' lang='lat' dir='ltr'><strong>..posteriorum</strong></span> 
     </span>
     <span class='ocr_line' id='line_1_23' title="bbox 256 2393 2283 2479; baseline 0.002 -21"><span class='ocrx_word' id='word_1_153' title='bbox 256 2394 443 2459; x_wconf 90' lang='lat' dir='ltr'><strong>libris</strong></span> <span class='ocrx_word' id='word_1_154' title='bbox 492 2393 772 2479; x_wconf 80' lang='lat' dir='ltr'><strong>scripsit,</strong></span> <span class='ocrx_word' id='word_1_155' title='bbox 819 2396 877 2461; x_wconf 88' lang='lat' dir='ltr'><strong>si</strong></span> <span class='ocrx_word' id='word_1_156' title='bbox 922 2396 1389 2461; x_wconf 83' lang='lat' dir='ltr'><strong>renuntiaverit</strong></span> <span class='ocrx_word' id='word_1_157' title='bbox 1433 2396 1729 2462; x_wconf 86' lang='lat' dir='ltr'><strong>societati</strong></span> <span class='ocrx_word' id='word_1_158' title='bbox 1770 2420 1936 2461; x_wconf 88' lang='lat' dir='ltr'><strong>unus</strong></span> <span class='ocrx_word' id='word_1_159' title='bbox 1977 2419 2054 2463; x_wconf 85' lang='lat' dir='ltr'><strong>ex</strong></span> <span class='ocrx_word' id='word_1_160' title='bbox 2091 2398 2283 2463; x_wconf 87' lang='lat' dir='ltr'><strong>sociis</strong></span> 
     </span>
     <span class='ocr_line' id='line_1_24' title="bbox 260 2484 2286 2590; baseline 0.002 -43"><span class='ocrx_word' id='word_1_161' title='bbox 260 2504 336 2548; x_wconf 92' lang='lat' dir='ltr'><strong>eo</strong></span> <span class='ocrx_word' id='word_1_162' title='bbox 381 2487 691 2569; x_wconf 88' lang='lat' dir='ltr'><strong>tempore,</strong></span> <span class='ocrx_word' id='word_1_163' title='bbox 738 2506 865 2571; x_wconf 89' lang='lat' dir='ltr'><strong>quo</strong></span> <span class='ocrx_word' id='word_1_164' title='bbox 914 2484 1211 2550; x_wconf 83' lang='lat' dir='ltr'><strong>interfuit</strong></span> <span class='ocrx_word' id='word_1_165' title='bbox 1256 2484 1416 2549; x_wconf 89' lang='lat' dir='ltr'><strong>socii</strong></span> <span class='ocrx_word' id='word_1_166' title='bbox 1460 2507 1593 2551; x_wconf 90' lang='lat' dir='ltr'><strong>non</strong></span> <span class='ocrx_word' id='word_1_167' title='bbox 1637 2485 1850 2550; x_wconf 88' lang='lat' dir='ltr'><strong>dirimi</strong></span> <span class='ocrx_word' id='word_1_168' title='bbox 1891 2487 2286 2590; x_wconf 76' lang='lat' dir='ltr'><strong>societatem,</strong></span> 
     </span>
     <span class='ocr_line' id='line_1_25' title="bbox 259 2572 2283 2658; baseline 0.002 -22"><span class='ocrx_word' id='word_1_169' title='bbox 259 2574 663 2637; x_wconf 87' lang='lat' dir='ltr'><strong>committere</strong></span> <span class='ocrx_word' id='word_1_170' title='bbox 709 2594 857 2637; x_wconf 93' lang='lat' dir='ltr'><strong>eum</strong></span> <span class='ocrx_word' id='word_1_171' title='bbox 902 2572 973 2637; x_wconf 90' lang='lat' dir='ltr'><strong>in</strong></span> <span class='ocrx_word' id='word_1_172' title='bbox 1018 2596 1137 2657; x_wconf 91' lang='lat' dir='ltr'><strong>pro</strong></span> <span class='ocrx_word' id='word_1_173' title='bbox 1183 2574 1358 2638; x_wconf 87' lang='lat' dir='ltr'><strong>socio</strong></span> <span class='ocrx_word' id='word_1_174' title='bbox 1397 2574 1678 2658; x_wconf 83' lang='lat' dir='ltr'><strong>actione3</strong></span> <span class='ocrx_word' id='word_1_175' title='bbox 1725 2595 1875 2637; x_wconf 83' lang='lat' dir='ltr'><strong>nam</strong></span> <span class='ocrx_word' id='word_1_176' title='bbox 1913 2576 1969 2638; x_wconf 87' lang='lat' dir='ltr'><strong>si</strong></span> <span class='ocrx_word' id='word_1_177' title='bbox 2009 2576 2283 2640; x_wconf 86' lang='lat' dir='ltr'><strong>emimus</strong></span> 
     </span>
     <span class='ocr_line' id='line_1_26' title="bbox 258 2660 2283 2745; baseline 0.002 -21"><span class='ocrx_word' id='word_1_178' title='bbox 258 2660 582 2745; x_wconf 89' lang='lat' dir='ltr'><strong>mancipia</strong></span> <span class='ocrx_word' id='word_1_179' title='bbox 656 2660 823 2726; x_wconf 88' lang='lat' dir='ltr'><strong>inita</strong></span> <span class='ocrx_word' id='word_1_180' title='bbox 895 2663 1229 2744; x_wconf 86' lang='lat' dir='ltr'><strong>societate,</strong></span> <span class='ocrx_word' id='word_1_181' title='bbox 1303 2661 1527 2726; x_wconf 88' lang='lat' dir='ltr'><strong>deinde</strong></span> <span class='ocrx_word' id='word_1_182' title='bbox 1591 2663 1919 2726; x_wconf 86' lang='lat' dir='ltr'><strong>renunties</strong></span> <span class='ocrx_word' id='word_1_183' title='bbox 1984 2662 2143 2727; x_wconf 90' lang='lat' dir='ltr'><strong>mihi</strong></span> <span class='ocrx_word' id='word_1_184' title='bbox 2207 2684 2283 2728; x_wconf 91' lang='lat' dir='ltr'><strong>eo</strong></span> 
     </span>
     <span class='ocr_line' id='line_1_27' title="bbox 260 2750 2284 2851; baseline 0.001 -38"><span class='ocrx_word' id='word_1_185' title='bbox 260 2752 572 2851; x_wconf 83' lang='lat' dir='ltr'><strong>tempore,</strong></span> <span class='ocrx_word' id='word_1_186' title='bbox 619 2771 745 2834; x_wconf 91' lang='lat' dir='ltr'><strong>quo</strong></span> <span class='ocrx_word' id='word_1_187' title='bbox 787 2751 1059 2816; x_wconf 85' lang='lat' dir='ltr'><strong>vendere</strong></span> <span class='ocrx_word' id='word_1_188' title='bbox 1096 2750 1423 2835; x_wconf 85' lang='lat' dir='ltr'><strong>mancipia</strong></span> <span class='ocrx_word' id='word_1_189' title='bbox 1461 2772 1590 2816; x_wconf 89' lang='lat' dir='ltr'><strong>non</strong></span> <span class='ocrx_word' id='word_1_190' title='bbox 1629 2750 1904 2835; x_wconf 87' lang='lat' dir='ltr'><strong>expedit,</strong></span> <span class='ocrx_word' id='word_1_191' title='bbox 1950 2750 2074 2816; x_wconf 90' lang='lat' dir='ltr'><strong>hoc</strong></span> <span class='ocrx_word' id='word_1_192' title='bbox 2112 2772 2284 2834; x_wconf 86' lang='lat' dir='ltr'><strong>casu,</strong></span> 
     </span>
     <span class='ocr_line' id='line_1_28' title="bbox 256 2837 2283 2925; baseline 0.002 -24"><span class='ocrx_word' id='word_1_193' title='bbox 256 2838 414 2922; x_wconf 85' lang='lat' dir='ltr'><strong>quia</strong></span> <span class='ocrx_word' id='word_1_194' title='bbox 478 2837 862 2904; x_wconf 89' lang='lat' dir='ltr'><strong>deteriorem</strong></span> <span class='ocrx_word' id='word_1_195' title='bbox 929 2861 1191 2905; x_wconf 84' lang='lat' dir='ltr'><strong>causam</strong></span> <span class='ocrx_word' id='word_1_196' title='bbox 1258 2861 1471 2905; x_wconf 90' lang='lat' dir='ltr'><strong>meam</strong></span> <span class='ocrx_word' id='word_1_197' title='bbox 1525 2840 1716 2925; x_wconf 79' lang='lat' dir='ltr'><strong>sams,</strong></span> <span class='ocrx_word' id='word_1_198' title='bbox 1786 2839 1995 2905; x_wconf 85' lang='lat' dir='ltr'><strong>teneri</strong></span> <span class='ocrx_word' id='word_1_199' title='bbox 2046 2844 2111 2904; x_wconf 90' lang='lat' dir='ltr'><strong>te</strong></span> <span class='ocrx_word' id='word_1_200' title='bbox 2166 2863 2283 2925; x_wconf 90' lang='lat' dir='ltr'><strong>pro</strong></span> 
     </span>
     <span class='ocr_line' id='line_1_29' title="bbox 256 2926 2279 3013; baseline 0.001 -22"><span class='ocrx_word' id='word_1_201' title='bbox 256 2926 436 2992; x_wconf 87' lang='lat' dir='ltr'><strong>socio</strong></span> <span class='ocrx_word' id='word_1_202' title='bbox 505 2926 760 2992; x_wconf 84' lang='lat' dir='ltr'><strong>iudicio.</strong></span> <span class='ocrx_word' id='word_1_203' title='bbox 860 2927 1174 2994; x_wconf 88' lang='lat' dir='ltr'><strong>Proculus</strong></span> <span class='ocrx_word' id='word_1_204' title='bbox 1234 2929 1360 2996; x_wconf 88' lang='lat' dir='ltr'><strong>hoc</strong></span> <span class='ocrx_word' id='word_1_205' title='bbox 1415 2929 1511 2993; x_wconf 90' lang='lat' dir='ltr'><strong>ita</strong></span> <span class='ocrx_word' id='word_1_206' title='bbox 1568 2951 1788 2994; x_wconf 85' lang='lat' dir='ltr'><strong>verum</strong></span> <span class='ocrx_word' id='word_1_207' title='bbox 1844 2950 1984 2995; x_wconf 88' lang='lat' dir='ltr'><strong>esse</strong></span> <span class='ocrx_word' id='word_1_208' title='bbox 2043 2930 2159 3013; x_wconf 87' lang='lat' dir='ltr'><strong>ait,</strong></span> <span class='ocrx_word' id='word_1_209' title='bbox 2225 2931 2279 2994; x_wconf 85' lang='lat' dir='ltr'><strong>si</strong></span> 
     </span>
     <span class='ocr_line' id='line_1_30' title="bbox 258 3015 2285 3104; baseline 0.002 -25"><span class='ocrx_word' id='word_1_210' title='bbox 258 3015 589 3080; x_wconf 87' lang='lat' dir='ltr'><strong>societatis</strong></span> <span class='ocrx_word' id='word_1_211' title='bbox 634 3036 765 3081; x_wconf 89' lang='lat' dir='ltr'><strong>non</strong></span> <span class='ocrx_word' id='word_1_212' title='bbox 811 3017 1071 3082; x_wconf 89' lang='lat' dir='ltr'><strong>intersit</strong></span> <span class='ocrx_word' id='word_1_213' title='bbox 1116 3017 1332 3082; x_wconf 89' lang='lat' dir='ltr'><strong>dirimi</strong></span> <span class='ocrx_word' id='word_1_214' title='bbox 1369 3019 1773 3103; x_wconf 83' lang='lat' dir='ltr'><strong>societatem3</strong></span> <span class='ocrx_word' id='word_1_215' title='bbox 1823 3040 2077 3104; x_wconf 87' lang='lat' dir='ltr'><strong>semper</strong></span> <span class='ocrx_word' id='word_1_216' title='bbox 2113 3020 2285 3084; x_wconf 90' lang='lat' dir='ltr'><strong>enim</strong></span> 
     </span>
     <span class='ocr_line' id='line_1_31' title="bbox 254 3103 2283 3192; baseline 0.002 -24"><span class='ocrx_word' id='word_1_217' title='bbox 254 3125 395 3170; x_wconf 90' lang='lat' dir='ltr'><strong>non</strong></span> <span class='ocrx_word' id='word_1_218' title='bbox 440 3103 525 3188; x_wconf 88' lang='lat' dir='ltr'><strong>id,</strong></span> <span class='ocrx_word' id='word_1_219' title='bbox 572 3104 741 3188; x_wconf 88' lang='lat' dir='ltr'><strong>quod</strong></span> <span class='ocrx_word' id='word_1_220' title='bbox 787 3106 1093 3188; x_wconf 85' lang='lat' dir='ltr'><strong>privatim</strong></span> <span class='ocrx_word' id='word_1_221' title='bbox 1129 3107 1402 3172; x_wconf 90' lang='lat' dir='ltr'><strong>interest</strong></span> <span class='ocrx_word' id='word_1_222' title='bbox 1439 3106 1627 3173; x_wconf 87' lang='lat' dir='ltr'><strong>unius</strong></span> <span class='ocrx_word' id='word_1_223' title='bbox 1666 3129 1744 3172; x_wconf 86' lang='lat' dir='ltr'><strong>ex</strong></span> <span class='ocrx_word' id='word_1_224' title='bbox 1781 3108 1992 3192; x_wconf 86' lang='lat' dir='ltr'><strong>sociis,</strong></span> <span class='ocrx_word' id='word_1_225' title='bbox 2039 3108 2283 3173; x_wconf 83' lang='lat' dir='ltr'><strong>servari</strong></span> 
     </span>
     <span class='ocr_line' id='line_1_32' title="bbox 257 3193 1497 3281; baseline 0.002 -23"><span class='ocrx_word' id='word_1_226' title='bbox 257 3193 455 3278; x_wconf 86' lang='lat' dir='ltr'><strong>solet,</strong></span> <span class='ocrx_word' id='word_1_227' title='bbox 500 3193 612 3258; x_wconf 87' lang='lat' dir='ltr'><strong>sed</strong></span> <span class='ocrx_word' id='word_1_228' title='bbox 660 3193 831 3278; x_wconf 89' lang='lat' dir='ltr'><strong>quod</strong></span> <span class='ocrx_word' id='word_1_229' title='bbox 879 3194 1177 3260; x_wconf 85' lang='lat' dir='ltr'><strong>societati</strong></span> <span class='ocrx_word' id='word_1_230' title='bbox 1222 3195 1497 3281; x_wconf 80' lang='lat' dir='ltr'><strong>expedit.</strong></span> 
     </span>
    </p>
   </div>
   <div class='ocr_carea' id='block_1_7' title="bbox 1073 3335 1514 3420">
    <p class='ocr_par' dir='ltr' id='par_1_7' title="bbox 1073 3335 1514 3420">
     <span class='ocr_line' id='line_1_33' title="bbox 1073 3335 1514 3420; baseline 0.008 -19"><span class='ocrx_word' id='word_1_231' title='bbox 1073 3335 1174 3401; x_wconf 81' lang='lat' dir='ltr'><strong>De</strong></span> <span class='ocrx_word' id='word_1_232' title='bbox 1216 3338 1514 3420; x_wconf 75' lang='lat' dir='ltr'><strong>nuptiiS.</strong></span> 
     </span>
    </p>
   </div>
   <div class='ocr_carea' id='block_1_8' title="bbox 255 3441 2282 3620">
    <p class='ocr_par' dir='ltr' id='par_1_8' title="bbox 255 3441 2282 3620">
     <span class='ocr_line' id='line_1_34' title="bbox 440 3441 2282 3529; baseline 0.001 -23"><span class='ocrx_word' id='word_1_233' title='bbox 440 3441 542 3508; x_wconf 90' lang='lat'><strong>15.</strong></span> <span class='ocrx_word' id='word_1_234' title='bbox 590 3441 668 3506; x_wconf 93' lang='lat' dir='ltr'><strong>D.</strong></span> <span class='ocrx_word' id='word_1_235' title='bbox 699 3443 758 3524; x_wconf 90' lang='lat'><strong>1,</strong></span> <span class='ocrx_word' id='word_1_236' title='bbox 785 3444 846 3526; x_wconf 85' lang='lat'><strong>9,</strong></span> <span class='ocrx_word' id='word_1_237' title='bbox 877 3444 934 3526; x_wconf 85' lang='lat'><strong>7,</strong></span> <span class='ocrx_word' id='word_1_238' title='bbox 966 3444 1021 3509; x_wconf 94' lang='lat' dir='ltr'><strong>l.</strong></span> <span class='ocrx_word' id='word_1_239' title='bbox 1105 3442 1426 3529; x_wconf 86' lang='lat' dir='ltr'><strong>Ulpianus</strong></span> <span class='ocrx_word' id='word_1_240' title='bbox 1473 3443 1644 3510; x_wconf 89' lang='lat' dir='ltr'><strong>libro</strong></span> <span class='ocrx_word' id='word_1_241' title='bbox 1690 3445 1902 3529; x_wconf 90' lang='lat' dir='ltr'><strong>primo</strong></span> <span class='ocrx_word' id='word_1_242' title='bbox 1949 3444 2029 3509; x_wconf 90' lang='lat' dir='ltr'><strong>ad</strong></span> <span class='ocrx_word' id='word_1_243' title='bbox 2075 3451 2282 3527; x_wconf 83' lang='lat' dir='ltr'><strong>legem</strong></span> 
     </span>
     <span class='ocr_line' id='line_1_35' title="bbox 255 3467 2282 3620; baseline -0 -26"><span class='ocrx_word' id='word_1_244' title='bbox 255 3528 497 3595; x_wconf 80' lang='lat' dir='ltr'><strong>Iuliam</strong></span> <span class='ocrx_word' id='word_1_245' title='bbox 574 3534 637 3595; x_wconf 92' lang='lat' dir='ltr'><strong>et</strong></span> <span class='ocrx_word' id='word_1_246' title='bbox 699 3491 972 3616; x_wconf 86' lang='lat' dir='ltr'><strong>Papiam</strong></span> <span class='ocrx_word' id='word_1_247' title='bbox 1034 3528 1135 3620; x_wconf 90' lang='lat' dir='ltr'><strong>(P.</strong></span> <span class='ocrx_word' id='word_1_248' title='bbox 1186 3467 1436 3619; x_wconf 59' lang='lat' dir='ltr'><strong>1977b).</strong></span> <span class='ocrx_word' id='word_1_249' title='bbox 1499 3568 1588 3579; x_wconf 89' lang='lat'>—</span> <span class='ocrx_word' id='word_1_250' title='bbox 1717 3534 1991 3599; x_wconf 80' lang='lat' dir='ltr'><strong>‚Labeo</strong></span> <span class='ocrx_word' id='word_1_251' title='bbox 2057 3531 2282 3596; x_wconf 89' lang='lat' dir='ltr'><strong>scribit</strong></span> 
     </span>
    </p>
   </div>
  </div>
 </body>
</html>
