2575 3900
790 199 839 246 4.
887 191 948 247 L.
986 191 1356 247 NERATIUS
1392 190 1688 246 PRISCUS
2115 191 2243 254 319

226 353 551 418 succidere
608 359 920 438 quantum
979 355 1058 419 ad
1107 355 1299 420 villae
1345 354 1755 420 refectionem
1801 358 1992 440 putat
2034 375 2244 438 posse,

222 443 731 524 quemadmodum
812 444 1033 510 calcem
1040 495 1058 527 ,
1149 444 1388 528 inquit,
1469 464 1713 526 coquere
1781 443 1876 508 vel
1945 443 2243 508 harenam

218 531 428 612 fodere
472 532 720 597 aliudve
762 533 917 614 quid
958 534 1238 615 aedificio
1280 533 1693 598 necessarium
1737 551 1986 597 sumere.

407 621 506 685 18.
545 619 621 686 D.
638 621 882 705 7‚1‚44.
949 620 1256 686 Neratius
1285 621 1451 687 libro
1481 621 1676 686 tertio
1704 620 2242 686 Membranarum.

230 745 305 756 -
374 706 905 776 Usufructuarius
970 732 1205 775 novum
1270 710 1614 776 tectorium
1677 709 2062 794 parietibus,
2134 709 2244 794 qui

224 797 416 862 rudes
489 798 796 878 fuissent,
865 801 1195 884 imponere
1258 821 1391 865 non
1453 803 1693 883 potest,
1770 800 1918 883 quia
1979 799 2243 862 tametsi

224 887 555 952 meliorem
596 887 945 953 excolendo
985 886 1347 952 aedificium
1388 886 1629 953 domini
1667 909 1929 952 causam
1958 889 2244 962 facturus

224 979 420 1057 esset,
475 997 605 1040 non
658 981 877 1041 tamen
922 976 989 1040 id
1037 977 1175 1040 iure
1224 998 1340 1041 suo
1387 975 1597 1041 facere
1642 980 1886 1061 potest,
1943 974 2244 1058 aliudque

224 1067 325 1128 est
369 1064 540 1129 tueri
586 1064 756 1150 quod
804 1065 1161 1148 accepisset
1207 1065 1383 1132 aliud
1425 1087 1666 1131 novum
1710 1064 1978 1131 facere.¹

888 1241 987 1306 De
1032 1241 1308 1307 libertate
1348 1243 1579 1308 relicta.

403 1347 504 1413 19.
558 1347 637 1413 D.
665 1349 771 1434 40,
802 1350 859 1430 7,
894 1351 991 1414 17.
1089 1347 1396 1414 Neratius
1450 1349 1617 1414 libro
1675 1350 1868 1414 tertio
1923 1348 2241 1414 Membra·

221 1458 470 1501 narum.
522 1473 597 1483 —
651 1436 719 1502 Si
775 1437 994 1503 decem
1047 1437 1269 1502 heredi
1315 1437 1620 1518 dedisset,
1673 1437 1887 1502 iussus
1933 1442 2034 1502 est
2081 1437 2244 1503 liber

223 1546 381 1592 esse.
448 1525 665 1590 decem
709 1526 911 1592 habet
948 1531 1013 1591 et
1046 1525 1431 1592 tantundem
1469 1526 1730 1591 domino
1769 1527 1982 1591 debet:
2030 1527 2241 1591 dando

223 1613 385 1679 haec
432 1613 649 1679 decem
694 1637 827 1680 non
873 1616 1273 1681 liberabitur.
1347 1637 1497 1680 nam
1535 1615 1704 1699 quod
1745 1614 2126 1680 statulibero
2165 1637 2243 1680 ex

223 1703 477 1787 peculio
508 1725 625 1769 suo
656 1703 807 1768 dare
835 1704 1187 1788 explendae
1216 1703 1613 1769 condicionis
1644 1726 1840 1769 causa
1869 1725 2242 1769 concessum

222 1795 337 1876 est,
382 1792 479 1857 ita
525 1792 933 1878 interpretari
979 1792 1305 1878 debemu8,
1349 1796 1424 1856 ut
1460 1814 1588 1857 non
1627 1792 1824 1857 etiam
1862 1815 1939 1857 ex
1977 1815 2053 1859 eo
2091 1792 2243 1858 dare

219 1881 457 1966 possit,
522 1881 690 1967 quod
756 1886 940 1947 extra
1000 1882 1327 1967 peculium
1386 1885 1503 1948 est.
1601 1903 1721 1947 nec
1778 1903 1879 1946 me
1933 1883 2243 1968 praeterit

220 1970 342 2035 hos
396 1992 697 2036 nummos
751 1972 1105 2058 peculiares
1156 1994 1346 2056 posse
1393 1970 1543 2054 dici,
1600 1971 1922 2056 quamviS,
1977 1971 2032 2035 si
2076 1971 2240 2035 nihil

220 2062 561 2143 praeterea
626 2082 846 2125 servus
909 2060 1178 2144 habeat,
1242 2061 1564 2144 peculium
1619 2059 1869 2125 nullum
1925 2060 2029 2126 sit.
2129 2059 2240 2125 sed

221 2148 508 2213 dubitari
559 2170 690 2213 non
745 2154 1028 2234 oportet,
1086 2150 1242 2233 quin
1297 2151 1454 2215 haec
1510 2171 1691 2214 mens
1742 2148 1936 2213 fuerit
1981 2149 2044 2213 id
2093 2170 2240 2213 con-

220 2238 649 2322 stituentium,
677 2242 751 2303 ut
780 2238 967 2323 quasi
996 2261 1072 2303 ex
1099 2238 1489 2321 patrimonio
1521 2259 1636 2303 suo
1667 2237 1859 2302 dandi
1887 2259 1962 2302 eo
1980 2238 2241 2302 nomine

220 2346 407 2391 servo
455 2328 750 2409 potestas
797 2332 984 2410 esset,
1034 2327 1185 2411 quia
1231 2326 1297 2390 id
1343 2327 1618 2391 maxime
1666 2326 1806 2391 sine
1850 2325 2089 2391 iniuria
2134 2327 2242 2390 do-

217 2414 542 2479 minorum
598 2413 860 2479 concedi
915 2414 1267 2480 videbatur.
1359 2414 1527 2499 quod
1585 2414 1641 2478 si
1686 2414 1860 2479 ultra
1905 2414 2047 2498 quis
2095 2437 2240 2500 pro-

218 2501 570 2587 gredietur,
604 2524 734 2567 non
773 2504 1047 2567 multum
1085 2504 1313 2587 aberit,
1349 2504 1505 2587 quin
1542 2503 1740 2567 etiam
1779 2524 1886 2567 eos
1923 2524 2242 2583 nummosi,

218 2610 383 2675 quos
418 2588 679 2655 domino
708 2591 1118 2675 subripuerit,
1156 2590 1366 2656 dando
1398 2591 1847 2655 statuliberum
1876 2590 2240 2656 condicioni

220 2678 705 2745 satisfacturum
754 2680 1093 2743 existimet.

813 2854 911 2922 De
954 2857 1253 2940 emptione
1295 2857 1650 2922 venditione.

398 2964 504 3029 20.
550 2962 626 3027 D.
652 2962 751 3048 19,
774 2964 1041 3048 l,3lpr.
1123 2961 1433 3029 Neratius
1480 2964 1646 3029 libro
1683 2963 1879 3030 tertio
1918 2963 2237 3030 Membra-

218 3075 466 3118 narum.
525 3090 610 3099 —-
658 3048 728 3116 Si
785 3074 859 3117 ea
912 3073 1043 3137 res,
1098 3075 1292 3137 quam
1349 3076 1427 3118 ex
1481 3057 1695 3137 empto
1749 3058 2077 3138 praestare
2133 3055 2238 3119 de-

219 3143 471 3225 bebam,
511 3142 577 3205 vi
612 3141 772 3206 mihi
809 3141 1108 3225 adempta
1144 3142 1366 3227 fuerit,
1404 3142 1698 3225 quamvis
1735 3164 1878 3208 eam
1917 3142 2237 3208 custodire

222 3230 577 3314 debuerim,
633 3235 849 3294 tamen
894 3232 1161 3315 propius
1208 3234 1337 3312 est,
1390 3237 1463 3295 ut
1506 3232 1671 3295 nihil
1719 3232 1994 3316 amplius
2043 3254 2238 3317 quam

221 3320 506 3386 actiones
569 3319 1048 3403 persequendae
1112 3319 1247 3383 eius
1312 3320 1628 3404 praestari
1693 3343 1732 3385 a
1796 3342 1898 3385 me
1965 3321 2237 3403 emptori

221 3414 548 3494 oporteat,
600 3408 751 3492 quia
806 3407 1099 3473 custodia
1152 3408 1456 3473 adversus
1503 3409 1634 3473 vim
1680 3432 1911 3494 parum
1958 3408 2233 3493 proficit.

361 3571 390 3619 1
431 3563 525 3619 Fz.
565 3580 637 3619 an
672 3580 879 3619 novum
914 3564 1143 3620 faceret.
