2575 3900
782 194 830 242 6.
875 185 1051 241 IAVO
1062 184 1291 242 LENUS
1327 186 1620 243 PRISCUS
2081 189 2210 252 467
2228 236 2235 242 .

942 400 1043 467 De
1075 405 1471 484 possessione.

367 527 426 591 6.
471 526 549 592 D.
580 526 686 611 41,
716 527 775 609 2,
804 526 910 591 23.
989 525 1169 591 Idem
1216 524 1335 613 (se.
1370 525 1742 616 Iavolenus)
1790 527 1959 593 libro
2001 529 2213 614 primo

184 614 655 700 Epistularum.

369 719 415 766 1.
489 703 647 769 Cum
707 704 950 769 heredes
1013 705 1282 768 instituti
1342 725 1580 788 sumus,
1645 706 1822 770 adita
1882 705 2213 771 hereditate

187 794 400 858 omnia
455 795 698 874 quidem
752 793 898 857 iura
951 794 1038 857 ad
1086 813 1198 858 nos
1253 798 1598 872 transeunt,
1649 796 1952 877 possessio
2006 799 2212 860 tamen

182 883 314 948 nisi
356 883 730 946 naturaliter
773 881 1198 963 comprehensa
1242 884 1330 947 ad
1370 902 1483 947 nos
1525 903 1652 947 non
1682 885 1967 964 pertinet.

362 982 412 1032 2.
463 969 551 1035 In
587 971 700 1055 his,
745 971 854 1053 qni
890 973 959 1034 in
992 970 1256 1036 hostium
1280 977 1640 1053 potestatem
1662 971 2089 1054 pervenerant,
2136 974 2208 1038 in

182 1060 495 1124 retinendo
539 1062 686 1124 iura
729 1080 936 1124 rernm
977 1080 1236 1124 suarum
1269 1061 1585 1142 sinyulare
1619 1062 1721 1125 ins
1755 1067 1873 1138 est,·
1919 1081 2206 1144 corpora-

183 1148 340 1212 liter·
379 1152 578 1213 tamen
620 1149 1060 1231 possessionem
1115 1150 1440 1226 amittunt;
1495 1170 1683 1232 neque
1736 1151 1899 1214 enim
1941 1154 2210 1233 possunt

183 1238 381 1302 videri
433 1237 676 1319 aliquid
719 1238 1056 1322 possidere,
1109 1258 1248 1302 enm
1293 1238 1417 1320 ipsi
1470 1239 1546 1302 ab
1591 1239 1717 1302 alio
1752 1241 2205 1320 possideantur.

179 1327 460 1407 seqnitur
509 1347 674 1410 erqo,
729 1331 801 1391 ut
849 1327 1104 1391 reversis
1153 1325 1252 1391 his
1296 1346 1456 1392 nova
1489 1328 1867 1408 possessione
1911 1348 2063 1409 opus
2105 1329 2208 1409 sit,

179 1416 428 1480 etiamsi
471 1435 646 1480 nemo
691 1416 888 1480 medio
935 1420 1197 1500 tempore
1240 1435 1337 1480 res
1380 1435 1586 1479 eorum
1617 1417 1972 1497 possederit.

360 1515 410 1564 3.
465 1503 626 1568 Item
668 1524 910 1587 quaere,
954 1505 1012 1569 si
1055 1505 1305 1568 vinxere
1351 1503 1607 1569 liberum
1640 1503 1947 1569 hominem
1984 1505 2091 1584 ita,
2137 1510 2211 1569 at

179 1613 320 1657 enm
351 1594 724 1677 possideam,
768 1613 855 1656 an
899 1593 1127 1675 omnia,
1170 1614 1328 1675 qnae
1372 1593 1428 1656 is
1461 1593 1827 1677 possidebat,
1872 1613 1974 1675 eqo
1998 1595 2203 1676 possi-

180 1683 360 1746 deam
398 1702 513 1763 per
555 1681 753 1746 illum.

357 1777 726 1862 Respondit:
788 1779 846 1843 si
906 1779 1180 1844 vinxeris
1238 1778 1546 1843 hominem
1600 1778 1857 1843 liberum
1868 1829 1885 1862 ,
1949 1799 2086 1843 eum
2151 1785 2205 1843 te

175 1868 486 1951 possidere
516 1888 643 1932 non
665 1872 840 1951 puto,
901 1869 1066 1950 qnod
1097 1889 1232 1933 oum
1269 1869 1363 1932 ita
1395 1887 1460 1932 se
1491 1867 1723 1951 habeat,
1766 1868 1957 1932 multo
1992 1869 2203 1933 minus
2318 1885 2321 1888 ’

171 1978 288 2039 per
332 1958 513 2023 illum
555 1978 652 2023 res
696 1958 828 2023 eius
866 1978 908 2021 a
945 1962 999 2022 te
1025 1959 1497 2040 possidebuntur
1532 1956 1758 2041 [neque
1792 1959 1955 2022 enim
1989 1978 2199 2022 rerum

179 2051 412 2111 natura
464 2048 700 2130 recipit,
758 2051 831 2112 ut
868 2068 986 2129 per
1039 2068 1177 2113 eum
1231 2046 1474 2129 aliquid
1513 2048 1824 2128 possidere
1864 2048 2201 2131 possimus,

178 2155 356 2217 quem
401 2136 659 2201 civiliter
701 2137 772 2201 in
816 2156 953 2200 mea
991 2140 1282 2219 potestate
1324 2156 1452 2201 non
1496 2135 1721 2220 habeo]
1726 2186 1738 2200 .

1018 2406 1234 2465 Liber
1277 2406 1355 2465 H.

1005 2525 1103 2589 De
1148 2526 1377 2607 leyatis.

362 2650 417 2713 7.
473 2647 551 2712 D.
591 2650 649 2731 7,
691 2650 746 2730 1,
782 2647 886 2714 53.
975 2647 1317 2714 Iavolenus
1377 2649 1543 2713 libro
1600 2648 1875 2714 seeundo
1930 2648 2197 2731 Epistu-

177 2738 406 2802 larum.
455 2774 537 2783 --
584 2737 659 2803 Si
702 2739 803 2802 eui
836 2738 1076 2802 insulae
1110 2756 1260 2802 usus
1293 2737 1534 2818 fruetus
1570 2739 1799 2821 leyatus
1831 2743 1936 2817 est,
1981 2758 2195 2820 qnam-

177 2826 290 2893 din
325 2825 622 2908 quaelibet
642 2828 848 2909 portio
884 2828 1014 2891 eius
1048 2826 1293 2891 insulae
1325 2830 1613 2910 remanet,
1650 2828 1828 2891 totius
1862 2826 1979 2892 soli
2013 2846 2198 2891 usum

172 2916 449 2997 fructum
493 2918 727 2980 retinet.

339 3012 414 3077 ⁴8.
462 3013 541 3077 D.
569 3013 673 3097 33,
700 3012 892 3094 5,15.
967 3011 1142 3077 Idem
1194 3009 1308 3099 (se.
1336 3009 1706 3099 Iavolenus)
1757 3012 1920 3076 libro
1970 3034 2191 3077 seeun-

178 3102 261 3166 do
305 3101 766 3186 Epistularum.
826 3138 902 3149 —
962 3101 1146 3167 Servo
1199 3104 1333 3167 sine
1387 3102 1656 3165 libertate
1705 3102 1925 3185 leyavi,
1978 3103 2194 3166 deinde

177 3192 478 3277 optionem
547 3212 858 3256 servorum
928 3192 1176 3256 Maevio
1247 3192 1419 3268 dedi‚·
1499 3192 1557 3255 is
1627 3191 1880 3255 eundem
1950 3209 2192 3254 servum

175 3282 422 3361 optavit.
527 3301 778 3364 quaem,
851 3300 937 3344 an
1005 3282 1076 3345 id
1143 3300 1377 3363 qnoque
1437 3281 1600 3361 qnod
1660 3280 1925 3362 leyatum
1987 3284 2076 3343 est
2135 3280 2194 3343 ei

165 3368 502 3434 deberetur.

356 3456 724 3540 Respondit.
767 3478 893 3523 non
923 3462 1070 3539 puto
1112 3458 1377 3540 Ieyatum
1412 3456 1597 3524 haias
1630 3458 1791 3523 servi
1824 3456 2075 3521 nomine
2110 3455 2197 3519 ad

177 3546 497 3611 dominum
535 3546 854 3627 pertinere.

1661 3650 1770 3704 30*
