2575 3900
1026 207 1079 260 7.
1114 202 1494 260 PROCULUS
2143 203 2269 270 133

243 387 466 430 eorum
504 365 744 448 cedere,
791 366 941 452 quia
976 388 1103 430 non
1143 367 1305 431 haec
1343 387 1502 448 esse,
1549 367 1658 431 sed
1695 388 1812 451 per
1847 389 1922 430 ea
1962 367 2268 432 solemus·

242 453 585 520 Trebatius
650 456 715 518 in
773 455 963 519 melle
1019 459 1245 520 eontra
1301 455 1556 541 scribit,
1611 504 1627 521 .
1664 505 1680 522 .
1727 454 1879 541 quia
1934 456 2064 520 mel
2125 477 2266 520 esse

242 545 540 610 solemus,
623 544 733 608 sed
771 543 1081 610 Proculus
1130 545 1350 608 omnia
1383 544 1542 609 haee
1580 543 1900 610 contineri
1928 595 1943 611 .
1970 595 1986 611 .
2017 545 2270 628 scribit,

244 633 371 696 nisi
419 633 747 698 contraria
791 655 971 697 mens
1018 633 1356 698 testatoris
1403 638 1726 717 appareat.

419 720 477 786 5.
547 721 623 786 D.
672 722 787 806 32,
836 721 991 804 100,
1038 723 1100 788 2.
1204 721 1550 786 Iavolenus
1612 722 1780 788 libro
1847 721 2122 787 seeundo
2188 745 2267 788 ex

240 811 712 893 posterioribus
758 808 1102 876 Labeonis,
1140 847 1225 856 —
1264 808 1492 876 ‘Uxori
1539 833 1720 876 meae
1768 816 2035 896 vestem,
2083 834 2264 876 mun-

242 899 394 962 dum
453 899 861 983 muliebrem,
920 904 1302 964 ornamenta
1349 900 1592 982 omnia,
1649 922 1875 964 aurum
1923 903 2264 985 argentum

241 986 414 1072 quod
483 988 619 1052 eius
676 1010 871 1053 eausa
924 988 1169 1053 factum
1225 992 1655 1073 paratumque
1712 993 1884 1054 esset
1938 1010 2127 1054 omne
2181 989 2265 1054 do

238 1074 431 1160 lego'.
513 1075 857 1142 Trebatius
904 1075 1063 1142 haee
1109 1077 1311 1142 verba
1355 1076 1552 1162 ‘quod
1600 1077 1736 1144 eius
1786 1099 1982 1144 causa
2022 1078 2266 1143 factum

240 1168 663 1248 paratumque
738 1165 882 1248 est',
957 1165 1037 1230 ad
1102 1187 1330 1230 aurum
1395 1171 1462 1230 et
1526 1170 1866 1252 argentum
1931 1168 2268 1232 dumtaxat

243 1253 469 1318 referri
516 1257 734 1337 putat,
778 1253 1092 1320 Proculus
1141 1255 1223 1318 ad
1271 1255 1490 1319 omnia
1518 1304 1533 1320 .
1564 1305 1576 1320 .
1606 1303 1622 1320 .

422 1343 481 1408 6.
525 1341 690 1407 Ibid.
729 1345 769 1424 ὅ
801 1345 861 1408 3.
896 1379 986 1390 -
1030 1341 1154 1408 Cui
1194 1341 1534 1407 Corinthia
1580 1366 1736 1408 vasa
1773 1344 1992 1428 legata
2032 1347 2268 1428 essent,

238 1451 461 1497 aeneas
516 1428 777 1514 βάσεις1
824 1453 1077 1517 quoque
1124 1453 1348 1496 eorum
1394 1453 1698 1497 vasorum
1746 1431 2269 1498 collocandorum

239 1542 432 1585 causa
459 1525 723 1605 paratas
754 1520 972 1585 deberi
1002 1521 1348 1586 Trebatius
1377 1520 1728 1604 respondit.
1800 1519 2019 1586 Labeo
2051 1524 2267 1586 autem

237 1609 301 1672 id
367 1631 501 1673 non
556 1611 819 1692 probat,
884 1610 1015 1674 nisi
1068 1606 1334 1674 aeneas²
1387 1607 1614 1692 βάσεις
1666 1613 1944 1675 testator
1997 1632 2265 1675 numero

236 1719 541 1763 vasorum
576 1698 826 1764 habuit.
898 1698 1211 1763 Proculus
1240 1719 1391 1762 vero
1423 1750 1436 1762 .
1465 1748 1480 1764 .
1511 1699 1618 1781 ait,
1657 1700 1713 1763 si
1743 1719 1976 1764 aeneae
2006 1699 2261 1784 quidem

242 1787 405 1871 sint,
450 1807 579 1850 non
630 1790 845 1852 autem
891 1786 1293 1870 Corinthiae,
1339 1809 1471 1851 non
1519 1787 1754 1853 deberi.

416 1877 473 1939 7.
529 1874 605 1940 D.
637 1877 695 1959 7,
725 1876 783 1958 8,
816 1877 918 1958 12,
951 1876 1010 1940 1.
1100 1875 1421 1962 Ulpianus
1467 1876 1637 1941 libro
1684 1877 1961 1961 septimo
2010 1875 2259 1942 decimo

238 1964 318 2029 ad
357 1962 667 2029 Sabinum
705 1964 807 2051 (P.
833 1962 1089 2052 2577b).
1132 2001 1215 2012 —
1252 1964 1518 2030 Praeter
1552 1966 2027 2031 habitationem
2070 1989 2262 2052 quam

238 2054 457 2138 habet,
504 2054 606 2117 cui
644 2076 800 2118 usus
840 2055 1029 2119 datus
1078 2057 1196 2139 est,
1242 2054 1700 2120 deambulandi
1747 2076 1998 2140 quoque
2045 2060 2110 2119 et
2157 2076 2262 2140 ge·

237 2144 454 2207 standi
510 2143 611 2207 ius
665 2143 948 2209 habebit.
1042 2140 1319 2207 Sabinus
1376 2148 1440 2207 et
1487 2141 1749 2209 Cassius
1807 2147 1873 2207 et
1927 2145 2124 2229 lignis
2183 2144 2263 2209 ad

235 2252 423 2295 usum
480 2230 908 2296 cottidianum
965 2234 1029 2297 et
1083 2232 1276 2297 horto
1337 2235 1402 2297 et
1447 2232 1659 2316 pomis
1708 2237 1773 2296 et
1817 2234 2146 2298 holeribus
2196 2238 2262 2297 et

234 2319 501 2384 floribus
562 2322 628 2385 et
684 2342 850 2403 aqua
904 2342 1167 2385 usurum
1228 2318 1343 2407 (sc.
1394 2342 1536 2385 eum
1592 2321 1692 2387 cui
1738 2321 1921 2386 fundi
1967 2344 2123 2387 usus
2173 2323 2262 2384 le-

235 2412 425 2492 gatus
472 2408 632 2493 est),
685 2430 815 2473 non
861 2430 1063 2493 usque
1110 2410 1190 2473 ad
1238 2410 1713 2492 compendium,
1761 2411 1873 2475 sed
1921 2412 1998 2474 ad
2047 2432 2260 2493 usum,

236 2498 481 2563 scilicet
526 2518 660 2562 non
702 2520 904 2583 usque
954 2497 1034 2562 ad
1080 2498 1370 2563 abusum.
1448 2497 1618 2562 idem
1665 2498 1899 2582 Nerva,
1948 2502 2013 2563 et
2062 2499 2260 2565 adicit

237 2586 616 2651 stramentis
654 2589 721 2650 et
759 2586 1101 2650 sarmentis
1142 2587 1336 2651 etiam
1376 2608 1663 2669 usurum,
1701 2587 1812 2651 sed
1847 2608 2054 2671 neque
2083 2588 2262 2653 foliis

234 2695 440 2759 neque
506 2674 647 2739 oleo
708 2696 915 2759 neque
985 2674 1310 2740 frumento
1367 2695 1572 2758 neque
1628 2675 1925 2760 frugibus
1979 2698 2262 2740 usurum.

236 2764 348 2827 sed
414 2762 691 2828 Sabinus
757 2768 823 2829 et
886 2762 1148 2828 Cassius
1214 2768 1279 2827 et
1346 2762 1564 2828 Labeo
1632 2767 1698 2829 et
1761 2762 2074 2829 Proculus
2137 2764 2261 2828 hoc

235 2851 517 2936 amplius
566 2852 767 2917 etiam
814 2874 892 2917 ex
938 2852 1039 2917 his
1088 2874 1253 2938 quae
1299 2852 1369 2916 in
1415 2851 1616 2918 fundo
1662 2856 2043 2939 naseuntur,
2089 2854 2258 2938 quod

233 2941 315 3005 ad
359 2942 602 3006 vietum
654 2942 779 3006 sibi
828 2941 1091 3026 suisque
1139 2941 1421 3007 sufficiat
1467 2945 1875 3027 sumpturum
1923 2946 1988 3007 et
2034 2964 2113 3007 ex
2157 2943 2260 3007 his

233 3050 396 3113 quae
441 3029 659 3096 Nerva
704 3029 985 3116 negavit.

413 3118 472 3183 8.
537 3118 616 3184 D.
663 3118 769 3203 35,
820 3121 875 3202 1,
920 3120 1027 3204 40,
1073 3118 1132 3184 5.
1233 3060 1412 3185 Idem
1481 3116 1594 3206 (se.
1658 3066 2026 3206 Iavolenus)
2090 3121 2260 3185 libro

234 3209 515 3273 seeundo
564 3229 642 3272 ex
684 3169 1153 3293 posterioribus
1195 3207 1530 3274 Labeonis
1573 3244 1650 3257 —-
1691 3210 2008 3274 Thermus
2047 3210 2260 3274 minor

234 3317 511 3382 quorum
564 3296 883 3362 arbitratu
931 3302 1418 3363 monumentum
1469 3297 1594 3362 sibi
1640 3299 1782 3363 fieri
1826 3300 2017 3363 vellet
2062 3303 2258 3362 testa-

376 3512 404 3559 1
450 3506 544 3560 ΡΖ.
584 3506 804 3589 ἐνβοὶσει
786 3527 849 3569 ι.ς
962 3536 967 3539 -

373 3584 405 3631 2
444 3576 540 3633 Fz.
580 3578 627 3633 si
666 3596 775 3633 eae.
