2575 3900
824 204 873 253 4.
920 196 980 255 L.
1018 196 1387 253 NERATIUS
1423 196 1719 252 PRISCUS
2148 197 2276 261 313

255 367 307 426 is
380 365 697 425 Neratium
770 384 904 425 cum
987 366 1059 425 de
1142 359 1305 425 civili
1386 365 1516 424 iure
1596 368 1727 424 tum
1808 364 1881 424 de
1963 365 2278 426 honorario

258 453 480 516 dixisse
527 457 863 531 cognoscet.
946 455 1051 514 sed
1094 455 1411 531 utriusque
1457 453 1693 531 generis
1738 472 1835 513 res
1869 472 1978 532 per
2013 453 2278 514 diversos

257 544 451 605 libros
490 561 731 620 sparsae
761 547 921 622 sunt,
956 547 1026 603 ut
1051 543 1236 602 libros
1264 543 1534 619 singulos
1563 543 1888 619 separatim
1915 547 1976 603 et
2003 542 2282 619 deinceps

258 634 452 693 editos
498 651 629 693 esse
675 651 743 692 eo
789 632 1026 693 facilius
1071 631 1347 708 iudicem,
1393 631 1551 709 quod
1596 637 1659 691 et
1705 631 1998 708 Ulpianus
2034 631 2105 690 D.
2135 634 2190 706 5,
2223 634 2281 711 3,

262 725 343 783 13
358 769 373 800 ,
423 725 459 782 3
528 722 639 781 ait:
706 715 1014 781 ‘Neratius
1077 721 1229 780 libro
1297 722 1462 780 sexto
1524 719 2008 780 Membranarum
2072 721 2284 782 scribit

304 855 319 870 .
349 857 364 872 .
419 811 578 870 idem
624 828 753 870 esse
800 809 955 870 libro
1002 809 1255 885 septimo
1304 810 1392 868 ait
1437 804 1718 882 etiamsi',
1764 813 1826 869 et
1870 809 1934 868 in
1988 809 2284 874 librorum

258 899 413 960 serie
458 901 656 960 certus
702 919 899 959 rerum
949 898 1092 958 ordo
1141 899 1384 975 agnosci
1429 897 1655 974 nequit.

437 987 606 1059 Quod
660 987 739 1047 ad
795 987 1165 1065 singulorum
1219 987 1511 1046 librorum
1554 987 1896 1063 fragmenta
1940 987 2283 1046 collocanda

258 1077 497 1154 attinet,
542 1094 695 1152 quae
742 1076 814 1135 de
860 1076 991 1136 iure
1037 1075 1200 1136 civili
1236 1079 1395 1152 sunt,
1441 1076 1514 1134 iis
1551 1075 1888 1154 praeposui,
1935 1075 2150 1152 quibus
2185 1076 2281 1136 ius

257 1166 628 1244 praetorium
654 1168 970 1224 tractatur.
1033 1165 1098 1223 in
1124 1163 1543 1240 Palingenesia
1569 1165 2045 1241 fragmentorum
2074 1164 2282 1224 eadem

261 1255 444 1314 series
482 1254 823 1328 exhibetur,
863 1272 1011 1329 quae
1049 1253 1112 1311 in
1147 1252 1472 1312 Iustiniani
1499 1251 1766 1329 Digestis
1796 1252 2280 1329 deprehenditur.

1118 1446 1337 1507 Liber
1381 1448 1430 1508 I.

1006 1565 1107 1632 Dc
1151 1566 1542 1631 testamentis·

443 1678 499 1741 1.
565 1673 643 1738 D.
680 1674 785 1758 28,
813 1674 874 1758 5,
902 1673 1008 1738 55.
1106 1670 1414 1737 Neratius
1469 1671 1638 1738 libro
1697 1671 1907 1756 primo
1964 1670 2283 1737 Membra-

260 1786 511 1829 narum.
558 1799 642 1810 —
690 1762 885 1827 Pater
939 1761 1074 1828 filio
1121 1760 1441 1845 impuberi
1489 1781 1744 1825 servum
1789 1759 2090 1826 heredem
2137 1763 2284 1826 sub·

263 1853 481 1918 stituit
526 1852 930 1936 liberumque
978 1872 1118 1915 esse
1165 1850 1373 1915 iussit.
1465 1871 1611 1913 eum
1662 1848 1950 1934 pupillus
1999 1849 2286 1915 vendidit

261 1942 457 2008 Titio.
528 1940 740 2006 Titius
787 1963 933 2006 eum
979 1940 1110 2005 iam
1156 1939 1366 2025 primo
1411 1941 1802 2014 testamento
1850 1938 2029 2005 facto
2073 1939 2141 2004 in
2189 1962 2284 2003 se-

262 2032 471 2098 cundo
546 2033 939 2096 testamento
1013 2029 1289 2094 liberum
1363 2028 1791 2114 heredemque
1865 2049 2006 2093 esse
2076 2027 2284 2093 iussit.

260 2121 554 2205 superius
601 2121 1067 2185 testamentum
1106 2117 1261 2183 Titii
1307 2122 1572 2202 ruptum
1616 2121 1732 2201 est,
1779 2116 1931 2201 quia
1965 2116 2021 2181 is
2062 2138 2284 2183 servus

261 2214 326 2273 et
370 2209 557 2274 heres
604 2210 819 2291 potest
863 2229 1003 2272 esse
1041 2210 1123 2291 et,
1168 2211 1243 2271 ut
1278 2208 1572 2291 superius
1610 2209 2074 2271 testamentum
2112 2227 2285 2271 rum-

259 2301 469 2381 patur,
518 2296 758 2361 suffieit
791 2296 887 2360 ita
924 2294 1244 2379 posterius
1280 2294 1527 2360 factum
1567 2315 1726 2378 esse,
1767 2299 1839 2358 ut
1876 2294 2093 2379 aliquo
2131 2316 2285 2361 casu

258 2385 548 2471 potuerit
612 2406 689 2448 ex
753 2405 828 2448 eo
883 2383 1071 2449 heres
1129 2383 1416 2448 existere.
1519 2383 1688 2466 quod
1745 2382 1826 2447 ad
1880 2383 2010 2448 vim
2068 2388 2284 2449 autem

263 2475 400 2538 eius
446 2472 876 2537 institutionis
921 2471 1224 2554 pertinet,
1269 2472 1364 2536 ita
1411 2492 1479 2535 se
1524 2492 1627 2535 res
1665 2470 1882 2552 habet,
1926 2474 2019 2556 ut,
2065 2493 2286 2555 quam-

265 2562 374 2625 diu
430 2559 679 2644 pupillo
734 2581 812 2624 ex
858 2580 935 2624 ea
980 2559 1442 2624 substitutione
1487 2559 1673 2621 heres
1720 2562 1938 2642 potest
1983 2580 2152 2645 esse,
2208 2582 2286 2625 ex

263 2649 422 2714 Titii
486 2650 879 2714 testamento
947 2647 1316 2712 libertatem
1372 2646 1924 2731 hereditatemque
1982 2650 2285 2732 consequi

260 2761 393 2804 non
458 2738 691 2822 possit3
758 2737 812 2801 si
872 2734 1157 2821 pupillus
1212 2736 1281 2800 in
1337 2757 1519 2800 suam
1575 2735 1843 2799 tutelam
1899 2738 2286 2818 pervenerit,

259 2828 530 2914 perinde
585 2848 663 2891 ex
707 2823 864 2889 Titii
917 2827 1311 2889 testamento
1366 2824 1532 2887 liber
1586 2823 1898 2909 heresque
1954 2824 2042 2888 sit
2098 2846 2172 2889 ac
2229 2826 2286 2890 si

259 2917 509 3001 pupillo
578 2914 969 2979 substitutus
1025 2933 1157 2978 non
1210 2913 1467 2999 fuisset3
1523 2912 1578 2977 si
1632 2912 1881 2996 pupillo
1937 2912 2122 2978 heres
2179 2936 2282 2979 ex-

204 3006 463 3090 sstitit,
526 3004 791 3089 propius
848 3007 974 3086 est,
1037 3006 1112 3066 ut
1166 3000 1342 3068 Titio
1399 3022 1678 3087 quoque,
1743 3002 1798 3066 si
1853 3001 2038 3086 velit,
2096 3003 2285 3068 heres

262 3117 401 3160 esse
447 3096 675 3179 possit.

440 3188 675 3249 Neratii
719 3187 904 3247 verba
949 3204 986 3245 a
1034 3185 1396 3246 Triboniano
1443 3184 1810 3261 interpolata
1853 3184 2149 3245 videntur.

1086 3358 1185 3423 De
1230 3359 1460 3441 leyatis.

441 3467 502 3531 2.
564 3465 641 3530 Ι).
681 3467 788 3549 47,
815 3467 874 3547 2,
904 3466 1007 3531 65.
1108 3465 1420 3530 Neratius
1474 3463 1644 3528 libro
1701 3464 1908 3547 primo
1964 3462 2284 3528 Membra-

263 3576 513 3621 narum.
585 3590 658 3602 -
732 3554 791 3619 A
854 3554 1025 3620 Titio
1088 3554 1322 3619 herede
1384 3553 1581 3618 homo
1652 3549 1801 3617 Seio
1865 3552 2022 3636 <per
2084 3550 2287 3615 vindi-
