<?xml version="1.0" encoding="UTF-8"?>
<!DOCTYPE html PUBLIC "-//W3C//DTD XHTML 1.0 Transitional//EN"
    "http://www.w3.org/TR/xhtml1/DTD/xhtml1-transitional.dtd">
<html xmlns="http://www.w3.org/1999/xhtml" xml:lang="en" lang="en">
 <head>
  <title>
</title>
<meta http-equiv="Content-Type" content="text/html;charset=utf-8" />
  <meta name='ocr-system' content='tesseract 3.04.00' />
  <meta name='ocr-capabilities' content='ocr_page ocr_carea ocr_par ocr_line ocrx_word'/>
</head>
<body>
  <div class='ocr_page' id='page_1' title='image "./iurisprudentiae00unkngoog_0570.png"; bbox 0 0 2575 3900; ppageno 0'>
   <div class='ocr_carea' id='block_1_1' title="bbox 360 213 1643 279">
    <p class='ocr_par' dir='ltr' id='par_1_1' title="bbox 360 213 1643 279">
     <span class='ocr_line' id='line_1_1' title="bbox 360 213 1643 279; baseline -0.006 -1"><span class='ocrx_word' id='word_1_1' title='bbox 360 215 489 279; x_wconf 80' lang='grc'><strong>512</strong></span> <span class='ocrx_word' id='word_1_2' title='bbox 1090 213 1643 270; x_wconf 76' lang='grc' dir='ltr'><strong>ΑΒΒΙΤΔΜΕΝΤΑ.</strong></span> 
     </span>
    </p>
   </div>
   <div class='ocr_carea' id='block_1_2' title="bbox 358 375 2390 1350">
    <p class='ocr_par' dir='ltr' id='par_1_2' title="bbox 358 375 2389 1078">
     <span class='ocr_line' id='line_1_2' title="bbox 538 375 2388 472; baseline -0.001 -30"><span class='ocrx_word' id='word_1_3' title='bbox 538 378 640 442; x_wconf 90' lang='lat'><strong>31.</strong></span> <span class='ocrx_word' id='word_1_4' title='bbox 715 376 853 443; x_wconf 85' lang='lat' dir='ltr'><strong>Gai.</strong></span> <span class='ocrx_word' id='word_1_5' title='bbox 904 379 968 459; x_wconf 87' lang='lat'><strong>1,</strong></span> <span class='ocrx_word' id='word_1_6' title='bbox 1030 377 1174 443; x_wconf 86' lang='lat'><strong>165.</strong></span> <span class='ocrx_word' id='word_1_7' title='bbox 1230 414 1306 424; x_wconf 93' lang='lat'><strong>—-</strong></span> <span class='ocrx_word' id='word_1_8' title='bbox 1366 375 1470 441; x_wconf 80' lang='lat' dir='ltr'><strong>Ex</strong></span> <span class='ocrx_word' id='word_1_9' title='bbox 1513 427 1529 444; x_wconf 92' lang='lat'><strong>.</strong></span> <span class='ocrx_word' id='word_1_10' title='bbox 1569 428 1582 442; x_wconf 93' lang='lat'><strong>.</strong></span> <span class='ocrx_word' id='word_1_11' title='bbox 1629 380 1770 465; x_wconf 84' lang='lat' dir='ltr'><strong>lege</strong></span> <span class='ocrx_word' id='word_1_12' title='bbox 1825 377 1953 442; x_wconf 90' lang='lat' dir='ltr'><strong>XII</strong></span> <span class='ocrx_word' id='word_1_13' title='bbox 2009 377 2388 472; x_wconf 57' lang='lat' dir='ltr'><strong>tabulas-Q</strong></span> 
     </span>
     <span class='ocr_line' id='line_1_3' title="bbox 360 465 2389 550; baseline 0 -20"><span class='ocrx_word' id='word_1_14' title='bbox 360 470 427 531; x_wconf 90' lang='lat' dir='ltr'><strong>et</strong></span> <span class='ocrx_word' id='word_1_15' title='bbox 482 466 860 547; x_wconf 89' lang='lat' dir='ltr'><strong>inpuberum</strong></span> <span class='ocrx_word' id='word_1_16' title='bbox 914 465 1291 531; x_wconf 88' lang='lat' dir='ltr'><strong>libertorum</strong></span> <span class='ocrx_word' id='word_1_17' title='bbox 1344 467 1552 531; x_wconf 87' lang='lat' dir='ltr'><strong>tutela</strong></span> <span class='ocrx_word' id='word_1_18' title='bbox 1606 468 1686 532; x_wconf 86' lang='lat' dir='ltr'><strong>ad</strong></span> <span class='ocrx_word' id='word_1_19' title='bbox 1742 471 2051 550; x_wconf 88' lang='lat' dir='ltr'><strong>patronos</strong></span> <span class='ocrx_word' id='word_1_20' title='bbox 2107 467 2389 530; x_wconf 86' lang='lat' dir='ltr'><strong>liberos-</strong></span> 
     </span>
     <span class='ocr_line' id='line_1_4' title="bbox 360 554 2388 641; baseline 0 -22"><span class='ocrx_word' id='word_1_21' title='bbox 360 577 484 641; x_wconf 89' lang='lat' dir='ltr'><strong>que</strong></span> <span class='ocrx_word' id='word_1_22' title='bbox 523 577 744 619; x_wconf 89' lang='lat' dir='ltr'><strong>eorum</strong></span> <span class='ocrx_word' id='word_1_23' title='bbox 773 555 1051 638; x_wconf 75' lang='lat' dir='ltr'>pertinet</span> <span class='ocrx_word' id='word_1_24' title='bbox 1089 605 1101 618; x_wconf 91' lang='lat'><strong>.</strong></span> <span class='ocrx_word' id='word_1_25' title='bbox 1133 605 1146 618; x_wconf 90' lang='lat'><strong>.</strong></span> <span class='ocrx_word' id='word_1_26' title='bbox 1178 606 1191 619; x_wconf 91' lang='lat'><strong>.</strong></span> <span class='ocrx_word' id='word_1_27' title='bbox 1229 577 1302 620; x_wconf 91' lang='lat' dir='ltr'><strong>eo</strong></span> <span class='ocrx_word' id='word_1_28' title='bbox 1332 556 1498 620; x_wconf 89' lang='lat' dir='ltr'><strong>enim</strong></span> <span class='ocrx_word' id='word_1_29' title='bbox 1528 556 1670 638; x_wconf 87' lang='lat' dir='ltr'><strong>ipso</strong></span> <span class='ocrx_word' id='word_1_30' title='bbox 1700 556 1917 641; x_wconf 87' lang='lat' dir='ltr'><strong>&lt;quod</strong></span> <span class='ocrx_word' id='word_1_31' title='bbox 1942 554 2388 638; x_wconf 85' lang='lat' dir='ltr'><strong>heredita&gt;tes</strong></span> 
     </span>
     <span class='ocr_line' id='line_1_5' title="bbox 360 643 2388 728; baseline -0.001 -20"><span class='ocrx_word' id='word_1_32' title='bbox 360 643 737 708; x_wconf 89' lang='lat' dir='ltr'><strong>libertorum</strong></span> <span class='ocrx_word' id='word_1_33' title='bbox 811 643 1342 728; x_wconf 86' lang='lat' dir='ltr'><strong>libertarumque,</strong></span> <span class='ocrx_word' id='word_1_34' title='bbox 1423 644 1480 708; x_wconf 92' lang='lat' dir='ltr'><strong>si</strong></span> <span class='ocrx_word' id='word_1_35' title='bbox 1561 644 1856 710; x_wconf 84' lang='lat' dir='ltr'><strong>intestati</strong></span> <span class='ocrx_word' id='word_1_36' title='bbox 1937 643 2388 726; x_wconf 70' lang='lat' dir='ltr'><strong>decessissent,</strong></span> 
     </span>
     <span class='ocr_line' id='line_1_6' title="bbox 359 731 2387 816; baseline 0 -20"><span class='ocrx_word' id='word_1_37' title='bbox 359 733 633 796; x_wconf 87' lang='lat' dir='ltr'><strong>iusserat</strong></span> <span class='ocrx_word' id='word_1_38' title='bbox 694 732 797 797; x_wconf 88' lang='lat' dir='ltr'><strong>lex</strong></span> <span class='ocrx_word' id='word_1_39' title='bbox 864 733 943 796; x_wconf 89' lang='lat' dir='ltr'><strong>ad</strong></span> <span class='ocrx_word' id='word_1_40' title='bbox 997 738 1309 815; x_wconf 85' lang='lat' dir='ltr'><strong>patronos</strong></span> <span class='ocrx_word' id='word_1_41' title='bbox 1366 731 1686 798; x_wconf 85' lang='lat' dir='ltr'><strong>liberosve</strong></span> <span class='ocrx_word' id='word_1_42' title='bbox 1753 755 1974 798; x_wconf 91' lang='lat' dir='ltr'><strong>eorum</strong></span> <span class='ocrx_word' id='word_1_43' title='bbox 2038 732 2387 816; x_wconf 87' lang='lat' dir='ltr'><strong>pertinere,</strong></span> 
     </span>
     <span class='ocr_line' id='line_1_7' title="bbox 358 820 2386 904; baseline 0 -19"><span class='ocrx_word' id='word_1_44' title='bbox 358 820 764 886; x_wconf 89' lang='lat' dir='ltr'><strong>crediderunt</strong></span> <span class='ocrx_word' id='word_1_45' title='bbox 831 824 1074 885; x_wconf 86' lang='lat' dir='ltr'><strong>veteres</strong></span> <span class='ocrx_word' id='word_1_46' title='bbox 1140 821 1423 886; x_wconf 87' lang='lat' dir='ltr'><strong>voluisse</strong></span> <span class='ocrx_word' id='word_1_47' title='bbox 1477 820 1688 904; x_wconf 85' lang='lat' dir='ltr'><strong>legem</strong></span> <span class='ocrx_word' id='word_1_48' title='bbox 1747 822 1942 886; x_wconf 85' lang='lat' dir='ltr'><strong>etiam</strong></span> <span class='ocrx_word' id='word_1_49' title='bbox 1998 822 2240 886; x_wconf 89' lang='lat' dir='ltr'><strong>tutelas</strong></span> <span class='ocrx_word' id='word_1_50' title='bbox 2302 821 2386 885; x_wconf 88' lang='lat' dir='ltr'><strong>ad</strong></span> 
     </span>
     <span class='ocr_line' id='line_1_8' title="bbox 361 909 2388 994; baseline 0 -20"><span class='ocrx_word' id='word_1_51' title='bbox 361 932 470 975; x_wconf 92' lang='lat' dir='ltr'><strong>eos</strong></span> <span class='ocrx_word' id='word_1_52' title='bbox 530 909 880 994; x_wconf 88' lang='lat' dir='ltr'><strong>pertinere,</strong></span> <span class='ocrx_word' id='word_1_53' title='bbox 942 910 1093 994; x_wconf 90' lang='lat' dir='ltr'><strong>quia</strong></span> <span class='ocrx_word' id='word_1_54' title='bbox 1148 913 1213 974; x_wconf 88' lang='lat' dir='ltr'><strong>et</strong></span> <span class='ocrx_word' id='word_1_55' title='bbox 1268 913 1541 994; x_wconf 80' lang='lat' dir='ltr'><strong>agnatos</strong></span> <span class='ocrx_word' id='word_1_56' title='bbox 1598 932 1757 994; x_wconf 88' lang='lat' dir='ltr'><strong>quos</strong></span> <span class='ocrx_word' id='word_1_57' title='bbox 1822 910 1900 974; x_wconf 85' lang='lat' dir='ltr'><strong>ad</strong></span> <span class='ocrx_word' id='word_1_58' title='bbox 1955 909 2388 974; x_wconf 73' lang='lat' dir='ltr'><strong>hereditatem</strong></span> 
     </span>
     <span class='ocr_line' id='line_1_9' title="bbox 360 997 1873 1078; baseline 0 -14"><span class='ocrx_word' id='word_1_59' title='bbox 360 999 633 1078; x_wconf 81' lang='lat' dir='ltr'><strong>vocavit,</strong></span> <span class='ocrx_word' id='word_1_60' title='bbox 682 997 940 1063; x_wconf 87' lang='lat' dir='ltr'><strong>eosdem</strong></span> <span class='ocrx_word' id='word_1_61' title='bbox 988 1002 1053 1062; x_wconf 87' lang='lat' dir='ltr'><strong>et</strong></span> <span class='ocrx_word' id='word_1_62' title='bbox 1096 1002 1345 1062; x_wconf 87' lang='lat' dir='ltr'><strong>tutores</strong></span> <span class='ocrx_word' id='word_1_63' title='bbox 1393 1019 1532 1062; x_wconf 86' lang='lat' dir='ltr'><strong>esse</strong></span> <span class='ocrx_word' id='word_1_64' title='bbox 1579 998 1873 1064; x_wconf 83' lang='lat' dir='ltr'><strong>iusserat.</strong></span> 
     </span>
    </p>

    <p class='ocr_par' dir='ltr' id='par_1_3' title="bbox 359 1086 2390 1350">
     <span class='ocr_line' id='line_1_10' title="bbox 539 1086 2387 1171; baseline 0.001 -20"><span class='ocrx_word' id='word_1_65' title='bbox 539 1086 643 1151; x_wconf 87' lang='lat'><strong>32.</strong></span> <span class='ocrx_word' id='word_1_66' title='bbox 694 1086 834 1151; x_wconf 84' lang='lat' dir='ltr'><strong>Gai.</strong></span> <span class='ocrx_word' id='word_1_67' title='bbox 876 1090 932 1170; x_wconf 88' lang='lat'><strong>1,</strong></span> <span class='ocrx_word' id='word_1_68' title='bbox 975 1089 1116 1152; x_wconf 88' lang='lat'>188.</span> <span class='ocrx_word' id='word_1_69' title='bbox 1165 1124 1248 1134; x_wconf 93' lang='lat'>—</span> <span class='ocrx_word' id='word_1_70' title='bbox 1298 1137 1312 1152; x_wconf 97' lang='lat'><strong>.</strong></span> <span class='ocrx_word' id='word_1_71' title='bbox 1341 1137 1356 1150; x_wconf 95' lang='lat'><strong>.</strong></span> <span class='ocrx_word' id='word_1_72' title='bbox 1387 1135 1400 1150; x_wconf 93' lang='lat'><strong>.</strong></span> <span class='ocrx_word' id='word_1_73' title='bbox 1447 1092 1718 1171; x_wconf 85' lang='lat' dir='ltr'><strong>apparet</strong></span> <span class='ocrx_word' id='word_1_74' title='bbox 1753 1091 1908 1171; x_wconf 88' lang='lat' dir='ltr'><strong>quot</strong></span> <span class='ocrx_word' id='word_1_75' title='bbox 1960 1087 2095 1152; x_wconf 87' lang='lat' dir='ltr'><strong>sint</strong></span> <span class='ocrx_word' id='word_1_76' title='bbox 2133 1088 2387 1170; x_wconf 89' lang='lat' dir='ltr'><strong>species</strong></span> 
     </span>
     <span class='ocr_line' id='line_1_11' title="bbox 359 1176 2388 1261; baseline 0.001 -22"><span class='ocrx_word' id='word_1_77' title='bbox 359 1177 725 1240; x_wconf 90' lang='lat' dir='ltr'><strong>tutelarum.</strong></span> <span class='ocrx_word' id='word_1_78' title='bbox 802 1177 858 1240; x_wconf 92' lang='lat' dir='ltr'><strong>si</strong></span> <span class='ocrx_word' id='word_1_79' title='bbox 922 1197 1072 1240; x_wconf 83' lang='lat' dir='ltr'><strong>vero</strong></span> <span class='ocrx_word' id='word_1_80' title='bbox 1137 1197 1520 1259; x_wconf 83' lang='lat' dir='ltr'><strong>quaeramus</strong></span> <span class='ocrx_word' id='word_1_81' title='bbox 1594 1176 1661 1241; x_wconf 94' lang='lat' dir='ltr'><strong>in</strong></span> <span class='ocrx_word' id='word_1_82' title='bbox 1727 1180 1886 1260; x_wconf 88' lang='lat' dir='ltr'><strong>quot</strong></span> <span class='ocrx_word' id='word_1_83' title='bbox 1951 1197 2184 1261; x_wconf 84' lang='lat' dir='ltr'><strong>genera</strong></span> <span class='ocrx_word' id='word_1_84' title='bbox 2255 1176 2388 1241; x_wconf 86' lang='lat' dir='ltr'><strong>hae</strong></span> 
     </span>
     <span class='ocr_line' id='line_1_12' title="bbox 361 1264 2390 1350; baseline 0.001 -22"><span class='ocrx_word' id='word_1_85' title='bbox 361 1264 603 1348; x_wconf 87' lang='lat' dir='ltr'><strong>species</strong></span> <span class='ocrx_word' id='word_1_86' title='bbox 659 1265 1065 1348; x_wconf 69' lang='lat' dir='ltr'><strong>diducuntur,</strong></span> <span class='ocrx_word' id='word_1_87' title='bbox 1119 1265 1314 1348; x_wconf 87' lang='lat' dir='ltr'><strong>longa</strong></span> <span class='ocrx_word' id='word_1_88' title='bbox 1369 1265 1490 1328; x_wconf 88' lang='lat' dir='ltr'><strong>erit</strong></span> <span class='ocrx_word' id='word_1_89' title='bbox 1536 1264 1916 1350; x_wconf 83' lang='lat' dir='ltr'><strong>disputati03</strong></span> <span class='ocrx_word' id='word_1_90' title='bbox 1971 1287 2125 1330; x_wconf 79' lang='lat' dir='ltr'><strong>nam</strong></span> <span class='ocrx_word' id='word_1_91' title='bbox 2181 1265 2260 1329; x_wconf 87' lang='lat' dir='ltr'><strong>de</strong></span> <span class='ocrx_word' id='word_1_92' title='bbox 2310 1287 2390 1330; x_wconf 85' lang='lat' dir='ltr'><strong>ea</strong></span> 
     </span>
    </p>
   </div>
   <div class='ocr_carea' id='block_1_3' title="bbox 361 1353 1476 1522">
    <p class='ocr_par' dir='ltr' id='par_1_4' title="bbox 361 1353 1476 1522">
     <span class='ocr_line' id='line_1_13' title="bbox 361 1353 1476 1418; baseline 0.001 -2"><span class='ocrx_word' id='word_1_93' title='bbox 361 1375 430 1416; x_wconf 92' lang='lat' dir='ltr'><strong>re</strong></span> <span class='ocrx_word' id='word_1_94' title='bbox 477 1353 662 1417; x_wconf 88' lang='lat' dir='ltr'><strong>valde</strong></span> <span class='ocrx_word' id='word_1_95' title='bbox 708 1356 953 1417; x_wconf 87' lang='lat' dir='ltr'><strong>veteres</strong></span> <span class='ocrx_word' id='word_1_96' title='bbox 1003 1353 1476 1418; x_wconf 87' lang='lat' dir='ltr'><strong>dubitaverunt.</strong></span> 
     </span>
     <span class='ocr_line' id='line_1_14' title="bbox 538 1446 1105 1522; baseline 0 -16"><span class='ocrx_word' id='word_1_97' title='bbox 538 1449 609 1506; x_wconf 76' lang='lat' dir='ltr'><strong>ef.</strong></span> <span class='ocrx_word' id='word_1_98' title='bbox 656 1446 718 1505; x_wconf 91' lang='lat'><strong>11</strong></span> <span class='ocrx_word' id='word_1_99' title='bbox 766 1453 797 1507; x_wconf 94' lang='lat'>1</span> <span class='ocrx_word' id='word_1_100' title='bbox 850 1467 907 1522; x_wconf 86' lang='lat' dir='ltr'><strong>p.</strong></span> <span class='ocrx_word' id='word_1_101' title='bbox 962 1449 1105 1506; x_wconf 85' lang='lat'><strong>236.</strong></span> 
     </span>
    </p>
   </div>
   <div class='ocr_carea' id='block_1_4' title="bbox 1202 1581 1536 1665">
    <p class='ocr_par' dir='ltr' id='par_1_5' title="bbox 1202 1581 1536 1665">
     <span class='ocr_line' id='line_1_15' title="bbox 1202 1581 1536 1665; baseline 0.003 -18"><span class='ocrx_word' id='word_1_102' title='bbox 1202 1581 1302 1647; x_wconf 83' lang='lat' dir='ltr'><strong>De</strong></span> <span class='ocrx_word' id='word_1_103' title='bbox 1342 1584 1536 1665; x_wconf 78' lang='lat' dir='ltr'><strong>furtis</strong></span> 
     </span>
    </p>
   </div>
   <div class='ocr_carea' id='block_1_5' title="bbox 536 1696 2382 1781">
    <p class='ocr_par' dir='ltr' id='par_1_6' title="bbox 536 1696 2382 1781">
     <span class='ocr_line' id='line_1_16' title="bbox 536 1696 2382 1781; baseline 0 -19"><span class='ocrx_word' id='word_1_104' title='bbox 536 1697 638 1762; x_wconf 87' lang='lat'><strong>33.</strong></span> <span class='ocrx_word' id='word_1_105' title='bbox 714 1697 879 1762; x_wconf 84' lang='lat' dir='ltr'><strong>Gell.</strong></span> <span class='ocrx_word' id='word_1_106' title='bbox 917 1698 975 1780; x_wconf 88' lang='lat'><strong>6,</strong></span> <span class='ocrx_word' id='word_1_107' title='bbox 1019 1697 1117 1781; x_wconf 86' lang='lat'><strong>15,</strong></span> <span class='ocrx_word' id='word_1_108' title='bbox 1156 1699 1210 1764; x_wconf 89' lang='lat'><strong>1.</strong></span> <span class='ocrx_word' id='word_1_109' title='bbox 1255 1734 1332 1745; x_wconf 92' lang='lat'>—</span> <span class='ocrx_word' id='word_1_110' title='bbox 1373 1696 1587 1763; x_wconf 82' lang='lat' dir='ltr'><strong>Labeo</strong></span> <span class='ocrx_word' id='word_1_111' title='bbox 1623 1698 1690 1763; x_wconf 92' lang='lat' dir='ltr'><strong>in</strong></span> <span class='ocrx_word' id='word_1_112' title='bbox 1729 1697 1897 1764; x_wconf 90' lang='lat' dir='ltr'><strong>libro</strong></span> <span class='ocrx_word' id='word_1_113' title='bbox 1926 1697 2006 1763; x_wconf 91' lang='lat' dir='ltr'><strong>de</strong></span> <span class='ocrx_word' id='word_1_114' title='bbox 2035 1698 2382 1763; x_wconf 80' lang='lat' dir='ltr'><strong>duodecim</strong></span> 
     </span>
    </p>
   </div>
   <div class='ocr_carea' id='block_1_6' title="bbox 359 1786 2385 1960">
    <p class='ocr_par' dir='ltr' id='par_1_7' title="bbox 359 1786 2385 1960">
     <span class='ocr_line' id='line_1_17' title="bbox 359 1786 2385 1852; baseline 0.001 -3"><span class='ocrx_word' id='word_1_115' title='bbox 359 1786 597 1850; x_wconf 88' lang='lat' dir='ltr'><strong>tabulis</strong></span> <span class='ocrx_word' id='word_1_116' title='bbox 672 1787 948 1850; x_wconf 87' lang='lat' dir='ltr'><strong>secundo</strong></span> <span class='ocrx_word' id='word_1_117' title='bbox 1028 1786 1201 1851; x_wconf 83' lang='lat' dir='ltr'><strong>acria</strong></span> <span class='ocrx_word' id='word_1_118' title='bbox 1274 1791 1340 1850; x_wconf 89' lang='lat' dir='ltr'><strong>et</strong></span> <span class='ocrx_word' id='word_1_119' title='bbox 1409 1808 1628 1851; x_wconf 83' lang='lat' dir='ltr'><strong>severa</strong></span> <span class='ocrx_word' id='word_1_120' title='bbox 1707 1787 1941 1852; x_wconf 86' lang='lat' dir='ltr'><strong>iudicia</strong></span> <span class='ocrx_word' id='word_1_121' title='bbox 2017 1788 2095 1852; x_wconf 94' lang='lat' dir='ltr'><strong>de</strong></span> <span class='ocrx_word' id='word_1_122' title='bbox 2187 1786 2385 1852; x_wconf 85' lang='lat' dir='ltr'><strong>furtis</strong></span> 
     </span>
     <span class='ocr_line' id='line_1_18' title="bbox 363 1873 1610 1960; baseline 0.002 -22"><span class='ocrx_word' id='word_1_123' title='bbox 363 1875 589 1938; x_wconf 87' lang='lat' dir='ltr'><strong>habita</strong></span> <span class='ocrx_word' id='word_1_124' title='bbox 636 1897 774 1938; x_wconf 89' lang='lat' dir='ltr'><strong>esse</strong></span> <span class='ocrx_word' id='word_1_125' title='bbox 824 1873 991 1957; x_wconf 88' lang='lat' dir='ltr'><strong>apud</strong></span> <span class='ocrx_word' id='word_1_126' title='bbox 1039 1879 1285 1938; x_wconf 86' lang='lat' dir='ltr'><strong>veteres</strong></span> <span class='ocrx_word' id='word_1_127' title='bbox 1335 1876 1610 1960; x_wconf 88' lang='lat' dir='ltr'><strong>scripsit.</strong></span> 
     </span>
    </p>
   </div>
   <div class='ocr_carea' id='block_1_7' title="bbox 543 1969 1395 2045">
    <p class='ocr_par' dir='ltr' id='par_1_8' title="bbox 543 1969 1395 2045">
     <span class='ocr_line' id='line_1_19' title="bbox 543 1969 1395 2045; baseline 0.001 -18"><span class='ocrx_word' id='word_1_128' title='bbox 543 1969 615 2028; x_wconf 85' lang='lat' dir='ltr'><strong>cf.</strong></span> <span class='ocrx_word' id='word_1_129' title='bbox 662 1969 693 2027; x_wconf 96' lang='lat' dir='ltr'>I</span> <span class='ocrx_word' id='word_1_130' title='bbox 737 1989 792 2043; x_wconf 85' lang='lat' dir='ltr'><strong>p.</strong></span> <span class='ocrx_word' id='word_1_131' title='bbox 845 1971 943 2028; x_wconf 85' lang='lat'><strong>23.</strong></span> <span class='ocrx_word' id='word_1_132' title='bbox 990 1969 1054 2027; x_wconf 93' lang='lat' dir='ltr'><strong>II</strong></span> <span class='ocrx_word' id='word_1_133' title='bbox 1103 1973 1135 2028; x_wconf 87' lang='lat'>1</span> <span class='ocrx_word' id='word_1_134' title='bbox 1186 1990 1244 2045; x_wconf 91' lang='lat' dir='ltr'><strong>p.</strong></span> <span class='ocrx_word' id='word_1_135' title='bbox 1294 1972 1395 2029; x_wconf 83' lang='lat'><strong>82.</strong></span> 
     </span>
    </p>
   </div>
   <div class='ocr_carea' id='block_1_8' title="bbox 357 2060 2388 3636">
    <p class='ocr_par' dir='ltr' id='par_1_9' title="bbox 358 2060 2388 2586">
     <span class='ocr_line' id='line_1_20' title="bbox 539 2060 2386 2148; baseline 0 -21"><span class='ocrx_word' id='word_1_136' title='bbox 539 2062 641 2127; x_wconf 88' lang='grc'><strong>34.</strong></span> <span class='ocrx_word' id='word_1_137' title='bbox 698 2060 775 2127; x_wconf 89' lang='lat' dir='ltr'><strong>D.</strong></span> <span class='ocrx_word' id='word_1_138' title='bbox 822 2062 928 2144; x_wconf 84' lang='lat'><strong>47,</strong></span> <span class='ocrx_word' id='word_1_139' title='bbox 983 2063 1042 2139; x_wconf 90' lang='grc'><strong>2,</strong></span> <span class='ocrx_word' id='word_1_140' title='bbox 1104 2063 1183 2126; x_wconf 83' lang='lat'><strong>17</strong></span> <span class='ocrx_word' id='word_1_141' title='bbox 1241 2085 1335 2147; x_wconf 85' lang='lat' dir='ltr'><strong>pr.</strong></span> <span class='ocrx_word' id='word_1_142' title='bbox 1399 2063 1714 2146; x_wconf 88' lang='lat' dir='ltr'><strong>Ulpianus</strong></span> <span class='ocrx_word' id='word_1_143' title='bbox 1769 2062 1937 2127; x_wconf 90' lang='lat' dir='ltr'><strong>libro</strong></span> <span class='ocrx_word' id='word_1_144' title='bbox 1995 2062 2386 2148; x_wconf 84' lang='lat' dir='ltr'><strong>trigensimo</strong></span> 
     </span>
     <span class='ocr_line' id='line_1_21' title="bbox 358 2147 2388 2216; baseline -0 0"><span class='ocrx_word' id='word_1_145' title='bbox 358 2172 531 2216; x_wconf 90' lang='lat' dir='ltr'><strong>nono</strong></span> <span class='ocrx_word' id='word_1_146' title='bbox 606 2150 686 2213; x_wconf 88' lang='lat' dir='ltr'><strong>ad</strong></span> <span class='ocrx_word' id='word_1_147' title='bbox 744 2147 1073 2215; x_wconf 87' lang='lat' dir='ltr'><strong>Sabinum.</strong></span> <span class='ocrx_word' id='word_1_148' title='bbox 1134 2188 1219 2197; x_wconf 91' lang='lat'>—</span> <span class='ocrx_word' id='word_1_149' title='bbox 1278 2150 1458 2216; x_wconf 86' lang='lat' dir='ltr'><strong>Servi</strong></span> <span class='ocrx_word' id='word_1_150' title='bbox 1521 2156 1587 2216; x_wconf 92' lang='lat' dir='ltr'><strong>et</strong></span> <span class='ocrx_word' id='word_1_151' title='bbox 1648 2152 1764 2216; x_wconf 90' lang='lat' dir='ltr'><strong>filii</strong></span> <span class='ocrx_word' id='word_1_152' title='bbox 1845 2152 2052 2216; x_wconf 86' lang='lat' dir='ltr'><strong>nostri</strong></span> <span class='ocrx_word' id='word_1_153' title='bbox 2131 2151 2388 2216; x_wconf 83' lang='lat' dir='ltr'><strong>furtum</strong></span> 
     </span>
     <span class='ocr_line' id='line_1_22' title="bbox 360 2239 2387 2325; baseline 0 -23"><span class='ocrx_word' id='word_1_154' title='bbox 360 2239 618 2323; x_wconf 90' lang='lat' dir='ltr'><strong>quidem</strong></span> <span class='ocrx_word' id='word_1_155' title='bbox 674 2239 861 2303; x_wconf 90' lang='lat' dir='ltr'><strong>nobis</strong></span> <span class='ocrx_word' id='word_1_156' title='bbox 909 2239 1166 2322; x_wconf 76' lang='lat' dir='ltr'><strong>faciunt,</strong></span> <span class='ocrx_word' id='word_1_157' title='bbox 1222 2240 1347 2323; x_wconf 86' lang='lat' dir='ltr'><strong>ipsi</strong></span> <span class='ocrx_word' id='word_1_158' title='bbox 1396 2243 1612 2305; x_wconf 90' lang='lat' dir='ltr'><strong>autem</strong></span> <span class='ocrx_word' id='word_1_159' title='bbox 1665 2240 1820 2305; x_wconf 89' lang='lat' dir='ltr'><strong>furti</strong></span> <span class='ocrx_word' id='word_1_160' title='bbox 1873 2262 2004 2305; x_wconf 91' lang='lat' dir='ltr'><strong>non</strong></span> <span class='ocrx_word' id='word_1_161' title='bbox 2055 2244 2387 2325; x_wconf 79' lang='lat' dir='ltr'><strong>tenentur3</strong></span> 
     </span>
     <span class='ocr_line' id='line_1_23' title="bbox 358 2328 2387 2414; baseline 0.001 -23"><span class='ocrx_word' id='word_1_162' title='bbox 358 2349 565 2411; x_wconf 88' lang='lat' dir='ltr'><strong>neque</strong></span> <span class='ocrx_word' id='word_1_163' title='bbox 646 2328 817 2391; x_wconf 84' lang='lat' dir='ltr'><strong>enirn</strong></span> <span class='ocrx_word' id='word_1_164' title='bbox 884 2328 992 2411; x_wconf 91' lang='lat' dir='ltr'><strong>qui</strong></span> <span class='ocrx_word' id='word_1_165' title='bbox 1056 2332 1273 2411; x_wconf 87' lang='lat' dir='ltr'><strong>potest</strong></span> <span class='ocrx_word' id='word_1_166' title='bbox 1337 2329 1405 2392; x_wconf 93' lang='lat' dir='ltr'><strong>in</strong></span> <span class='ocrx_word' id='word_1_167' title='bbox 1468 2329 1668 2392; x_wconf 90' lang='lat' dir='ltr'><strong>furem</strong></span> <span class='ocrx_word' id='word_1_168' title='bbox 1734 2333 2046 2414; x_wconf 82' lang='lat' dir='ltr'><strong>statuere,</strong></span> <span class='ocrx_word' id='word_1_169' title='bbox 2117 2350 2387 2394; x_wconf 88' lang='lat' dir='ltr'><strong>necesse</strong></span> 
     </span>
     <span class='ocr_line' id='line_1_24' title="bbox 360 2416 2387 2500; baseline 0.001 -21"><span class='ocrx_word' id='word_1_170' title='bbox 360 2416 561 2481; x_wconf 89' lang='lat' dir='ltr'><strong>habet</strong></span> <span class='ocrx_word' id='word_1_171' title='bbox 625 2417 930 2481; x_wconf 87' lang='lat' dir='ltr'><strong>adversus</strong></span> <span class='ocrx_word' id='word_1_172' title='bbox 975 2416 1178 2481; x_wconf 88' lang='lat' dir='ltr'><strong>furem</strong></span> <span class='ocrx_word' id='word_1_173' title='bbox 1232 2418 1508 2500; x_wconf 83' lang='lat' dir='ltr'><strong>litigare.</strong></span> <span class='ocrx_word' id='word_1_174' title='bbox 1563 2417 1799 2483; x_wconf 92' lang='lat' dir='ltr'><strong>idcirco</strong></span> <span class='ocrx_word' id='word_1_175' title='bbox 1855 2440 1973 2483; x_wconf 88' lang='lat' dir='ltr'><strong>nec</strong></span> <span class='ocrx_word' id='word_1_176' title='bbox 2020 2418 2188 2483; x_wconf 90' lang='lat' dir='ltr'><strong>actio</strong></span> <span class='ocrx_word' id='word_1_177' title='bbox 2235 2417 2299 2482; x_wconf 93' lang='lat' dir='ltr'><strong>ei</strong></span> <span class='ocrx_word' id='word_1_178' title='bbox 2346 2440 2387 2482; x_wconf 90' lang='lat' dir='ltr'><strong>a</strong></span> 
     </span>
     <span class='ocr_line' id='line_1_25' title="bbox 359 2505 1140 2586; baseline 0.004 -17"><span class='ocrx_word' id='word_1_179' title='bbox 359 2505 681 2569; x_wconf 86' lang='lat' dir='ltr'><strong>veteribus</strong></span> <span class='ocrx_word' id='word_1_180' title='bbox 727 2505 979 2586; x_wconf 86' lang='lat' dir='ltr'><strong>prodita</strong></span> <span class='ocrx_word' id='word_1_181' title='bbox 1024 2510 1140 2572; x_wconf 82' lang='lat' dir='ltr'><strong>est.</strong></span> 
     </span>
    </p>

    <p class='ocr_par' dir='ltr' id='par_1_10' title="bbox 357 2594 2376 2947">
     <span class='ocr_line' id='line_1_26' title="bbox 536 2594 2376 2679; baseline -0.002 -19"><span class='ocrx_word' id='word_1_182' title='bbox 536 2594 638 2660; x_wconf 84' lang='lat'><strong>35.</strong></span> <span class='ocrx_word' id='word_1_183' title='bbox 696 2594 835 2659; x_wconf 86' lang='lat' dir='ltr'><strong>Gai.</strong></span> <span class='ocrx_word' id='word_1_184' title='bbox 888 2596 956 2676; x_wconf 88' lang='lat'><strong>3,</strong></span> <span class='ocrx_word' id='word_1_185' title='bbox 1011 2595 1157 2659; x_wconf 89' lang='grc'><strong>202.</strong></span> <span class='ocrx_word' id='word_1_186' title='bbox 1215 2632 1298 2641; x_wconf 93' lang='lat'><em>-</em></span> <span class='ocrx_word' id='word_1_187' title='bbox 1354 2594 1680 2659; x_wconf 89' lang='lat' dir='ltr'><strong>Interdum</strong></span> <span class='ocrx_word' id='word_1_188' title='bbox 1736 2594 1894 2658; x_wconf 87' lang='lat' dir='ltr'><strong>furti</strong></span> <span class='ocrx_word' id='word_1_189' title='bbox 1948 2598 2204 2658; x_wconf 84' lang='lat' dir='ltr'><strong>tenetur</strong></span> <span class='ocrx_word' id='word_1_190' title='bbox 2260 2594 2376 2679; x_wconf 88' lang='lat' dir='ltr'><strong>qui</strong></span> 
     </span>
     <span class='ocr_line' id='line_1_27' title="bbox 357 2682 2376 2768; baseline -0 -21"><span class='ocrx_word' id='word_1_191' title='bbox 357 2683 493 2767; x_wconf 90' lang='lat' dir='ltr'><strong>ipse</strong></span> <span class='ocrx_word' id='word_1_192' title='bbox 550 2683 792 2748; x_wconf 88' lang='lat' dir='ltr'><strong>furtum</strong></span> <span class='ocrx_word' id='word_1_193' title='bbox 857 2705 983 2747; x_wconf 91' lang='lat' dir='ltr'><strong>non</strong></span> <span class='ocrx_word' id='word_1_194' title='bbox 1038 2684 1288 2768; x_wconf 86' lang='lat' dir='ltr'><strong>fecerit,</strong></span> <span class='ocrx_word' id='word_1_195' title='bbox 1355 2682 1562 2767; x_wconf 87' lang='lat' dir='ltr'><strong>qualis</strong></span> <span class='ocrx_word' id='word_1_196' title='bbox 1627 2686 1728 2748; x_wconf 90' lang='lat' dir='ltr'><strong>est</strong></span> <span class='ocrx_word' id='word_1_197' title='bbox 1791 2682 1968 2748; x_wconf 88' lang='lat' dir='ltr'><strong>cuius</strong></span> <span class='ocrx_word' id='word_1_198' title='bbox 2035 2704 2154 2766; x_wconf 89' lang='lat' dir='ltr'><strong>ope</strong></span> <span class='ocrx_word' id='word_1_199' title='bbox 2221 2704 2376 2747; x_wconf 89' lang='lat' dir='ltr'><strong>con·</strong></span> 
     </span>
     <span class='ocr_line' id='line_1_28' title="bbox 360 2771 2375 2854; baseline -0.001 -17"><span class='ocrx_word' id='word_1_200' title='bbox 360 2773 502 2838; x_wconf 92' lang='lat' dir='ltr'><strong>silio</strong></span> <span class='ocrx_word' id='word_1_201' title='bbox 540 2773 783 2837; x_wconf 86' lang='lat' dir='ltr'><strong>furtum</strong></span> <span class='ocrx_word' id='word_1_202' title='bbox 822 2771 1063 2836; x_wconf 89' lang='lat' dir='ltr'><strong>factum</strong></span> <span class='ocrx_word' id='word_1_203' title='bbox 1103 2776 1201 2836; x_wconf 89' lang='lat' dir='ltr'><strong>est</strong></span> <span class='ocrx_word' id='word_1_204' title='bbox 1248 2825 1261 2839; x_wconf 96' lang='lat'><strong>.</strong></span> <span class='ocrx_word' id='word_1_205' title='bbox 1292 2822 1305 2837; x_wconf 93' lang='lat'><strong>.</strong></span> <span class='ocrx_word' id='word_1_206' title='bbox 1335 2821 1350 2836; x_wconf 90' lang='lat'><strong>.</strong></span> <span class='ocrx_word' id='word_1_207' title='bbox 1397 2775 1462 2835; x_wconf 87' lang='lat' dir='ltr'><strong>et</strong></span> <span class='ocrx_word' id='word_1_208' title='bbox 1507 2772 1631 2837; x_wconf 91' lang='lat' dir='ltr'><strong>hoc</strong></span> <span class='ocrx_word' id='word_1_209' title='bbox 1675 2775 1925 2837; x_wconf 87' lang='lat' dir='ltr'><strong>veteres</strong></span> <span class='ocrx_word' id='word_1_210' title='bbox 1973 2774 2375 2854; x_wconf 86' lang='lat' dir='ltr'><strong>scripserunt</strong></span> 
     </span>
     <span class='ocr_line' id='line_1_29' title="bbox 359 2860 1944 2947; baseline 0.001 -23"><span class='ocrx_word' id='word_1_211' title='bbox 359 2861 435 2924; x_wconf 91' lang='lat' dir='ltr'><strong>de</strong></span> <span class='ocrx_word' id='word_1_212' title='bbox 484 2882 558 2925; x_wconf 93' lang='lat' dir='ltr'><strong>eo</strong></span> <span class='ocrx_word' id='word_1_213' title='bbox 613 2862 721 2944; x_wconf 88' lang='lat' dir='ltr'><strong>qui</strong></span> <span class='ocrx_word' id='word_1_214' title='bbox 768 2883 983 2944; x_wconf 88' lang='lat' dir='ltr'><strong>panno</strong></span> <span class='ocrx_word' id='word_1_215' title='bbox 1029 2863 1222 2926; x_wconf 91' lang='lat' dir='ltr'><strong>rubro</strong></span> <span class='ocrx_word' id='word_1_216' title='bbox 1271 2860 1524 2947; x_wconf 85' lang='lat' dir='ltr'><strong>fugavit</strong></span> <span class='ocrx_word' id='word_1_217' title='bbox 1570 2864 1944 2925; x_wconf 87' lang='lat' dir='ltr'><strong>armentum.</strong></span> 
     </span>
    </p>

    <p class='ocr_par' dir='ltr' id='par_1_11' title="bbox 358 2948 2384 3390">
     <span class='ocr_line' id='line_1_30' title="bbox 536 2948 2372 3035; baseline -0.001 -22"><span class='ocrx_word' id='word_1_218' title='bbox 536 2950 641 3014; x_wconf 84' lang='lat'><strong>36.</strong></span> <span class='ocrx_word' id='word_1_219' title='bbox 745 2948 825 3013; x_wconf 91' lang='lat' dir='ltr'><strong>D.</strong></span> <span class='ocrx_word' id='word_1_220' title='bbox 881 2950 994 3034; x_wconf 83' lang='lat'><strong>50,</strong></span> <span class='ocrx_word' id='word_1_221' title='bbox 1056 2952 1158 3033; x_wconf 88' lang='grc'><strong>16,</strong></span> <span class='ocrx_word' id='word_1_222' title='bbox 1204 2950 1317 3035; x_wconf 84' lang='lat'><strong>53,</strong></span> <span class='ocrx_word' id='word_1_223' title='bbox 1365 2952 1422 3015; x_wconf 90' lang='grc'><strong>2.</strong></span> <span class='ocrx_word' id='word_1_224' title='bbox 1523 2950 1758 3015; x_wconf 87' lang='lat' dir='ltr'><strong>Paulus</strong></span> <span class='ocrx_word' id='word_1_225' title='bbox 1823 2950 1990 3014; x_wconf 90' lang='lat' dir='ltr'><strong>libro</strong></span> <span class='ocrx_word' id='word_1_226' title='bbox 2056 2949 2372 3033; x_wconf 88' lang='lat' dir='ltr'><strong>quinqua-</strong></span> 
     </span>
     <span class='ocr_line' id='line_1_31' title="bbox 359 3037 2384 3122; baseline 0.001 -23"><span class='ocrx_word' id='word_1_227' title='bbox 359 3037 652 3122; x_wconf 85' lang='lat' dir='ltr'><strong>gensimo</strong></span> <span class='ocrx_word' id='word_1_228' title='bbox 734 3060 905 3101; x_wconf 91' lang='lat' dir='ltr'><strong>nono</strong></span> <span class='ocrx_word' id='word_1_229' title='bbox 990 3038 1070 3103; x_wconf 88' lang='lat' dir='ltr'><strong>ad</strong></span> <span class='ocrx_word' id='word_1_230' title='bbox 1144 3039 1436 3103; x_wconf 87' lang='lat' dir='ltr'><strong>edictum.</strong></span> <span class='ocrx_word' id='word_1_231' title='bbox 1529 3075 1603 3085; x_wconf 93' lang='lat'>—</span> <span class='ocrx_word' id='word_1_232' title='bbox 1693 3088 1707 3102; x_wconf 85' lang='lat'><strong>.</strong></span> <span class='ocrx_word' id='word_1_233' title='bbox 1752 3085 1768 3102; x_wconf 91' lang='lat'><strong>.</strong></span> <span class='ocrx_word' id='word_1_234' title='bbox 1842 3042 1994 3122; x_wconf 89' lang='lat' dir='ltr'><strong>post</strong></span> <span class='ocrx_word' id='word_1_235' title='bbox 2086 3042 2384 3102; x_wconf 81' lang='lat' dir='ltr'><strong>veterum</strong></span> 
     </span>
     <span class='ocr_line' id='line_1_32' title="bbox 360 3125 2374 3210; baseline 0 -21"><span class='ocrx_word' id='word_1_236' title='bbox 360 3125 811 3190; x_wconf 84' lang='lat' dir='ltr'><strong>auctoritatem</strong></span> <span class='ocrx_word' id='word_1_237' title='bbox 862 3148 937 3191; x_wconf 92' lang='lat' dir='ltr'><strong>eo</strong></span> <span class='ocrx_word' id='word_1_238' title='bbox 985 3132 1360 3210; x_wconf 87' lang='lat' dir='ltr'><strong>perventum</strong></span> <span class='ocrx_word' id='word_1_239' title='bbox 1407 3131 1522 3210; x_wconf 87' lang='lat' dir='ltr'><strong>est,</strong></span> <span class='ocrx_word' id='word_1_240' title='bbox 1568 3131 1641 3191; x_wconf 92' lang='lat' dir='ltr'><strong>ut</strong></span> <span class='ocrx_word' id='word_1_241' title='bbox 1684 3148 1871 3191; x_wconf 87' lang='lat' dir='ltr'><strong>nemo</strong></span> <span class='ocrx_word' id='word_1_242' title='bbox 1919 3145 2039 3210; x_wconf 89' lang='lat' dir='ltr'><strong>ope</strong></span> <span class='ocrx_word' id='word_1_243' title='bbox 2077 3125 2374 3190; x_wconf 85' lang='lat' dir='ltr'><strong>videatur</strong></span> 
     </span>
     <span class='ocr_line' id='line_1_33' title="bbox 358 3214 2376 3301; baseline 0 -24"><span class='ocrx_word' id='word_1_244' title='bbox 358 3214 607 3296; x_wconf 87' lang='lat' dir='ltr'><strong>fecisse,</strong></span> <span class='ocrx_word' id='word_1_245' title='bbox 652 3215 779 3278; x_wconf 88' lang='lat' dir='ltr'><strong>nisi</strong></span> <span class='ocrx_word' id='word_1_246' title='bbox 826 3221 891 3279; x_wconf 90' lang='lat' dir='ltr'><strong>et</strong></span> <span class='ocrx_word' id='word_1_247' title='bbox 927 3216 1263 3280; x_wconf 87' lang='lat' dir='ltr'><strong>consilium</strong></span> <span class='ocrx_word' id='word_1_248' title='bbox 1304 3217 1655 3301; x_wconf 86' lang='lat' dir='ltr'><strong>malignum</strong></span> <span class='ocrx_word' id='word_1_249' title='bbox 1695 3216 2011 3299; x_wconf 88' lang='lat' dir='ltr'><strong>habuerit,</strong></span> <span class='ocrx_word' id='word_1_250' title='bbox 2053 3235 2175 3278; x_wconf 89' lang='lat' dir='ltr'><strong>nec</strong></span> <span class='ocrx_word' id='word_1_251' title='bbox 2220 3236 2376 3279; x_wconf 86' lang='lat' dir='ltr'><strong>con-</strong></span> 
     </span>
     <span class='ocr_line' id='line_1_34' title="bbox 362 3302 2376 3390; baseline 0 -24"><span class='ocrx_word' id='word_1_252' title='bbox 362 3304 577 3366; x_wconf 88' lang='lat' dir='ltr'><strong>silium</strong></span> <span class='ocrx_word' id='word_1_253' title='bbox 623 3302 926 3367; x_wconf 85' lang='lat' dir='ltr'><strong>habuisse</strong></span> <span class='ocrx_word' id='word_1_254' title='bbox 963 3310 1213 3390; x_wconf 87' lang='lat' dir='ltr'><strong>noceat,</strong></span> <span class='ocrx_word' id='word_1_255' title='bbox 1254 3305 1379 3369; x_wconf 88' lang='lat' dir='ltr'><strong>nisi</strong></span> <span class='ocrx_word' id='word_1_256' title='bbox 1428 3311 1493 3368; x_wconf 90' lang='lat' dir='ltr'><strong>et</strong></span> <span class='ocrx_word' id='word_1_257' title='bbox 1537 3304 1778 3370; x_wconf 88' lang='lat' dir='ltr'><strong>factum</strong></span> <span class='ocrx_word' id='word_1_258' title='bbox 1819 3307 2108 3368; x_wconf 89' lang='lat' dir='ltr'><strong>secutum</strong></span> <span class='ocrx_word' id='word_1_259' title='bbox 2154 3302 2376 3367; x_wconf 85' lang='lat' dir='ltr'><strong>fuerit.</strong></span> 
     </span>
    </p>

    <p class='ocr_par' dir='ltr' id='par_1_12' title="bbox 360 3390 2382 3567">
     <span class='ocr_line' id='line_1_35' title="bbox 537 3390 2382 3475; baseline -0.001 -18"><span class='ocrx_word' id='word_1_260' title='bbox 537 3392 639 3457; x_wconf 85' lang='lat'><strong>37.</strong></span> <span class='ocrx_word' id='word_1_261' title='bbox 732 3390 867 3456; x_wconf 85' lang='lat' dir='ltr'><strong>Gai.</strong></span> <span class='ocrx_word' id='word_1_262' title='bbox 925 3393 991 3475; x_wconf 88' lang='lat'><strong>3,</strong></span> <span class='ocrx_word' id='word_1_263' title='bbox 1054 3394 1200 3459; x_wconf 87' lang='lat'><strong>189.</strong></span> <span class='ocrx_word' id='word_1_264' title='bbox 1263 3430 1339 3439; x_wconf 94' lang='lat'>—</span> <span class='ocrx_word' id='word_1_265' title='bbox 1404 3393 1620 3459; x_wconf 87' lang='lat' dir='ltr'><strong>Poena</strong></span> <span class='ocrx_word' id='word_1_266' title='bbox 1683 3392 2015 3457; x_wconf 88' lang='lat' dir='ltr'><strong>manifesti</strong></span> <span class='ocrx_word' id='word_1_267' title='bbox 2073 3392 2236 3457; x_wconf 87' lang='lat' dir='ltr'><strong>furti</strong></span> <span class='ocrx_word' id='word_1_268' title='bbox 2302 3414 2382 3456; x_wconf 85' lang='lat' dir='ltr'><strong>ex</strong></span> 
     </span>
     <span class='ocr_line' id='line_1_36' title="bbox 360 3480 2379 3567; baseline 0.001 -24"><span class='ocrx_word' id='word_1_269' title='bbox 360 3481 502 3565; x_wconf 86' lang='lat' dir='ltr'><strong>lege</strong></span> <span class='ocrx_word' id='word_1_270' title='bbox 530 3480 661 3545; x_wconf 91' lang='lat' dir='ltr'><strong>XII</strong></span> <span class='ocrx_word' id='word_1_271' title='bbox 698 3482 1059 3545; x_wconf 83' lang='lat' dir='ltr'><strong>tabularum</strong></span> <span class='ocrx_word' id='word_1_272' title='bbox 1091 3483 1384 3565; x_wconf 85' lang='lat' dir='ltr'><strong>capitalis</strong></span> <span class='ocrx_word' id='word_1_273' title='bbox 1424 3486 1590 3567; x_wconf 83' lang='lat' dir='ltr'><strong>erat3</strong></span> <span class='ocrx_word' id='word_1_274' title='bbox 1615 3505 1770 3547; x_wconf 90' lang='lat' dir='ltr'><strong>nam</strong></span> <span class='ocrx_word' id='word_1_275' title='bbox 1800 3482 1962 3546; x_wconf 92' lang='lat' dir='ltr'><strong>liber</strong></span> <span class='ocrx_word' id='word_1_276' title='bbox 1996 3482 2379 3547; x_wconf 78' lang='lat' dir='ltr'><strong>verberatus</strong></span> 
     </span>
    </p>

    <p class='ocr_par' dir='ltr' id='par_1_13' title="bbox 404 3569 2378 3636">
     <span class='ocr_line' id='line_1_37' title="bbox 404 3569 2378 3636; baseline 0.001 -3"><span class='ocrx_word' id='word_1_277' title='bbox 404 3569 776 3635; x_wconf 76' lang='lat' dir='ltr'><strong>ddieebatur</strong></span> <span class='ocrx_word' id='word_1_278' title='bbox 815 3570 873 3633; x_wconf 93' lang='lat' dir='ltr'><strong>ei</strong></span> <span class='ocrx_word' id='word_1_279' title='bbox 902 3571 1002 3635; x_wconf 92' lang='lat' dir='ltr'><strong>cui</strong></span> <span class='ocrx_word' id='word_1_280' title='bbox 1049 3571 1289 3635; x_wconf 89' lang='lat' dir='ltr'><strong>furtum</strong></span> <span class='ocrx_word' id='word_1_281' title='bbox 1327 3570 1586 3636; x_wconf 88' lang='lat' dir='ltr'><strong>fecerat.</strong></span> <span class='ocrx_word' id='word_1_282' title='bbox 1647 3575 1861 3635; x_wconf 89' lang='lat' dir='ltr'><strong>utrum</strong></span> <span class='ocrx_word' id='word_1_283' title='bbox 1904 3574 2114 3635; x_wconf 85' lang='lat' dir='ltr'><strong>autem</strong></span> <span class='ocrx_word' id='word_1_284' title='bbox 2153 3591 2378 3635; x_wconf 85' lang='lat' dir='ltr'><strong>servus</strong></span> 
     </span>
    </p>
   </div>
  </div>
 </body>
</html>
