2575 3900
364 191 447 256 74
498 191 593 249 ΙΙΙ.
622 191 773 247 GAJI
802 191 1098 248 CLAUDII
1124 191 1395 248 NERON.
1419 191 1708 248 GALBAE
1732 193 1947 250 TEMP.
1968 192 2161 249 IURIS
2182 191 2383 250 CONs.

360 359 577 512 lolebum
634 357 858 422 datum
922 357 1035 440 sit,
1106 355 1446 421 dicendum
1513 355 1640 421 erit
1711 356 2103 422 institoriam
2176 357 2392 423 locum

408 470 446 513 a
494 468 616 511 ere.

448 623 487 638 .,
535 558 779 618 Pernice
824 556 888 616 ΙΙ
932 577 992 634 p.
1023 559 1175 617 263:
1223 550 1399 616 ‘doch
1445 557 1606 617 wohl
1651 575 1759 616 aus
1805 550 2093 617 Cassius’.

1179 755 1281 822 De
1314 757 1575 839 peculio.

543 881 641 946 10.
706 879 783 944 D.
817 875 917 962 15,
950 881 1007 963 1,
1033 881 1139 946 42.
1228 881 1410 946 Idem
1466 877 1579 966 (sc.
1615 876 1962 967 Ulpianus)
2018 880 2184 945 libro
2237 880 2391 946 duo-

362 970 608 1036 decimo
673 969 755 1033 ad
814 969 1093 1034 edictum
1149 968 1250 1052 (P.
1285 965 1466 1056 418).
1529 1004 1604 1016 —
1664 968 1740 1032 In
1799 969 2253 1055 adrogatorem
2310 969 2390 1034 de

406 1059 613 1124 eculio
670 1058 992 1123 actionem
1038 1057 1313 1123 dandam
1362 1057 1622 1142 quidam
1670 1106 1685 1122 .
1714 1107 1728 1122 .
1774 1062 2036 1140 putant,
2091 1058 2388 1141 quamvis

360 1081 645 1212 gabinus
692 1151 758 1211 et
795 1144 1059 1212 Cassius
1106 1168 1184 1211 ex
1230 1150 1383 1211 ante
1431 1150 1618 1232 gesto
1667 1145 1746 1210 de
1783 1146 2032 1229 peculio
2072 1146 2390 1210 actionem

360 1257 493 1302 non
541 1257 681 1300 esse
729 1235 1006 1299 dandam
1054 1236 1451 1301 existimant.

544 1334 643 1398 11.
699 1331 904 1414 D.‚15,
929 1334 983 1418 1,
1003 1334 1063 1413 3,
1082 1334 1142 1398 9.
1233 1332 1558 1418 Ulpianus
1604 1332 1770 1395 libro
1817 1331 2166 1396 vicensimo
2213 1353 2388 1397 nono

361 1422 443 1487 ad
507 1421 785 1487 edictum
852 1420 948 1508 (P.
989 1418 1193 1507 851⁸).
1249 1458 1335 1468 —
1393 1471 1407 1486 .
1445 1469 1462 1486 .
1528 1421 1583 1485 si
1645 1419 1816 1485 filius
1879 1419 2218 1485 fideiussor
2282 1420 2387 1485 vel

363 1510 547 1595 quasi
598 1511 1001 1576 interventor
1056 1515 1357 1595 acceptus
1404 1511 1521 1593 sit,
1579 1531 1663 1574 an
1707 1509 1785 1572 de
1831 1508 2085 1592 peculio
2133 1511 2388 1596 patrem

362 1599 633 1682 obligat,
680 1599 1027 1683 quaeritur.
1109 1601 1174 1663 et
1221 1604 1322 1664 est
1358 1649 1372 1662 .
1394 1649 1409 1664 .
1446 1596 1669 1662 Sabini
1710 1601 1777 1661 et
1812 1594 2025 1662 Cassii
2062 1597 2387 1662 sententia

362 1686 868 1753 existimantium
928 1709 1183 1773 semper
1237 1688 1516 1771 obligari
1577 1691 1825 1772 patrem
1879 1687 1957 1751 de
2012 1686 2263 1770 peculio
2323 1690 2388 1751 et

362 1777 603 1843 distare
649 1777 718 1841 in
762 1776 886 1842 hoc
933 1799 971 1841 a
1018 1799 1222 1843 servo.

1044 1987 1310 2061 Deposita·
1352 1987 1441 2045 vel
1484 1990 1702 2045 contra.

542 2105 641 2169 12.
692 2104 770 2171 D.
796 2107 894 2186 12,
920 2107 976 2189 7,
998 2106 1057 2169 2.
1146 2103 1325 2168 Idem
1375 2101 1487 2190 (sc.
1527 2100 1882 2191 Ulpianus)
1927 2104 2093 2168 libro
2139 2103 2387 2188 trigen-

362 2193 526 2258 simo
574 2193 850 2260 secundo
900 2194 981 2258 ad
1029 2192 1307 2257 edictum
1347 2188 1446 2277 (P.
1479 2190 1686 2277 95110).
1733 2229 1818 2240 -
1867 2192 1937 2257 Si
1981 2191 2144 2257 fullo
2193 2192 2384 2257 vesti-

361 2285 582 2346 menta
630 2282 903 2348 lavanda
949 2282 1352 2363 conduxerit,
1405 2280 1633 2345 deinde
1680 2282 1934 2346 amissis
1982 2282 2076 2345 eis
2124 2279 2386 2346 domino

361 2370 639 2454 pretium
713 2393 791 2436 ex
864 2372 1081 2436 locato
1155 2374 1507 2435 conventus
1571 2371 1969 2452 praestiterit
2031 2373 2388 2454 posteaque

360 2459 659 2525 dominus
697 2460 1015 2525 invenerit
1051 2459 1459 2543 vestimenta,
1508 2481 1636 2543 qua
1672 2459 1926 2524 actione
1965 2457 2198 2524 debeat
2235 2479 2387 2523 con-

359 2549 539 2631 sequi
595 2549 873 2634 pretium
932 2548 1103 2634 quod
1162 2547 1380 2612 dedit?
1473 2554 1540 2612 et
1596 2548 1688 2612 ait
1735 2545 1996 2612 Cassius
2055 2569 2200 2612 eum
2256 2567 2390 2612 non

360 2638 571 2702 solum
600 2661 677 2703 ex
706 2638 1019 2704 conducto
1051 2659 1261 2724 agere,
1288 2659 1514 2701 verum
1543 2636 1876 2701 condicere
1898 2635 2156 2701 domino
2177 2656 2389 2719 posse.

539 2738 640 2801 13.
691 2736 765 2800 D.
799 2736 900 2818 16,
929 2737 991 2813 3,
1024 2737 1124 2819 14,
1157 2737 1212 2801 1.
1298 2733 1498 2799 Gaius
1545 2734 1713 2798 libro
1761 2755 1931 2798 nono
1979 2733 2056 2797 ad
2104 2732 2389 2798 edictum

357 2825 755 2905 provinciale
804 2824 902 2910 (P.
933 2822 1112 2910 230).
1166 2858 1241 2870 —
1297 2822 1443 2887 Sive
1492 2873 1506 2888 .
1538 2872 1552 2887 .
1598 2845 1742 2888 cum
1791 2822 1932 2905 ipso
1979 2821 2148 2904 apud
2196 2842 2391 2907 quem

359 2910 653 2994 deposita
720 2917 819 2976 est
885 2910 1001 2997 (sc.
1047 2910 1179 2996 res)
1240 2914 1454 2975 actum
1511 2911 1708 2975 fuerit
1762 2910 1895 2975 sive
1949 2932 2098 2976 cum
2153 2908 2389 2974 herede

360 2998 496 3063 eius
545 3004 609 3063 et
654 3023 768 3065 sua
804 3004 1039 3064 natura
1074 3020 1177 3063 res
1216 3003 1367 3063 ante
1405 3020 1541 3064 rem
1579 2999 1929 3064 iudicatam
1967 2998 2390 3083 interciderit,

357 3086 561 3152 veluti
608 3089 660 3152 si
707 3087 903 3152 homo
952 3092 1246 3152 mortuus
1288 3087 1506 3166 fuerit,
1553 3086 1831 3153 Sabinus
1871 3093 1936 3152 et
1971 3086 2238 3153 Cassius
2277 3087 2388 3152 ab·

358 3174 529 3241 solvi
583 3176 815 3241 debere
873 3198 1018 3240 eum
1076 3197 1220 3240 cum
1268 3197 1396 3259 quo
1445 3180 1661 3241 actum
1709 3181 1809 3241 est
1856 3176 2180 3261 dixerunt,
2236 3178 2390 3262 quia

360 3285 636 3349 aequum
666 3268 837 3330 esset
863 3266 1224 3330 naturalem
1255 3265 1592 3330 interitum
1631 3265 1714 3329 ad
1751 3268 2034 3330 actorem
2061 3264 2389 3350 pertinere

360 3354 603 3437 [utique
642 3376 784 3419 cum
820 3355 1166 3420 interitura
1206 3358 1378 3420 esset
1424 3375 1500 3419 ea
1535 3376 1637 3418 res
1677 3357 1743 3418 et
1780 3354 1836 3420 si
1873 3354 2177 3419 restituta
2213 3359 2391 3419 esset

355 3444 611 3524 actori].

536 3575 591 3615 v.
637 3555 702 3614 II
750 3559 780 3615 1
843 3576 898 3633 p.
940 3558 1087 3618 573.
