2575 3900
359 151 496 216 464
567 152 634 207 V.
672 151 970 212 NERVAE
1009 151 1102 204 ΕΤ
1139 151 1445 206 TRAIANI
1482 151 1696 207 TEMP.
1732 151 1925 206 IURIS
1963 149 2363 206 CONSULTI

536 321 608 379 In
662 319 962 396 responsis
1019 320 1145 380 suis
1187 319 1509 380 Iavolenus
1564 338 1748 397 aeque
1793 319 2092 379 Labeonis
2143 322 2429 380 senten-

358 411 480 470 tias
537 408 745 468 attulit
801 401 1054 489 (‘Labeo
1109 408 1459 486 frequenter
1512 401 1744 468 scribit'
1789 407 1863 468 D.
1895 410 1997 486 28,
2027 411 2084 481 5,
2116 408 2237 487 65)
2301 411 2429 469 vel

357 497 619 575 probans
676 489 776 577 (D.
805 500 853 556 ·1.
887 516 935 558 c.
991 491 1190 575 ‘idque
1236 517 1443 558 verum
1490 515 1619 557 esse
1665 497 1982 557 manifesto
2029 501 2425 576 argumento

359 579 762 666 comprobat')
816 586 912 646 vel
966 586 1218 646 reiciens
1275 579 1377 667 (D.
1409 588 1643 663 50,16,
1675 588 1799 644 116
1849 579 2209 662 ‘responditt
2270 605 2423 646 non

359 675 572 733 dubito
619 675 761 751 quin
807 674 1101 734 Labeonis
1147 675 1445 735 sententia.
1490 693 1633 736 vera
1677 694 1796 734 non
1841 668 1995 756 sit').
2086 676 2208 734 alio
2260 675 2418 735 loco

360 763 565 822 Sabini
633 763 988 822 sententiam
1055 764 1230 823 affert
1292 783 1471 840 quam
1534 763 1801 839 sequitur
1867 755 1968 844 (D.
2007 765 2215 839 45,1‚
2262 766 2410 825 105

359 847 714 930 ‘responditz
772 852 1095 912 secundum
1140 853 1422 912 Massurii
1470 852 1675 912 Sabini
1730 851 2071 929 opinionem
2124 855 2281 929 puto
2338 857 2412 912 te

359 987 372 1000 .
403 987 419 1002 .
448 989 461 1002 .
491 960 668 1018 agere
706 960 826 1000 non
860 959 1060 1018 posse3
1106 961 1248 1000 nam
1281 941 1335 1000 is
1370 944 1532 1001 recte
1569 941 1969 1017 existimabat,
2006 933 2132 1023 si').
2218 942 2406 1000 deni-

354 1049 472 1108 que
535 1030 776 1089 Proculi
848 1031 1204 1089 sententiam
1279 1049 1316 1088 a
1388 1031 1735 1090 consulente
1808 1030 2068 1107 quodam
2133 1030 2407 1090 allatam

356 1120 573 1196 probat
618 1111 719 1199 (D.
752 1120 855 1194 28,
886 1121 942 1191 5,
976 1121 1053 1177 11
1106 1113 1465 1195 ‘responditz
1509 1138 1657 1179 vera
1701 1121 1795 1178 est
1829 1118 2070 1178 Proculi
2108 1113 2402 1200 opinio').

534 1207 623 1267 De
680 1208 809 1266 iure
853 1206 1128 1284 inprimis
1175 1208 1341 1266 civili
1386 1206 1616 1267 dictum
1661 1207 1846 1267 fuisse
1892 1209 2172 1284 apparet3
2229 1208 2395 1268 iuris

355 1296 658 1355 honorarii
703 1296 927 1355 mentio
972 1315 1092 1355 non
1137 1296 1222 1356 fit.

533 1384 722 1454 Quem
764 1385 1035 1444 ordinem
1069 1385 1133 1442 in
1170 1385 1349 1444 rebus
1387 1385 1745 1445 collocandis
1780 1385 2098 1446 Iavolenus
2138 1387 2392 1445 secutus

358 1473 464 1550 sit,
519 1492 651 1532 cum
703 1473 821 1533 viri
876 1473 1038 1533 docti
1094 1491 1282 1549 aeque
1338 1476 1521 1551 atque
1572 1474 1636 1533 in
1680 1473 1921 1532 Proculi
1964 1473 2393 1550 Epistularum

351 1562 525 1621 libris
562 1556 773 1639 (supra
808 1583 866 1637 p.
899 1553 1054 1640 111)
1092 1581 1213 1623 non
1249 1562 1655 1640 cognoverint,
1692 1561 1791 1622 vix
1822 1563 1897 1621 ad
1924 1563 2118 1620 ullum
2146 1565 2388 1622 certum

355 1651 622 1710 ordinem
661 1669 760 1711 eas
797 1651 1116 1726 dispositas
1153 1651 1341 1711 fuisse
1379 1651 1723 1710 existimant
1750 1651 2025 1729 Krueger
2060 1670 2116 1728 p.
2151 1653 2277 1711 162
2316 1656 2385 1711 et

351 1737 539 1798 Lenel
579 1740 640 1800 P.
668 1740 700 1797 I
746 1740 855 1800 col.
887 1741 1012 1799 285
1049 1758 1106 1800 n.
1141 1742 1196 1799 7.
1277 1743 1346 1799 at
1389 1741 1549 1800 sicut
1585 1739 1839 1811 Proculi,
1884 1739 1973 1798 ita
2014 1745 2077 1799 et
2111 1739 2384 1800 Iavoleni

349 1827 577 1906 singuli
612 1827 754 1886 lib1i
792 1846 1059 1886 seorsum
1097 1829 1245 1888 editi
1281 1829 1577 1905 videntur,
1612 1829 1676 1888 in
1711 1829 1903 1904 iisque
1941 1827 2085 1888 ordo
2119 1830 2379 1888 fortasse

353 1935 474 1977 non
519 1915 674 1976 alius
719 1917 836 1976 fuit
881 1919 1063 1994 atque
1101 1916 1477 1997 Sabinianu8‚
1522 1917 1599 1978 ad
1645 1918 1815 1979 cuius
1861 1935 2132 1978 normam
2176 1917 2381 1995 singu-

351 2006 549 2065 lorum
595 2006 885 2065 librorum
931 2007 1275 2084 fragmenta.
1321 2007 1668 2067 collocanda.
1713 2007 1873 2066 duxi.

1209 2265 1425 2325 Liber
1469 2265 1516 2324 I.

1103 2383 1204 2449 De
1248 2386 1633 2450 testamentis.

1093 2514 1187 2573 De
1228 2516 1639 2574 substitutione.

533 2625 588 2689 1.
634 2623 710 2688 D.
732 2626 837 2707 42,
866 2624 926 2704 5,
948 2624 1050 2689 28.
1105 2623 1449 2688 Iavolenus
1478 2624 1646 2688 libro
1676 2625 1885 2707 primo
1913 2624 2367 2708 Epistularum.

351 2750 436 2760 —-
481 2714 673 2780 Pater
709 2714 994 2793 familias
1039 2712 1341 2795 impuberi
1382 2713 1533 2797 filio,
1576 2714 1634 2778 si
1678 2718 1819 2778 ante
1849 2713 2229 2795 pubertatem
2270 2714 2364 2779 de-

348 2804 638 2884 cessisset,
693 2803 1004 2867 substituit
1045 2801 1334 2867 heredem.
1424 2803 1482 2866 is
1522 2803 1697 2885 fitius
1736 2808 2007 2885 paterna
2050 2802 2361 2867 hereditate

339 2911 411 2954 se
463 2891 763 2955 abstinuit
812 2892 1057 2973 ideoque
1111 2891 1270 2971 bona
1313 2892 1522 2972 patris
1574 2892 1923 2969 venierunt;
1973 2896 2190 2974 postea
2238 2890 2358 2975 filio

341 2978 650 3045 ,hereditas
695 2979 946 3064 obvenit,
992 3000 1119 3062 qua
1162 2981 1338 3044 adita
1380 2981 1642 3045 decessit.
1728 3000 1973 3063 quaero,
2018 3000 2159 3044 cum
2194 3000 2360 3062 prae·

350 3073 446 3132 tor
509 3069 579 3131 in
637 3069 843 3149 ipsum
893 3068 1238 3151 pupillum,
1302 3070 1585 3150 quamvis
1634 3076 1850 3152 postea
1912 3068 2214 3135 hereditas
2269 3068 2357 3133 ob·

348 3157 634 3240 venisset,
687 3157 1084 3222 creditoribus
1137 3162 1343 3222 tamen
1383 3159 1596 3239 patris
1652 3160 1951 3224 actionem
2002 3178 2131 3222 non
2182 3159 2355 3244 daret,

344 3266 436 3309 an
499 3246 570 3309 in
629 3245 1023 3309 substitutum
1084 3247 1478 3311 creditoribus
1529 3248 1738 3329 patris
1796 3247 2010 3311 danda
2063 3248 2150 3311 sit
2197 3247 2353 3329 actia,

345 3353 489 3398 cum
532 3354 607 3398 ex
651 3334 825 3397 bonis
862 3336 1163 3414 paternis,
1201 3336 1364 3415 ‘quae
1406 3335 1633 3400 scilicet
1672 3336 1759 3400 ad
1798 3336 2120 3400 creditores
2155 3336 2353 3400 missos

347 3423 419 3487 in
465 3422 624 3487 bona
656 3422 982 3503 pertinent,
1027 3421 1189 3486 nihil
1230 3423 1529 3501 adquirat
1567 3429 1625 3487 et
1666 3444 1805 3488 cum
1848 3424 2169 3488 creditores
2210 3422 2353 3488 nihil

347 3511 511 3575 iuris
571 3512 642 3575 in
703 3510 876 3573 bonis
929 3509 1164 3592 pupilli
1219 3509 1545 3573 habuerint
1596 3532 1919 3593 eorumque
1970 3512 2133 3576 nihil
2185 3512 2349 3577 inter·
