2575 3900
363 170 406 233 4
477 170 572 225 III.
603 168 754 224 GAII
786 167 1078 222 CLAUDII
1104 166 1373 221 NER-ON.
1396 165 1681 221 GALBAE
1713 167 1926 225 ΤΕΜΡ.
1954 166 2144 222 IURIS
2175 166 2395 223 CONS.

1010 327 1097 381 De
1130 327 1341 381 heredis
1376 327 1731 381 institutione.

544 431 600 493 1.
649 427 726 491 D.
763 428 867 505 28,
904 426 964 511 5,
1004 428 1103 491 70.
1195 424 1503 492 Proculus
1559 428 1724 491 libro
1783 423 2061 492 secundo
2115 427 2395 510 Epistu-

366 518 588 583 larum.
608 552 698 563 —
725 513 1088 581 ‘Cornelius
1118 520 1182 579 et
1209 515 1518 598 MaeviUS,
1546 519 1689 579 uter
1717 536 1936 580 eorum
1968 517 2157 597 volet,
2196 517 2398 580 heres

367 605 550 671 esto'.
632 609 899 689 uterque
941 604 1100 668 vult.
1173 604 1515 668 Trebatius
1554 607 1852 668 neutrum
1892 605 2027 669 fore
2063 605 2395 688 heredem,

368 694 674 761 Curtilius
721 697 1079 776 utrumque.

877 849 964 904 De
997 864 1147 904 servo
1183 865 1308 904 cum
1344 850 1497 904 lance
1533 849 1877 904 commodato.

545 950 604 1014 2.
641 948 719 1015 D.
751 951 853 1032 13,
882 950 941 1031 6,
969 947 1029 1031 5,
1061 950 1160 1014 13.
1225 948 1544 1033 Ulpianus
1572 949 1740 1014 libro
1771 950 2119 1014 vicensimo
2152 953 2397 1015 octavo

368 1039 449 1103 ad
504 1039 780 1103 edictum
828 1038 922 1121 (P.
954 1034 1132 1123 805).
1178 1074 1264 1084 —
1312 1037 1382 1102 Si
1435 1059 1539 1102 me
1592 1039 1951 1124 rogaveris,
2008 1042 2081 1102 ut
2127 1059 2398 1103 servum

368 1127 491 1193 tibi
544 1149 687 1192 cum
741 1126 923 1190 lance
979 1126 1451 1191 commodarem
1500 1131 1565 1190 61
1613 1149 1833 1193 servus
1882 1127 2130 1191 lancem
2178 1128 2399 1211 perdi-

371 1216 556 1298 derit,
607 1214 911 1280 Cartilius
959 1215 1052 1279 ait
1095 1215 1455 1298 pericnlum
1504 1216 1584 1280 ad
1629 1220 1695 1279 te
1740 1217 2078 1301 respicere,
2122 1238 2279 1280 nam
2330 1222 2402 1280 61

370 1305 619 1369 lancem
689 1303 890 1369 videri
954 1304 1456 1388 commodatam,
1532 1326 1727 1389 quare
1791 1305 2044 1389 culpam
2111 1304 2181 1368 in
2244 1326 2399 1369 eam

375 1414 624 1478 quoque
662 1393 1136 1477 praestandam.
1221 1392 1441 1478 [plane
1480 1394 1536 1456 si
1575 1415 1795 1458 servus
1835 1415 1978 1458 cum
2018 1415 2093 1457 ea
2129 1393 2401 1478 fugerit,

374 1503 517 1546 eum
575 1481 684 1565 qui
739 1482 1214 1546 commodatum
1261 1481 1510 1566 accepit
1554 1502 1686 1546 non
1733 1483 1962 1560 teneri,
2017 1483 2146 1546 nisi
2192 1482 2400 1566 fugae

372 1570 701 1654 praestitit
747 1570 1053 1653 culpam]

551 1680 901 1740 Triboniani
948 1680 1436 1740 addidamentnm
1484 1681 1733 1758 agnovit
1777 1682 2041 1742 Pernice.

872 1985 954 2066 2.
1009 1988 1361 2063 VARIUS
1417 1989 1909 2062 LUCULLUS

551 2133 700 2193 iuris
761 2132 991 2208 peritus
1053 2134 1323 2210 ignotus,
1382 2134 1502 2193 nisi
1554 2134 1711 2209 quod
1766 2136 1841 2193 ab
1899 2135 2177 2194 Aristone
2235 2137 2405 2211 apud

375 2223 768 2299 Pomponium
814 2222 1120 2299 laudatur,
1178 2241 1353 2298 quem
1399 2224 1729 2282 Mommsen
1775 2218 2128 2282 ‘Varronem
2175 2223 2404 2282 Lucul-

380 2305 528 2371 lum’
579 2303 640 2391 (I
675 2330 731 2386 p.
767 2301 920 2390 108)
971 2328 1099 2368 esse
1147 2310 1381 2371 conicit.
1471 2311 1542 2370 cf.
1584 2311 1859 2390 Krueger
1903 2332 1959 2386 p.
1993 2314 2134 2373 157.
2209 2312 2406 2372 Lenel

378 2400 444 2460 P.
471 2400 535 2459 II
579 2400 688 2459 col.
721 2400 890 2457 1208
939 2417 994 2457 n.
1035 2400 1094 2456 2.

789 2550 878 2604 De
913 2551 1080 2605 libero
1114 2551 1328 2605 homine
1363 2552 1459 2620 qui
1494 2544 1637 2605 bo'na
1670 2552 1777 2618 fide
1811 2552 1989 2606 servit.

561 2650 638 2717 D.
663 2651 770 2736 41,
801 2653 860 2734 1,
893 2652 992 2716 19.
1073 2650 1466 2735 Pomponius
1512 2652 1682 2716 libro
1728 2652 1925 2715 tertio
1964 2651 2043 2715 ad
2084 2649 2403 2737 Sabinum

382 2738 484 2828 (P.
513 2736 690 2827 414).
737 2776 821 2787 —
868 2740 1062 2804 Liber
1117 2739 1340 2823 hom0‚
1396 2740 1505 2824 qui
1559 2740 1731 2804 bona
1787 2737 1910 2803 fide
1966 2740 2127 2804 mihi
2184 2741 2404 2824 servit,

386 2826 589 2912 quod²
645 2849 720 2891 ex
776 2828 988 2909 operis
1046 2830 1175 2890 suis
1232 2833 1345 2891 aut
1399 2848 1476 2891 ex
1520 2849 1591 2891 re
1636 2848 1781 2891 mea
1825 2831 2113 2912 pararet,
2168 2828 2247 2892 ad
2296 2851 2403 2894 1116

384 2916 706 3001 pertinere
771 2915 907 2978 sine
973 2914 1168 2978 dubio
1224 2915 1448 2979 Aristo
1514 2916 1635 2999 ait3
1700 2915 1868 2997 quod
1930 2939 2081 2982 vero
2141 2918 2281 3001 quis
2340 2919 2402 2982 61

387 3004 720 3068 donaverit
775 3006 889 3067 aut
934 3024 1012 3067 ex
1056 3003 1318 3086 negotio
1367 3006 1551 3088 gesto
1600 3004 2003 3090 adquisierit,
2059 3005 2139 3071 ad
2184 3006 2402 3090 ipsum

387 3092 724 3177 pertinere.
834 3091 945 3155 sed
1019 3090 1439 3156 hereditatem
1511 3092 1878 3177 legatumve
1949 3116 2079 3159 non
2149 3093 2403 3178 adquiri

388 3179 551 3246 mihi
596 3201 708 3264 per
753 3200 916 3264 eum,
964 3180 1113 3264 quia
1158 3202 1363 3265 neque
1411 3203 1489 3246 ex
1532 3203 1602 3247 re
1647 3204 1791 3248 mea
1827 3204 2031 3266 neque
2071 3205 2149 3248 ex
2187 3183 2401 3267 operis

389 3274 514 3334 suis
551 3268 615 3331 id
655 3268 743 3332 sit
781 3290 898 3334 nec
936 3269 1072 3334 ulla
1110 3270 1244 3334 eius
1283 3291 1483 3354 opera
1521 3277 1689 3336 esset
1724 3273 1790 3335 in
1830 3273 2047 3355 legato
2088 3272 2181 3352 [in
2219 3272 2399 3337 here-

392 3357 589 3421 ditate
638 3357 1042 3441 aliquatenus
1052 3409 1067 3442 ,
1118 3360 1268 3444 quia
1308 3381 1424 3444 per
1475 3361 1688 3445 ipsum
1728 3359 2066 3442 adiretur],
2114 3360 2283 3445 quod
2333 3364 2401 3426 et

535 3536 564 3585 1
602 3531 696 3589 11⁷1.
729 3532 790 3589 id
826 3535 991 3603 quod.
