2575 3900
750 229 800 279 4.
842 225 903 279 L.
940 223 1304 280 NERATIUS
1341 223 1639 281 PRISCUS
2061 226 2194 291 295

184 390 576 466 Gradenwitz‚
603 390 1113 466 Interpolationen
1141 413 1200 468 p.
1221 394 1324 452 46.
1379 392 1594 466 Eisele‚
1625 393 1684 455 Ζ.
1716 395 1770 453 d.
1800 392 2054 455 Sam-St.
2073 395 2193 454 VII

180 499 233 556 p.
268 482 369 540 30.
459 479 644 539 Lenel
690 479 768 538 ad
812 479 980 539 Paul.
1022 482 1189 540 1116
1239 499 1296 540 n.
1327 482 1386 539 4.
1477 500 1628 558 quae
1674 481 1959 542 Neratius
2005 483 2190 558 scrip-

182 569 352 645 serit,
399 571 560 628 certo
607 568 739 627 erui
784 569 1011 645 nequit.

944 721 1045 787 De
1086 743 1152 787 re
1192 724 1435 788 uxoria.

354 828 441 892 3?
491 829 565 892 D.
594 829 700 912 42,
731 830 789 912 1,
816 828 923 893 21.
1014 828 1251 894 Paulus
1298 830 1463 894 libro
1511 835 1691 895 sexto
1737 831 1819 896 ad
1864 830 2192 896 Plautium

180 915 275 1001 (P.
308 914 559 1002 1131b).
606 953 689 964 -
740 915 922 982 Sicut
950 967 964 981 .
994 965 1009 981 .
1038 938 1183 982 cum
1228 919 1461 983 marito
1509 921 1752 1004 agitur,
1796 919 1890 984 ita
1936 923 2001 984 et
2045 941 2191 984 cum

178 1028 416 1090 socer0,
466 1011 539 1069 ut
582 1028 714 1070 non
758 1007 931 1070 ultra
975 1006 1317 1071 facultates
1367 1006 1720 1073 damnetur.
1811 1029 1892 1072 an
1941 1009 1996 1072 si
2027 1030 2190 1073 -cum

177 1115 399 1160 socero
446 1115 523 1158 ex
571 1094 998 1179 promissione
1047 1094 1214 1159 dotis
1262 1098 1510 1180 agatur,
1553 1097 1619 1159 in
1666 1095 1732 1159 id
1766 1096 1936 1181 quod
1974 1095 2187 1162 facere

174 1187 409 1267 potest,
455 1182 852 1247 damnandus
900 1182 1027 1246 sit?
1075 1183 1244 1266 quod
1291 1181 1536 1249 itideml
1581 1206 1854 1270 aequum
1900 1205 2041 1250 esse
2091 1186 2184 1249 vi·

175 1271 379 1336 detur.
454 1271 565 1334 sed
612 1273 741 1336 alio
787 1271 924 1336 iure
970 1271 1232 1355 utimur,
1278 1276 1352 1336 ut
1399 1276 1464 1336 et
1508 1272 1812 1338 Neratius
1861 1273 2105 1340 scribit.

773 1453 879 1515 IV.
926 1453 1019 1513 De
1066 1454 1346 1530 nuptiis
1391 1454 1595 1514 liber.

351 1577 523 1648 Quod
559 1577 737 1637 huius
773 1576 929 1653 libri,
968 1596 1140 1653 quem
1181 1577 1412 1638 Gellius
1440 1581 1500 1656 4,
1530 1580 1570 1636 4
1606 1577 1817 1637 laudat
1852 1572 2187 1660 (Neratius

170 1666 411 1742 scripsit
454 1665 519 1724 in
571 1666 721 1726 libro
787 1684 963 1742 quem
1028 1666 1099 1725 de
1158 1667 1386 1743 nuptiis
1443 1659 1854 1747 composuit'),
1919 1667 1981 1727 in
2036 1668 2187 1728 iuris

169 1755 578 1814 consultorum
640 1755 991 1832 fragmentis
1055 1773 1091 1814 a
1145 1755 1506 1815 Triboniano
1569 1756 1825 1832 receptis
1889 1774 2184 1832 nusquam

168 1843 393 1902 mentio
457 1842 551 1918 fit,
616 1843 832 1902 mirum
896 1861 1015 1902 non
1073 1846 1180 1905 est.
1281 1863 1397 1920 quo
1450 1843 1516 1902 in
1568 1843 1727 1903 libro
1782 1845 2184 1921 componendo

167 1931 486 1992 Neratium
542 1931 736 1991 Servii
797 1931 950 1991 libro
1012 1930 1085 1992 de
1141 1931 1382 1993 dotibus
1439 1923 1496 2014 (I
1541 1953 1595 2008 p.
1639 1922 1824 2013 226),
1889 1952 2062 2009 quem
2120 1935 2184 1994 in

166 2020 648 2080 Membranarum
704 2040 937 2099 quoque
983 2020 1137 2081 libro
1183 2020 1245 2080 II
1289 2022 1500 2081 attulit
1546 2011 1650 2103 (D.
1683 2024 1782 2099 12,
1813 2022 1871 2095 4,
1903 2023 1940 2081 8
1990 2015 2185 2092 ‘Quod

167 2108 413 2169 Servius
474 2109 538 2167 in
598 2108 753 2169 libro
817 2109 889 2169 de
954 2110 1195 2169 dotibus
1257 2104 1546 2189 scribit'),
1608 2128 1784 2169 usum
1842 2128 1968 2169 esse
2022 2111 2180 2169 idem

166 2196 398 2255 Gellius
453 2196 641 2257 tradit
694 2190 988 2278 (Servius
1035 2197 1334 2274 Sulpicius
1388 2198 1451 2258 in
1504 2199 1658 2257 libro
1713 2218 1890 2273 quem
1939 2199 2180 2274 scripsit

166 2284 239 2342 de
286 2283 525 2343 dotibus
566 2332 578 2343 .
609 2332 621 2344 .
652 2329 665 2339 .
704 2286 901 2362 inquit
930 2332 943 2345 .
974 2334 986 2345 .
1016 2331 1031 2345 .
1059 2287 1205 2346 haec
1251 2288 1460 2345 eadem
1505 2286 1786 2345 Neratius
1835 2287 2074 2364 scripsit
2117 2288 2182 2346 in

162 2371 320 2431 libro
352 2420 364 2431 .
395 2420 407 2432 .
439 2366 523 2451 .').
633 2392 669 2431 a
730 2374 979 2433 Neratio
1044 2378 1245 2433 autem
1303 2373 1565 2433 Gellium
1626 2393 1698 2433 ea
1761 2395 1913 2452 quae
1976 2380 2046 2434 ut
2109 2395 2180 2435 ex

164 2458 360 2521 Servii
410 2460 561 2520 libro
608 2462 801 2535 petita
845 2462 1103 2537 profert,
1157 2463 1411 2521 fortasse
1459 2480 1495 2519 a
1538 2461 1786 2522 Neratio
1832 2466 2178 2523 mutuatum

163 2567 293 2607 esse
349 2548 628 2607 Karlowa
671 2548 720 2624 Ι,
762 2549 884 2607 705
942 2550 1301 2624 suspicatur.
1391 2568 1535 2608 num
1583 2549 1837 2609 Senecae
1892 2550 2047 2611 libro
2105 2552 2178 2611 de

158 2637 541 2696 matrimonio
604 2627 763 2714 (opp.
820 2636 907 2696 ed.
964 2636 1124 2695 Frid.
1162 2636 1362 2696 Haase
1406 2636 1500 2696 111
1542 2657 1598 2712 p.
1637 2640 1765 2698 428
1779 2632 1933 2717 sqq.)
1985 2638 2175 2697 Nera-

156 2725 283 2783 tius
339 2742 485 2783 usus
541 2724 644 2797 sit,
698 2743 817 2783 non
868 2724 1060 2801 magis
1108 2724 1325 2783 scimus
1373 2743 1552 2802 quam
1595 2744 1740 2784 num
1784 2726 2176 2803 ModestinuS,

158 2812 266 2889 qui
322 2812 394 2869 de
446 2811 575 2870 ritu
625 2812 966 2888 nuptiarum
1023 2813 1241 2872 librum
1301 2813 1661 2891 singularem
1720 2814 1933 2890 edidit,
2003 2815 2175 2875 cuius

153 2919 348 2960 unum
402 2900 806 2978 fragmentum
861 2904 1027 2961 extat
1080 2893 1181 2983 (D.
1216 2904 1316 2978 23,
1347 2905 1406 2981 2,
1435 2896 1576 2981 42),
1624 2922 1696 2962 ex
1739 2902 1970 2964 Neratii
2015 2904 2172 2965 libro

154 2989 446 3049 hauserit.
520 2989 621 3065 qui
658 2990 811 3050 liber
848 3010 955 3050 cur
987 2990 1050 3049 id
1079 2990 1238 3068 quod
1267 2991 1524 3051 Dirksen
1555 2984 1839 3074 (Hinterl.
1867 2992 2169 3053 Schriften

152 3077 200 3156 I,
244 3071 403 3158 323)
459 3078 679 3157 voluit,
746 3080 1224 3138 Membranarum
1275 3080 1570 3141 librorum
1623 3083 1805 3157 caput
1856 3081 2169 3159 habeatur,

152 3166 371 3226 idonea
416 3167 570 3227 ratio
616 3187 735 3227 non
780 3174 887 3228 est.

338 3249 394 3313 1.
450 3250 611 3317 Gell.
649 3252 709 3331 4,
746 3254 805 3315 4.
865 3288 949 3299 —
1014 3249 1354 3335 Sponsalia
1417 3253 1486 3316 in
1551 3275 1626 3317 ea
1679 3256 1864 3338 parte
1918 3251 2169 3336 Italiae,

153 3358 317 3419 quae
362 3336 623 3403 Latium
683 3341 1070 3423 appellatur,
1124 3340 1247 3406 hoc
1305 3362 1481 3406 more
1538 3346 1730 3426 atque
1784 3342 1921 3406 iure
1973 3343 2168 3407 solita

149 3425 294 3489 fieri
341 3427 601 3511 scripsit
649 3424 903 3493 Servius
953 3426 1273 3511 Sulpicius
1319 3429 1388 3492 in
1433 3430 1620 3513 libro,
1667 3452 1856 3514 quem
1905 3430 2168 3514 scripsit

298 3587 325 3635 1
367 3581 461 3638 Fe.
501 3585 558 3637 et
592 3582 668 3638 id.
