2575 3900
322 169 452 241 342
525 170 592 225 v.
630 169 929 224 NERVAE
966 169 1058 224 ET
1094 168 1399 225 TRAIANI
1435 169 1648 225 TEMP.
1685 169 1877 225 Imus
1912 167 2272 224 consum-1

324 333 808 417 liberationem,
874 331 1019 398 Seio
1086 338 1303 399 autem
1359 333 1828 420 quadringenta
1881 333 2222 418 legaverit,
2287 335 2346 398 si

327 421 583 486 debitor
626 421 729 486 vel
777 420 1087 487 solvendo
1135 445 1265 487 non
1313 423 1400 487 sit
1444 424 1543 487 vel
1581 426 1838 488 centum
1872 421 2081 488 facere
2118 423 2344 506 possit,

322 514 635 595 quantum
701 510 970 596 quisque
1036 511 1277 577 habeat
1341 512 1706 576 interventu
1769 511 1933 594 legis
1999 510 2345 577 Falcidiae.

320 597 609 664 dicebam
657 599 864 684 legem
902 598 1257 666 Falcidiam
1305 622 1381 665 ex
1427 622 1502 665 eo
1551 600 1720 685 quod
1767 599 1944 664 refici
1981 621 2057 663 ex
2093 600 2342 664 heredi-

318 691 458 752 tate
522 690 740 770 potest
803 692 1101 773 quartam
1164 688 1386 753 heredi
1447 689 1761 771 tribuere,
1831 688 2160 753 residuum
2229 688 2338 753 do·

321 775 620 841 drantem
648 777 820 841 inter
846 779 1196 862 legatarios
1226 777 1628 844 distribuere.
1703 799 1896 862 quare
1927 799 2070 843 cum
2103 798 2343 842 nomen

320 863 533 929 minus
600 866 911 931 solvendo
977 870 1078 932 est
1137 866 1205 931 in
1268 866 1662 950 hereditate,
1732 867 1868 931 eius
1934 865 2106 951 quod
2171 867 2344 951 exigi

320 956 539 1039 potest
575 976 694 1038 pro
734 959 880 1020 rata
915 955 993 1018 fit
1031 955 1421 1038 distributio,
1456 955 1697 1019 residui
1729 955 2017 1020 venditio
2044 955 2342 1020 facienda

321 1045 450 1131 est,
512 1047 587 1107 ut
640 1043 703 1108 id
761 1044 1016 1108 demum
1073 1044 1143 1108 in
1198 1043 1556 1109 hereditate
1613 1048 2046 1128 computetur,
2110 1045 2343 1128 quanti

318 1151 556 1196 nomen
596 1131 872 1197 distrahi
909 1136 1147 1218 potest.
1221 1185 1235 1198 .
1265 1180 1281 1198 .
1311 1182 1326 1196 .
1354 1133 1524 1218 quod
1561 1133 1617 1196 si
1654 1132 1818 1196 nihil
1847 1131 2054 1198 facere
2085 1132 2342 1197 debitor

318 1224 555 1304 potest,
602 1243 801 1306 aeque
839 1221 905 1285 in
944 1225 1202 1287 centum
1240 1221 1715 1307 quinquaginta
1753 1225 2015 1306 accepto
2054 1222 2338 1286 liberan-

318 1308 435 1373 dus
494 1312 611 1374 est.
706 1310 783 1375 de
838 1310 1093 1376 residuo
1150 1309 1586 1376 venditionem
1641 1311 1922 1375 nominis
1977 1309 2339 1376 faciendam

318 1397 625 1463 Neratius
673 1399 781 1464 ait.

1010 1575 1108 1641 De
1150 1577 1652 1660 fideicommissis,

494 1699 593 1764 16.
649 1698 727 1764 D.
767 1699 871 1781 36,
914 1702 970 1781 1,
1011 1701 1070 1781 1,
1112 1701 1210 1764 19.
1300 1698 1619 1783 Ulpianus
1667 1699 1836 1766 libro
1883 1700 2080 1765 tertio
2127 1699 2339 1764 Fidei·

316 1788 813 1854 commissorum
842 1785 943 1874 (P.
978 1788 1197 1872 1872).
1237 1825 1322 1836 -
1359 1838 1374 1852 .
1405 1839 1419 1852 .
1449 1787 1754 1854 Neratius
1787 1788 2031 1867 scribit,
2069 1789 2123 1853 si
2152 1789 2337 1854 heres

315 1880 587 1963 rogatus
646 1878 985 1941 restituere
1039 1877 1433 1963 (restituat)
1482 1881 1689 1942 totam
1737 1876 2158 1942 hereditatem
2204 1898 2339 1942 non

318 1966 590 2031 deducta
637 1964 922 2031 Falcidia
968 1972 1201 2051 rogato
1250 1971 1316 2030 et
1361 1966 1515 2050 ipsi,
1562 1971 1636 2032 ut
1681 1968 1794 2031 alii
1838 1967 2163 2052 restituat,
2205 1988 2339 2032 non

318 2056 541 2140 utique
570 2054 801 2119 debere
841 2077 987 2119 eum
1015 2054 1769 2137 <fideicommissarium>
1795 2054 2132 2121 detrahere
2159 2055 2340 2121 fidei-

318 2142 764 2209 commissario
796 2143 1073 2209 secundo
1104 2148 1420 2227 quartam,
1450 2143 1574 2209 nisi
1602 2144 2062 2210 liberalitatem
2080 2147 2337 2209 tantum

321 2232 403 2298 ad
458 2232 742 2317 priorem
797 2231 1466 2298 fideicommissarium
1513 2233 1698 2298 heres
1746 2233 1950 2322 voluit
1996 2233 2338 2319 pertinere.

496 2339 597 2403 17.
660 2338 734 2403 D.
764 2339 869 2421 36,
903 2340 960 2422 l,
992 2339 1095 2422 65,
1128 2338 1227 2403 12.
1319 2338 1516 2418 Gaius
1572 2339 1740 2404 libro
1799 2339 2078 2405 secundo
2131 2338 2338 2405 Fidei-

321 2428 817 2493 commissorum
855 2424 951 2515 (P.
981 2426 1162 2513 398).
1201 2464 1285 2474 —-
1326 2426 1392 2493 Si
1429 2427 1638 2492 Titius
1677 2433 1942 2512 rogatus
1974 2430 2061 2492 sit
2087 2428 2336 2493 heredi-

314 2519 520 2580 tatem
585 2515 841 2582 Maevio
916 2518 1280 2601 restituere,
1350 2516 1642 2581 Maevius
1708 2515 1854 2581 Seio
1923 2521 2165 2582 certam
2227 2539 2337 2600 pe-

310 2606 593 2689 cuniam,
634 2611 698 2671 et
727 2605 943 2672 Titius
983 2609 1250 2689 quartae
1288 2606 1659 2670 retinendae
1688 2606 1996 2671 beneficio
2027 2606 2335 2670 adversus

314 2693 640 2761 Maevium
677 2718 831 2760 usus
869 2695 1092 2778 fuerit,
1131 2694 1435 2760 Neratius
1473 2694 1697 2758 scribit
1723 2692 2050 2760 Maevium
2084 2715 2336 2782 quoque

310 2782 465 2849 ‘Seio
514 2806 588 2849 eo
636 2785 846 2849 minus
896 2806 1169 2868 aequum
1219 2804 1359 2848 esse
1404 2787 1753 2866 praestare,
1798 2806 1879 2847 ne
1922 2784 2061 2867 ipse
2100 2784 2178 2848 de
2217 2806 2334 2850 suo
2373 2784 2378 2787 ’

306 2871 620 2936 damnum
670 2873 921 2937 sentiat.

979 3047 1079 3114 De
1125 3049 1396 3113 libertate
1440 3050 1667 3126 relicta.

498 3172 597 3237 18.
645 3170 723 3235 D.
744 3172 849 3250 40,
868 3172 929 3256 4,
953 3173 1007 3236 7.
1081 3171 1259 3236 Idem
1293 3168 1407 3257 (sc.
1435 3172 1786 3257 Ulpianus)
1818 3173 1987 3238 libro
2025 3194 2196 3238 nono
2229 3173 2333 3238 de-

317 3262 482 3327 cimo
533 3261 611 3325 ad
654 3258 963 3325 Sabinum
1001 3259 1099 3346 (P.
1128 3260 1384 3345 259711).
1435 3296 1511 3307 —
1562 3259 1871 3326 Neratius
1916 3262 2141 3327 scribit
2177 3264 2335 3345 eiua,

318 3349 421 3414 cui
466 3348 737 3414 libertas
786 3350 876 3413 sic
919 3350 1072 3414 data
1110 3355 1210 3415 est
1246 3348 1327 3413 ‘si
1365 3349 1528 3414 mihi
1564 3351 1780 3415 nullus
1817 3350 1989 3415 filius
2028 3351 2151 3416 erit
2188 3373 2335 3416 cum

315 3437 584 3573 moriar,
634 3435 899 3592 tStichus
952 3438 1117 3503 liber
1172 3435 1355 3521 esto',
1408 3438 1706 3522 impediri
1758 3439 2124 3505 libertatem
2185 3439 2335 3525 pos·

342 3550 498 3593 -umo
545 3550 631 3592 na
666 3550 719 3593 ο.
