2575 3900
301 165 434 222 xlv

473 332 620 394 Inde
657 351 731 392 ex
767 350 820 391 a.
861 331 1030 392 1556
1068 332 1132 392 in
1169 332 1365 392 lucem
1400 329 1755 406 prodierunt
1784 329 2066 391 Cuiacii
2103 329 2324 392 Obser-

297 421 612 484 vationum
651 423 717 480 et
751 420 1252 480 Emendationum
1285 420 1429 479 libri
1462 417 1742 493 XXVIII,
1788 439 2041 498 quorum
2078 421 2327 501 similes,

298 511 348 572 si
399 510 666 571 fructum
719 513 980 585 spectes,
1032 509 1188 568 nulli
1233 511 1489 568 exstant.
1581 510 1819 568 secutae
1866 511 2009 569 sunt
2052 510 2324 571 eiusdem

296 600 415 660 viri
460 600 534 660 de
581 599 676 658 his
719 598 938 658 studiis
983 598 1158 658 unies
1203 597 1405 658 meriti
1449 615 1503 660 a.
1544 597 1715 658 1558
1762 597 1826 658 in
1859 597 2039 658 Pauli
2083 602 2322 659 senten·-

295 689 520 752 tiarum
573 686 652 748 ad
703 686 896 746 filium
949 686 1133 750 libros
1179 685 1240 744 V
1292 686 1844 763 interpretationes,
1900 689 1964 746 et
2006 705 2196 765 usque
2240 688 2323 748 ad

297 798 346 838 a.
407 779 578 841 1588
643 775 1025 839 recitationes
1089 775 1409 836 sollemnes
1472 775 1551 834 ad
1610 775 1910 850 Africani,
1984 775 2319 854 Papiniani,

293 865 494 942 Pauli,
547 863 896 942 Modestini‚
950 862 1200 940 Iuliani,
1253 864 1551 940 Marcelli,
1609 863 1929 925 Scaevolae
1982 865 2167 926 libros
2218 866 2322 928 vel

295 973 498 1016 omnes
541 955 642 1014 vel
687 956 847 1014 certe
891 953 1364 1029 Responsorum,
1412 951 1857 1031 Quaestionum,
1904 953 2318 1032 Digestorum,

295 1045 370 1104 ad
417 1043 707 1118 edictum,
754 1042 932 1115 alios,
979 1059 1134 1117 quae
1177 1042 1561 1104 recitationes
1604 1041 1743 1103 inde
1789 1061 1860 1102 ex
1904 1061 1957 1102 a.
2000 1045 2173 1104 1570
2217 1045 2318 1105 vel

294 1132 367 1194 ab
423 1133 554 1208 ipso
608 1131 708 1192 vel
762 1135 836 1192 ab
891 1129 1268 1192 auditoribus
1324 1131 1522 1192 editae
1574 1133 1731 1192 sunt.
1746 1123 1769 1163 ²
1867 1133 2117 1192 accessit
2160 1150 2319 1192 eom-

292 1224 620 1282 mentarius
663 1221 729 1278 in
763 1219 1150 1296 Digestorum
1195 1219 1446 1280 titulum
1485 1219 1557 1280 de
1594 1219 1825 1296 origine
1861 1220 2009 1280 iuris
2047 1239 2100 1282 a.
2142 1223 2313 1284 1585

294 1310 505 1372 editus,

469 1397 699 1458 Cuiacii
744 1395 944 1458 studia
984 1397 1285 1472 persecuti
1334 1399 1480 1458 sunt
1524 1399 1587 1457 et
1631 1397 1937 1460 auditores
1984 1400 2048 1460 et
2092 1399 2313 1460 aemuli

291 1487 515 1564 plures,
552 1505 806 1564 quorum
839 1486 997 1546 inter
1036 1487 1174 1545 illos
1201 1485 1477 1562 inprimis
1502 1485 1899 1546 nominandus
1930 1489 2024 1546 est
2052 1487 2314 1550 Petrus

289 1577 636 1638 Pithoeus
673 1566 1191 1658 (1539-1596),
1233 1575 1341 1652 qui
1378 1574 1773 1636 Mosaicarum
1810 1579 1873 1634 et
1907 1575 2312 1636 Romanarum

289 1667 491 1742 legum
535 1665 944 1726 collectionem
989 1683 1042 1722 a.
1085 1665 1254 1724 1573
1292 1662 1541 1724 Parisiis
1589 1663 1795 1736 edidit,
1839 1663 2074 1724 adiecto
2110 1665 2311 1726 Mode-

289 1754 434 1816 stini
476 1755 816 1830 fragmento
861 1771 1034 1813 novo.

464 1842 631 1903 Inter
701 1838 967 1902 aemulos
1031 1839 1260 1901 Ouiacii
1324 1840 1588 1902 eminent
1648 1841 2081 1904 Franciscue
2142 1841 2311 1902 Bal

287 1931 548 1996 duinus
597 1922 1098 2012 (1520*1573)
1153 1933 1218 1991 et
1270 1929 1633 1992 Antonius
1689 1931 2145 2009 Augustinus
2200 1930 2305 1991 Hi·

288 2040 510 2097 spanus
556 2018 1152 2098 Caesaraugustanus
1189 2010 1711 2100 (1517-1586).
1794 2023 1975 2099 atque
2018 2021 2124 2083 ille
2168 2020 2311 2081 anni

291 2112 457 2171 1555
515 2127 716 2170 mense
760 2108 959 2186 Aprili
1001 2107 1424 2185 Argentorati,
1476 2108 1816 2185 insequenti
1866 2128 2019 2171 anno
2066 2108 2306 2171 Heidel-

284 2197 506 2277 bergae
546 2198 900 2274 professoris
945 2215 1191 2259 munere
1237 2197 1481 2259 functus
1529 2216 1582 2257 a.
1622 2200 1792 2261 1558
1835 2198 2108 2261 Basileae
2145 2216 2306 2260 com-

284 2288 646 2351 mentarium
719 2286 908 2347 edidit
977 2286 1051 2347 de
1120 2285 1271 2348 iuris
1336 2287 1657 2362 prudentia
1718 2287 1995 2349 Muciana
2057 2286 2308 2349 eximiae

285 2376 591 2437 doctrinae
643 2377 907 2452 plenum.
999 2368 1365 2455 ‘Equidem',
1410 2375 1633 2453 inquit,
1690 2370 2019 2452 ‘nunquam
2062 2392 2307 2449 possum

283 2465 412 2525 sine
449 2483 668 2541 magno
707 2466 911 2527 dolore
943 2468 1178 2525 veteres
1203 2463 1656 2527 iurisconsultos
1682 2463 1904 2525 intueri
1930 2465 2062 2523 tam
2086 2461 2306 2523 misere

283 2555 390 2615 abs
416 2554 782 2617 Tribouiano
810 2554 1140 2630 discerptos
1167 2598 1184 2615 .
1204 2600 1252 2615 ..
1285 2553 1391 2615 sed
1416 2556 1589 2613 tanto
1617 2552 1809 2633 magis
1837 2550 2019 2613 velim
2046 2550 2307 2613 dissecta

283 2662 489 2705 eorum
533 2645 803 2707 membra
848 2643 1053 2721 colligi
1099 2646 1162 2706 et
1209 2642 1397 2704 veluti
1440 2642 1751 2719 religiosas
1786 2640 2075 2717 reliquias
2103 2639 2305 2703 adser-

280 2734 430 2807 vari,
468 2752 541 2794 ex
569 2734 786 2811 quibus
813 2734 1082 2809 profecto
1111 2732 1429 2794 aestimare
1458 2731 1642 2793 etiam
1666 2749 1825 2791 nunc
1853 2730 2015 2807 licet,
2040 2732 2304 2807 quantus

279 2822 466 2881 fuerit
521 2822 740 2882 veteris
785 2820 1293 2897 iurisprudentiae
1342 2818 1645 2895 splendor,
1695 2821 1925 2893 quanta
1971 2819 2302 2896 amplitudo

280 2913 344 2969 et
387 2904 712 2971 maiestas’.
804 2909 1184 2987 Augustinus
1221 2926 1365 2968 vero
1399 2910 1461 2965 et
1496 2924 1548 2965 a.
1590 2906 1758 2967 1543
1798 2907 2303 2971 Emendationum

283 3002 346 3059 et
380 2996 744 3074 Opinionum
787 2998 974 3058 libros
1012 2995 1101 3058 IV
1147 2999 1208 3055 et
1253 3014 1306 3056 a.
1349 2997 1515 3057 1579
1553 2995 1886 3057 tractatum
1929 2996 2003 3056 de
2047 2996 2298 3059 nomini·-

279 3088 395 3149 bus
447 3087 708 3164 propriis
753 3093 857 3147 τοῦ
904 3081 1252 3147 Πανδὲκτου
1300 3084 1632 3145 Florentini
1676 3084 1878 3145 edidit.
1969 3085 2305 3162 composuit

280 3178 598 3252 praeterea
641 3175 867 3237 similes
902 3178 1085 3253 atque
1111 3173 1394 3235 Labittus
1430 3173 1671 3252 indices,
1708 3174 1815 3237 sed
1852 3177 2060 3256 auctos
2088 3175 2301 3237 ceteris

278 3266 428 3327 iuris
482 3264 837 3342 prudentiae
893 3265 1174 3342 antiquae
1220 3263 1601 3341 fragmentis,
1657 3282 1811 3341 quae
1868 3267 2040 3327 extra
2090 3280 2303 3337 corpus

278 3354 427 3416 iuris
462 3354 689 3416 tradita
724 3357 868 3415 tunc
903 3356 1050 3415 nota
1085 3356 1273 3414 erant.
1337 3354 1498 3432 quod
1532 3356 1601 3413 ut
1634 3353 1966 3429 perficeret,
1994 3353 2115 3415 iam
2143 3369 2299 3413 anno

423 3548 472 3597 1.
510 3542 571 3599 Ε.
611 3542 1042 3614 spangenberg:
1088 3541 1267 3597 Jacob
1305 3538 1487 3609 Gujas.
1560 3538 1793 3609 Leipzig
1830 3543 1981 3594 1822-
2006 3553 2061 3605 p.
2088 3540 2289 3603 unq.
