2575 3900
338 185 471 249 520
1074 182 1628 241 ADDITAMENTA.

570 353 664 412 De
709 354 891 426 zeyato
938 370 999 411 eo
1046 353 1196 426 quod
1238 355 1444 412 uxoris
1486 367 1671 412 causa
1703 356 1991 426 paratum
2035 357 2133 412 est.

520 455 579 518 6.
626 453 708 521 D.
744 454 850 534 32,
893 454 1000 535 47,
1050 455 1105 518 1.
1152 451 1471 537 Ulpianus
1516 453 1682 518 libro
1728 453 2037 518 vicesimo
2085 454 2375 519 secundo

342 542 423 608 ad
455 541 897 608 Sabinumm—
929 540 1107 606 Inter
1134 545 1424 625 emptum
1463 546 1529 607 et
1563 545 1864 625 paratum
1899 542 2050 626 quid
2079 542 2376 626 interest,

340 633 687 716 quaeritur.
768 635 833 696 et
886 652 1267 714 responsum
1325 634 1428 695 est
1479 631 1548 694 in
1614 635 1830 754 elmpto
1876 652 2007 695 non
2054 631 2374 698 continuo

338 724 637 804 paratum
684 721 914 800 inesse,
956 719 1025 784 ιιι
1061 723 1294 802 parato
1333 717 1650 803 emptum¹
1689 719 2024 803 contineri,
2069 719 2278 784 veluti
2315 721 2374 785 si

340 810 485 894 quis
523 830 687 894 quae
727 807 962 893 prioris
1000 809 1220 872 uxoris
1257 830 1455 873 causa
1491 809 1770 890 emisset,
1808 809 2152 892 posteriori
2182 809 2374 875 uxori

338 897 735 981 tradidisset,
784 919 892 962 eas
939 918 1041 960 res
1089 919 1235 960 eum
1275 896 1656 980 posterioris
1695 897 1912 962 uxoris
1949 919 2145 962 causa
2175 920 2373 982 para-

340 987 531 1072 visse,
574 1008 705 1052 non
752 986 982 1051 emisse
1030 989 1300 1050 constat.

1062 1117 1163 1182 De
1199 1119 1400 1200 ftmdo
1446 1119 1655 1201 legato.

523 1227 579 1290 7.
654 1224 732 1289 D.
793 1226 902 1309 31,
973 1226 1083 1307 76,
1143 1225 1204 1289 2.
1266 1224 1447 1289 Idem
1513 1220 1628 1309 (sc.
1691 1223 2114 1309 Papinianus)
2198 1225 2372 1291 libro

348 1315 623 1400 septimo
680 1313 1180 1397 Responsorum.
1228 1350 1313 1360 —
1361 1313 1677 1378 Dominus
1733 1313 1966 1379 herede
2009 1313 2371 1380 fructuario

344 1404 591 1487 scripto
660 1402 930 1467 fundum
1006 1403 1125 1467 sub
1209 1402 1585 1467 condicione
1667 1403 1929 1487 legavit.
2008 1403 2371 1469 voluntatis

340 1492 507 1557 ratio
562 1514 693 1556 non
751 1492 1024 1576 patitur,
1067 1493 1142 1555 ut
1197 1491 1384 1555 heres
1441 1513 1519 1555 ex
1574 1513 1768 1556 causa
1822 1491 2071 1556 fructus
2118 1493 2369 1556 emolu·

342 1585 631 1645 mentum
705 1582 996 1645 retineat.
1107 1580 1429 1644 diversum
1510 1580 1580 1644 in
1654 1581 1882 1645 ceteris
1956 1580 2371 1664 praediorum

342 1670 792 1753 servitutibus,
846 1691 1006 1753 quas
1062 1668 1247 1733 heres
1304 1668 1560 1754 habuit,
1617 1690 1998 1753 responsum
2047 1673 2162 1753 est,
2211 1691 2371 1753 quo-

343 1759 519 1822 niam
568 1759 817 1823 fructus
865 1758 1181 1840 portionis
1226 1758 1433 1822 instar
1480 1758 1746 1842 optinet.

523 1848 580 1911 8.
630 1847 706 1912 D.
746 1847 851 1930 33,
878 1847 938 1924 3,
977 1847 1037 1910 3.
1074 1844 1251 1910 Idem
1293 1845 1406 1928 (sc.
1444 1843 1815 1933 Marcellus)
1852 1847 2018 1912 libro
2054 1846 2369 1913 vicesimo

339 1957 512 2000 nono
552 1934 989 2020 Digestorum.
1020 1972 1109 1983 —
1147 1984 1161 1999 .
1183 1985 1231 1999 ..
1268 1935 1682 2001 interiturum
1719 1936 1857 2002 fore
1886 1937 2029 2001 viae
2056 1936 2372 2022 legatum,

339 2028 415 2090 ut
469 2027 853 2108 responsum
901 2030 1024 2106 est,
1083 2047 1227 2089 cum
1276 2025 1462 2089 alteri
1511 2047 1589 2089 ex
1634 2026 1886 2109 vicinis,
1943 2025 2053 2109 qui
2099 2026 2372 2090 fundum

344 2134 749 2180 communem
789 2113 1139 2196 habebant,
1174 2113 1349 2177 viam
1387 2114 1507 2177 sub
1546 2114 1935 2198 condicione,
1981 2113 2172 2178 alteri
2212 2137 2374 2198 pure

346 2204 629 2286 legasset
666 2207 731 2266 et
759 2202 1077 2286 pendente
1107 2202 1485 2266 condicione
1515 2202 1896 2268 decessisset
1922 2204 2073 2288 quia
2102 2203 2372 2268 alterius

342 2290 644 2375 legatarii
676 2312 955 2375 persona
982 2289 1446 2374 impedimento
1478 2295 1664 2375 esset,
1698 2313 1824 2377 quo
1855 2292 2067 2356 minus
2101 2292 2374 2372 [solidus

341 2379 576 2444 fundus
624 2382 792 2461 cum]
841 2380 949 2444 via
994 2379 1444 2445 vindicaretur.

522 2469 579 2534 9.
643 2468 719 2533 D.
782 2469 895 2552 33,
954 2469 1021 2550 7,
1082 2468 1189 2552 18,
1251 2470 1349 2533 11.
1440 2466 1679 2533 Paulus
1734 2469 1902 2533 libro
1950 2467 2230 2533 secundo
2290 2469 2375 2534 ad

340 2556 697 2622 Vitellium.
786 2594 861 2603 —
933 2555 1195 2621 Cassius
1238 2557 1356 2620 ait
1434 2578 1810 2641 responsum
1878 2578 2042 2640 esse,
2106 2558 2376 2622 tametsi

341 2647 664 2732 mancipia
728 2645 1031 2710 instructi
1078 2645 1262 2709 fundi
1312 2645 1458 2728 sint,
1517 2650 1735 2710 tamen
1783 2645 1987 2710 videri
2033 2667 2142 2709 eos
2193 2646 2375 2711 solos

342 2738 594 2822 legatos
643 2758 781 2800 esse
833 2736 942 2820 qui
989 2733 1310 2799 nominati
1357 2738 1587 2816 essent,
1635 2736 1804 2819 quod
1851 2739 2198 2820 appareret
2236 2756 2376 2799 non

343 2825 738 2890 intellexisse
774 2830 1027 2906 patrem
1063 2823 1346 2887 familias
1387 2824 1815 2888 instrumento
1856 2844 2109 2909 quoque
2148 2844 2376 2889 servos

345 2912 803 2979 adnumeratos
852 2934 1007 2976 esse.

527 3007 897 3082 Responsum
935 3006 1056 3074 iam
1093 3005 1173 3082 II,
1216 3008 1245 3063 1
1291 3026 1345 3081 p.
1380 3007 1507 3065 582
1551 3008 1809 3064 relatum
1848 3006 2106 3066 fortasse
2145 3004 2377 3066 Sabino

346 3095 733 3155 tribuendum
782 3098 887 3153 est.

928 3184 1020 3242 De
1054 3186 1516 3257 possessionibus
1561 3178 1781 3257 leyatis.

519 3285 618 3351 10.
684 3284 760 3351 D.
819 3284 924 3366 50,
987 3285 1083 3369 16,
1143 3286 1243 3350 78.
1299 3283 1536 3349 Paulus
1594 3284 1760 3349 libro
1809 3285 2003 3349 tertio
2050 3284 2132 3349 ad
2180 3283 2374 3349 Plau-

339 3376 521 3441 tium.
609 3411 683 3421 ——
775 3372 1107 3438 Interdum
1200 3374 1669 3459 proprietatem
1765 3395 2018 3459 quoque
2101 3374 2373 3438 verbum

486 3494 514 3542 1
558 3488 654 3543 ΡΖ.
702 3486 763 3540 ιιι
810 3488 997 3555 empto
1042 3489 1304 3555 paratum
1351 3487 1556 3555 inesse,
1601 3486 1660 3540 in
1698 3487 1898 3555 parato
1943 3502 2057 3542 non
2103 3486 2372 3541 continuo

342 3566 609 3630 emptum.
646 3560 845 3613 emend.
885 3558 1151 3626 Krueyer.
