2575 3900
344 165 475 230 286
547 165 614 221 V.
650 164 947 220 NERVAE
984 164 1077 220 ΕΤ
1113 165 1418 220 TRAIANI
1451 165 1665 222 TEMP.
1702 167 1893 223 Imus
1932 166 2292 223 CONSULTI

521 333 794 393 Iulianus
847 336 1043 393 notat:
1100 352 1239 392 nam
1293 334 1627 410 proprietas
1671 335 1860 394 totius
1904 335 2075 396 navis
2121 334 2362 394 carinae

342 441 581 483 eausam
630 423 915 498 sequitur.

522 510 725 570 Verba
779 504 955 570 ‘num
1008 509 1195 571 nihilo
1252 511 1452 571 minus
1507 509 1772 570 eiusdem
1827 511 1998 572 navis
2059 504 2361 572 maneret’

340 619 460 659 non
503 599 741 676 integra
786 617 912 660 esse
957 598 1203 660 Pernice
1250 603 1468 660 censet.

974 734 1075 800 De
1117 735 1288 800 bonis
1323 735 1722 818 possidendis.

521 841 651 909 39?
708 841 782 906 D.
814 842 874 926 8,
900 840 961 921 5,
992 842 1093 907 18.
1184 841 1475 906 Iulianus
1522 839 1690 905 libro
1737 844 1920 906 sexto
1967 863 2044 906 ex
2089 840 2357 906 Minicio

344 930 441 1014 (P.
462 928 640 1018 879).
665 965 753 977 —
780 929 869 1016 Is,
904 928 1085 995 cuius
1115 929 1365 995 familia
1391 929 1675 1011 vicinum
1703 929 2093 1015 prohibebat
2121 952 2357 1015 aquam

342 1021 598 1099 ducere,
663 1019 765 1084 sui
826 1022 1217 1103 potestatem
1279 1040 1410 1083 non
1468 1015 1774 1101 faciebat,
1836 1039 1918 1082 ne
1973 1039 2188 1084 secum
2247 1017 2358 1103 agi

338 1112 575 1192 posset.
658 1108 908 1192 quaerit
952 1112 1149 1191 actor,
1195 1107 1350 1192 quid
1396 1106 1524 1172 sibi
1567 1105 1929 1172 faciendum
1975 1111 2165 1172 esset.
2253 1129 2358 1170 re-

339 1197 598 1281 spondit
641 1200 941 1280 oportere
984 1198 1351 1280 praetorem
1397 1216 1592 1261 causa
1628 1195 1891 1280 cognita
1926 1195 2142 1260 iubere
2181 1195 2358 1260 bona

338 1284 688 1351 adversarii
733 1284 1048 1368 possideri
1094 1287 1159 1348 et
1202 1305 1336 1349 non
1383 1287 1532 1348 ante
1577 1283 1724 1347 inde
1767 1283 2104 1367 discedere,
2148 1304 2353 1366 quam

337 1374 395 1439 is
454 1375 659 1439 actori
715 1372 816 1438 ius
864 1394 1067 1457 aquae
1114 1372 1439 1438 ducendae
1483 1371 1923 1436 constituisset
1967 1375 2033 1436 et
2079 1371 2135 1436 si
2182 1371 2356 1455 quid,

340 1463 490 1546 quia
537 1484 770 1547 aquam
816 1461 1042 1526 ducere
1088 1461 1456 1546 prohibitus
1496 1463 1684 1544 esset,
1729 1460 2123 1525 siccitatibus
2161 1460 2354 1524 detri-

338 1552 542 1614 menti
597 1552 898 1635 cepisset,
953 1551 1153 1614 veluti
1209 1550 1265 1613 si
1319 1553 1508 1633 prata
1553 1548 1894 1613 arboresve
1940 1548 2355 1632 exaruissent,

336 1635 743 1704 restituisseffi.

1014 1732 1103 1790 Ex
1147 1730 1366 1790 Iuliani
1411 1730 1565 1790 libro
1610 1729 1682 1788 X.

927 1821 1029 1898 De
1071 1832 1371 1915 emptione
1413 1831 1767 1896 venditione.

516 1937 646 2005 40‘?
692 1938 772 2005 D.
798 1940 895 2023 19,
920 1941 975 2025 1,
1002 1940 1099 2022 11,
1125 1939 1223 2005 15.
1285 1937 1464 2003 Idem
1495 1933 1613 2024 (sc.
1643 1933 1995 2026 Ulpianus)
2033 1937 2197 2005 libro
2236 1939 2350 2005 tri-

228 2030 234 2035 ’
338 2031 632 2115 gensimo
662 2029 941 2093 secundo
970 2029 1049 2093 ad
1080 2026 1359 2093 edictum
1389 2023 1488 2113 (P.
1509 2022 1685 2112 882).
1719 2061 1794 2073 —
1827 2074 1843 2091 .
1862 2076 1878 2091 .
1905 2026 2070 2092 libro
2102 2027 2348 2094 decimo

338 2119 507 2201 apud
561 2116 891 2182 Minicium
952 2116 1043 2181 ait
1086 2115 1204 2199 (sc.
1248 2111 1600 2199 Iulianus),
1661 2115 1714 2178 si
1768 2115 1907 2198 quis
1963 2138 2218 2181 servum
2273 2139 2351 2182 ea

337 2206 713 2272 condicione
767 2204 1150 2283 vendiderit,
1214 2208 1289 2268 ut
1341 2204 1514 2268 intra
1568 2202 1840 2288 triginta
1894 2203 2028 2268 dies
2083 2205 2349 2290 duplam

335 2295 773 2380 promitteret,
835 2297 1062 2377 postea
1113 2314 1193 2356 ne
1250 2292 1404 2376 quid
1456 2296 1917 2375 praestaretur,
1976 2298 2042 2357 et
2094 2298 2349 2378 emptor

334 2385 460 2449 hoc
506 2383 645 2447 fieri
686 2384 858 2447 intra
894 2382 1061 2446 diem
1101 2402 1230 2445 non
1271 2379 1745 2461 desideraverit,
1789 2379 1886 2444 ita
1923 2380 2176 2447 demum
2211 2403 2348 2447 non

335 2472 540 2537 teneri
586 2472 1001 2548 venditorem,
1052 2470 1109 2534 si
1154 2470 1460 2553 ignorans
1507 2470 1786 2533 alienum
1831 2469 2144 2553 vendidit3
2187 2475 2347 2535 tunc

336 2560 504 2626 enim
549 2561 615 2627 in
661 2561 786 2625 hoc
832 2556 1069 2641 teneri²,
1114 2560 1188 2621 ut
1227 2578 1343 2642 per
1379 2558 1590 2641 ipsum
1628 2561 1693 2621 et
1726 2578 1841 2640 per
1875 2557 2168 2622 heredem
2207 2560 2347 2623 eius

336 2653 695 2734 emptorem
760 2649 995 2713 habere
1057 2646 1294 2711 liceret.
1397 2649 1498 2727 qui
1564 2654 1764 2709 autem
1829 2650 2087 2710 alienum
2152 2652 2345 2713 sciens

333 2745 626 2819 vendidit,
682 2742 845 2821 dolo,
899 2740 1123 2819 inquit,
1182 2758 1302 2798 non
1361 2742 1526 2798 caret
1579 2741 1640 2799 et
1692 2738 1825 2798 ideo
1881 2740 2067 2815 empti
2119 2741 2345 2800 iudicio

334 2833 651 2891 tenebitur.

734 3016 815 3097 4.
884 3021 963 3093 L.
1016 3019 1497 3093 NERATIUS
1551 3018 1934 3095 PRISOUS

513 3162 739 3239 origine
796 3163 1105 3241 Saepinas,
1165 3164 1322 3224 filius
1385 3164 1452 3223 L.
1504 3163 1766 3236 Neratii,
1827 3165 2014 3223 frater
2073 3164 2346 3224 Marcelli

338 3242 440 3333 (D.
470 3253 570 3323 33,
602 3254 659 3329 7,
692 3254 789 3325 12,
819 3250 957 3330 43),
1010 3254 1346 3329 praefectus
1399 3253 1616 3311 aerarii
1662 3252 1929 3329 Saturni,
1976 3254 2182 3315 consul
2217 3253 2342 3313 suf-

337 3339 527 3399 fectus
582 3357 717 3399 cum
770 3340 848 3399 M.
892 3340 1086 3401 Annio
1140 3342 1298 3402 Vero
1357 3335 1450 3422 (D.
1483 3343 1584 3416 48,
1615 3343 1673 3420 8,
1705 3334 1774 3422 6)
1831 3341 1941 3402 sub
1996 3341 2344 3402 Domitiano

480 3460 507 3508 1
545 3455 640 3511 Fz.
675 3457 993 3512 exaruisset.

477 3530 509 3579 2
551 3526 643 3582 ΓΖ.
681 3526 800 3582 fieri
835 3530 1034 3583 emend.
1065 3529 1341 3583 Cuiacim.
