2575 3900
358 160 490 225 274
561 159 627 214 V.
665 159 963 216 NERVAE
1001 158 1096 214 ΕΤ
1133 159 1436 214 TRAIANI
1473 160 1688 217 TEMP.
1723 160 1912 216 IURIS
1949 159 2304 217 CONSULTI

363 333 460 391 vel
514 328 865 408 glossatoris
922 328 1017 386 vel
1062 327 1409 388 Triboniani
1463 347 1703 388 manum
1763 329 2130 406 suspicantes
2175 320 2275 410 (D.
2313 332 2376 406 3,

362 423 421 496 3,
453 421 552 479 76.
610 417 678 475 D.
719 419 822 494 46,
852 418 911 493 8,
933 409 1062 526 23)
1100 415 1429 476 Mommsen
1478 417 1776 518 probante
1811 417 2119 495 Kruegero
2154 437 2210 494 p.
2244 419 2370 476 161

358 525 415 568 ιι.
459 509 580 566 121
640 496 953 564 ‘Iulianus'
1012 506 1151 563 ante
1208 499 1559 580 ‘respondit’
1609 505 1781 582 quasi
1827 507 2125 584 glossema.
2174 505 2376 565 delen-

360 597 503 656 dum
550 595 774 668 censet,
828 591 1013 652 Leuel
1066 611 1207 654 vero
1252 596 1452 653 notat.
1517 589 1766 672 ‘potest,
1819 598 1892 654 ut
1943 595 2106 654 Trib.
2155 593 2379 653 omissa

362 683 591 746 Minicii
654 681 927 758 opinione
993 681 1213 741 Iuliani
1268 682 1716 743 adnotaizionem
1774 682 1869 742 his
1923 683 2122 743 verbis
2184 682 2375 742 intro·

364 764 622 834 duxerit?
626 809 639 828 .
685 764 980 849 ‘dagegen
1016 765 1293 848 mtichte',
1339 771 1539 849 inquit
1566 772 1855 849 Krueger,
1903 764 1996 831 ‘D.
2035 773 2133 846 17,
2171 774 2226 851 1,
2259 771 2376 831 33:

364 864 637 939 Rogatus
685 906 697 918 .
728 905 741 918 .
772 905 785 919 .
830 858 1099 919 Iulianus
1142 860 1344 920 verius
1388 862 1568 936 putat
1610 879 1727 921 von
1773 859 1887 920 den
1922 859 2377 936 Kompilatoren

497 952 652 1010 trotz
702 947 805 1009 der
850 948 1207 1024 Inscription
1256 948 1426 1007 nicht
1468 965 1580 1009 aus
1623 947 1891 1008 Iulianus
1946 949 2023 1007 ad
2065 948 2378 1008 Minicium
2462 973 2471 982 ·

363 1040 577 1114 selbst,
630 1037 889 1096 sondern
942 1054 1050 1095 aus
1105 1037 1266 1096 einer
1321 1039 1598 1113 sputeren
1644 1035 2029 1115 Anfflhrung,
2077 1039 2231 1096 etwa
2274 1035 2380 1096 bei

361 1129 601 1204 Ulpian,
642 1129 1019 1186 entnommen
1056 1119 1222 1185 sein’.
1286 1124 1473 1185 Lenel
1507 1145 1650 1186 vero
1687 1126 2010 1204 genuina-m
2045 1125 2380 1186 orationem

363 1219 514 1277 hanc
559 1216 745 1275 fuisse
794 1214 1039 1275 conicit:
1086 1207 1227 1274 ‘non
1269 1218 1522 1275 tenetur.
1597 1215 1892 1274 Iulianust
1937 1214 2140 1276 verius
2181 1207 2377 1289 puto'.

364 1308 691 1382 utcumque
729 1305 876 1363 haec
921 1320 1017 1362 res
1064 1303 1382 1382 sehabet,
1426 1303 1579 1362 illud
1614 1321 1721 1379 pro
1775 1306 1941 1363 certo
1987 1301 2379 1363 statuendum

369 1400 487 1472 est,
535 1393 691 1470 quod
732 1391 1007 1469 Krueger
1049 1390 1299 1450 iudicati
1347 1383 1492 1451 ‘Der
1525 1391 1805 1452 Wechsel
1849 1391 2139 1451 zwischen
2185 1393 2382 1450 erster

360 1483 486 1542 und
537 1481 756 1540 dritter
811 1481 1034 1540 Person
1080 1525 1093 1539 .
1127 1528 1138 1539 .
1171 1527 1183 1539 .
1229 1479 1398 1558 giebt
1449 1481 1663 1540 keinen
1707 1481 1936 1539 Anhalt
1988 1479 2188 1556 dafflr,
2245 1478 2379 1537 dass

362 1563 457 1631 die
530 1573 685 1630 erste
748 1569 972 1628 Person
1036 1569 1147 1628 auf
1202 1568 1401 1628 Iulian
1471 1563 1676 1648 gehe’3
1745 1587 1937 1646 neque
2009 1569 2207 1630 minus
2279 1585 2378 1625 ca-

363 1658 622 1718 vendum
716 1676 850 1717 esse
949 1675 1179 1732 censeo,
1269 1675 1346 1716 ne
1433 1657 1618 1717 verba
1707 1651 2058 1735 ‘respondi’,
2160 1650 2382 1732 ‘puio',

365 1741 524 1827 ‘ego’
578 1747 813 1823 aliaque
869 1746 1131 1805 eiusdem
1195 1746 1430 1824 generis
1485 1747 1684 1805 omnia
1735 1746 1811 1804 ad
1866 1745 2173 1804 Minicium
2227 1744 2381 1804 refe-

368 1838 595 1896 rantur.

539 1923 836 2001 Equidem
881 1942 953 1983 ea
995 1926 1306 1997 commata,
1351 1923 1414 1981 in
1451 1924 1666 1999 quibus
1702 1922 1952 2000 legitur:
2001 1915 2224 1984 ‘verius
2264 1917 2384 1982 est'

367 2009 471 2094 (D.
493 2015 597 2092 33,
619 2014 675 2088 5,
702 2015 799 2072 12.
839 2014 942 2092 41,
962 2015 1020 2089 4,
1043 2014 1097 2073 8.
1139 2014 1242 2089 41,
1266 2014 1322 2088 7,
1343 2003 1431 2094 7),
1476 2012 1676 2088 potius
1720 2012 1954 2071 Iuliano
1997 2012 2386 2071 attribuenda

364 2103 589 2177 iudico,
662 2102 914 2161 fortasse
984 2120 1055 2160 ea
1118 2120 1378 2178 quoque,
1449 2102 1514 2159 in
1577 2101 1793 2178 quibus
1854 2101 2004 2160 talia
2064 2101 2383 2179 leguntur:

367 2184 634 2268 ‘poterit'
692 2182 789 2270 (D
824 2183 1385 2271 19,1,29),‘non
1438 2182 1685 2266 poterit'
1738 2181 1840 2271 (D.
1871 2192 1974 2265 46,
2006 2193 2063 2263 1,
2097 2181 2311 2269 19),ε
2317 2207 2383 2249 se

365 2273 656 2340 tuebitur'
695 2276 794 2357 (D.
818 2280 919 2355 24,
942 2282 998 2355 1,
1020 2270 1133 2357 39)
1172 2278 1524 2355 similiaque,
1560 2296 1669 2337 nec
1705 2278 1902 2337 minus
1938 2296 2026 2355 ea,
2061 2276 2126 2335 in
2163 2277 2385 2354 quibus

366 2368 645 2441 traditur,
690 2366 833 2443 quid
877 2360 1191 2443 ‘plerique'
1238 2366 1578 2425 existiment
1621 2360 1720 2445 (D.
1746 2369 1824 2426 17
1831 2412 1846 2444 ,
1868 2368 1924 2439 1,
1947 2367 2049 2425 33.
2087 2368 2192 2442 41,
2211 2369 2271 2443 4,
2292 2360 2386 2447 8),

368 2458 537 2516 cuius
582 2456 818 2535 generis
864 2455 1057 2514 multa
1100 2454 1165 2513 in
1210 2454 1428 2514 Iuliani
1471 2455 1642 2513 libris
1689 2455 1990 2533 leguntur.

542 2544 627 2605 Ut
672 2544 747 2604 ad
792 2544 991 2620 ipsum
1034 2542 1362 2616 redeamus,
1398 2542 1703 2603 Minicium
1746 2543 2014 2620 priorum
2055 2542 2204 2602 iuris
2245 2562 2383 2603 con—

367 2636 688 2708 sultorum,
759 2632 1030 2709 inprimis
1087 2630 1294 2690 Sabini
1366 2634 1426 2691 et
1481 2630 1688 2709 Cassii,
1755 2649 2042 2708 responsa
2104 2632 2384 2691 attulisse

364 2724 654 2784 videmus.
768 2722 917 2780 haec
995 2720 1153 2779 enim
1224 2721 1534 2795 leguntur:
1625 2714 1938 2779 ‘Sabinum
2006 2720 2384 2795 respondisse

368 2812 643 2870 Minicius
696 2801 904 2869 refert'
961 2810 1032 2868 D.
1066 2812 1166 2885 19,
1197 2814 1252 2886 1,
1284 2811 1341 2882 6,
1372 2810 1411 2867 4
1458 2809 1661 2885 Pomp.
1753 2802 2066 2868 ‘Sabinum
2118 2809 2385 2869 refertur

370 2892 757 2958 existimasse'
796 2897 869 2957 D.
899 2899 1001 2974 40,
1035 2900 1135 2974 12,
1164 2899 1248 2957 30
1294 2897 1504 2956 Iulian.
1525 2898 1564 2955 1.
1587 2896 1657 2956 V.
1731 2892 2012 2956 ‘Sabinus
2048 2892 2384 2973 respondit’

367 2984 441 3046 D.
486 2986 593 3062 12,
634 2990 699 3063 1,
748 2988 829 3044 22
886 2986 1000 3044 Iul.
1045 2987 1084 3045 1.
1129 2986 1231 3045 IV.
1345 2980 1537 3045 ‘cuius
1591 2980 1702 3067 (sc.
1747 2978 1982 3065 Sabini)
2047 2986 2384 3045 sententiae

370 3072 611 3133 Cassius
666 3093 898 3149 quoque
955 3068 1067 3133 est'
1114 3075 1181 3133 D.
1212 3077 1317 3150 40,
1351 3077 1450 3153 12,
1479 3076 1576 3134 30-
1608 3074 1720 3133 Iul.
1750 3074 1789 3133 l.
1818 3074 1889 3132 V.
1965 3067 2233 3133 ‘Cassius
2277 3094 2382 3134 ne-

370 3156 560 3238 gavit'
604 3160 678 3221 D.
704 3164 802 3235 19,
824 3163 882 3239 2,
905 3164 984 3221 32
1026 3162 1138 3221 Ιιι1.
1160 3164 1198 3223 1.
1217 3162 1319 3222 IV.
1392 3163 1455 3222 in
1501 3163 1633 3222 aliis
1679 3162 1980 3222 nonnullis
2025 3162 2384 3239 fragmentis

370 3250 519 3309 iuris
582 3250 990 3310 consultorum
1052 3251 1320 3328 priorum
1382 3252 1623 3310 nomina
1677 3270 1714 3310 a
1767 3252 2128 3311 Triboniano
2183 3250 2387 3311 deleta

372 3356 501 3397 esse
540 3338 860 3398 verisimile
896 3343 1004 3399 est.
1080 3340 1182 3399 sed
1219 3340 1462 3416 propria
1498 3359 1731 3418 quoque
1761 3357 2042 3416 responsa
2068 3339 2381 3399 Minicium

372 3427 669 3487 addidisse
739 3427 832 3487 his
894 3429 1207 3503 probatur:
1284 3423 1580 3488 eMinicius
1642 3430 2043 3507 interrogatus
2109 3476 2122 3489 .
2162 3476 2175 3490 .
2215 3473 2228 3487 .
2291 3447 2386 3487 re-

372 3516 611 3592 spondit
786 3516 1059 3575 Iulianus
1103 3520 1274 3575 notat
1323 3559 1369 3577 ..
1393 3511 1430 3574 .'
1477 3517 1547 3575 D.
1580 3520 1634 3592 6,
1669 3521 1724 3594 1,
1756 3518 1832 3576 61
1880 3518 1982 3577 lib.
2002 3517 2103 3577 VI.
2178 3510 2384 3593 ‘quae-
