2575 3900
319 182 449 249 356
521 181 589 237 V.
628 180 926 237 NERVAE
964 178 1060 234 ΕΤ
1096 178 1402 235 TRAIANI
1437 177 1652 234 ΤΕΜΡ.
1688 178 1884 233 IURIS
1924 176 2284 233 CONSULTI

1052 361 1163 426 Ad
1204 360 1619 427 amendam.

509 471 612 535 71.
649 469 728 535 D.
748 469 847 549 10,
861 469 923 552 4,
938 468 999 552 3,
1018 468 1120 533 11.
1191 464 1514 553 Ulpianus
1543 466 1711 532 libro
1741 466 2090 532 vicensimo
2119 478 2347 551 quarto

326 559 410 624 ad
466 557 748 623 edictum
794 556 891 644 (P.
923 553 1097 643 719).
1146 593 1231 603 -—
1278 607 1295 622 .
1325 609 1338 622 .
1367 607 1383 622 .
1438 556 1663 620 definit
1714 554 2020 621 Neratius
2075 555 2350 621 iudicem

324 648 407 713 ad
472 646 904 713 exhibendum
966 644 1282 710 hactenus
1348 665 1758 731 cognoscere,
1831 668 1912 709 an
1977 646 2220 710 iustam
2285 650 2352 709 et

322 736 728 821 probabilem
776 756 1039 800 causam
1084 733 1326 800 habeat
1372 734 1664 817 actionis,
1700 739 1967 819 propter
2013 755 2204 819 quam
2243 756 2351 798 ex-

323 826 536 891 hiberi
583 825 706 889 sibi
752 824 1086 889 desideret.

504 915 606 979 72.
653 912 733 977 Ι).
756 912 859 993 10,
874 914 937 994 4,
951 913 1011 991 9,
1030 913 1087 978 8.
1168 910 1490 996 Ulpianus
1527 911 1693 977 libro
1732 911 2083 978 vicensimo
2123 916 2351 996 quarto

326 1002 409 1067 ad
456 1002 735 1068 edictum
784 1001 883 1086 (P.
916 963 1091 1087 t⁹722).
1139 1036 1225 1047 ——
1271 1051 1286 1065 .
1310 1049 1328 1065 .
1373 1001 1712 1083 utilitates,
1757 1000 1816 1065 si
1862 1022 2025 1085 quae
2073 998 2352 1065 amissae

327 1095 480 1156 sunt
525 1092 609 1157 ob
654 1091 780 1156 hoc
825 1090 995 1173 quod
1039 1111 1171 1155 non
1216 1089 1560 1154 exhibetur
1604 1089 1708 1155 vel
1754 1090 2006 1154 tardius
2052 1089 2203 1174 quid
2251 1111 2352 1153 ex·

323 1178 615 1262 hibetur,
660 1178 1097 1244 aestimandae
1144 1200 1183 1243 a
1230 1178 1437 1243 iudice
1484 1182 1654 1243 sunt.
1744 1184 1812 1243 et
1855 1178 1999 1243 ideo
2044 1174 2354 1243 Neratius

326 1270 421 1334 ait
483 1231 834 1334 utilitatem
899 1268 1139 1333 actoris
1204 1268 1424 1332 venire
1485 1267 1554 1331 in
1609 1267 2158 1350 aestimationem,
2219 1288 2352 1332 non

326 1360 550 1444 quanti
605 1380 711 1423 res
768 1356 873 1440 sit,
929 1376 1086 1440 quae
1137 1357 1407 1442 utilitas,
1452 1356 1692 1441 inquit,
1737 1357 2048 1422 interdum
2091 1358 2356 1422 minoris

324 1448 444 1551 erit
483 1468 674 1531 quam
717 1466 813 1511 res
857 1447 989 1511 erit.

1142 1568 1244 1634 De
1273 1570 1534 1653 peculio·

508 1677 609 1741 73.
656 1675 735 1740 D.
760 1676 861 1756 15,
889 1680 941 1759 1,
969 1676 1066 1757 11,
1086 1677 1145 1741 3.
1227 1674 1550 1760 Ulpianus
1591 1675 1759 1739 libro
1797 1676 2146 1741 vicensimo
2182 1698 2353 1741 nono

331 1766 411 1830 ad
469 1766 750 1829 edictum
807 1763 904 1851 (P.
946 1763 1159 1850 852⁶).
1214 1801 1302 1811 -—
1357 1763 1483 1830 Est
1539 1813 1553 1827 .
1583 1814 1596 1829 .
1651 1764 2073 1848 quaestionis,
2134 1787 2216 1830 an
2269 1764 2355 1845 id,

331 1854 503 1939 quod
550 1852 848 1918 dominus
897 1853 1093 1918 semel
1138 1852 1403 1917 deduxit
1439 1874 1583 1918 cum
1622 1855 2090 1938 conveniretur,
2135 1876 2356 1918 rursus

332 1943 389 2008 si
454 1942 898 2027 conveniatur,
962 1941 1039 2007 de
1097 1942 1353 2027 peculio
1409 1943 1686 2007 eximere
1743 1942 2000 2027 debeat,
2065 1964 2151 2008 an
2204 1965 2355 2008 vero

329 2033 533 2097 veluti
582 2033 862 2097 solutum
910 2032 967 2096 ei
1012 2033 1309 2097 videatur
1357 2032 1554 2096 semel
1602 2032 1774 2097 facta
1815 2032 2216 2098 deductione.
2291 2036 2358 2096 et

327 2118 638 2186 Neratius
667 2123 734 2186 et
756 2120 975 2185 Nerva
1002 2125 1253 2205 putant,
1280 2121 1437 2186 item
1456 2119 1750 2186 Iulianus
1781 2121 1950 2187 libro
1981 2120 2356 2187 duodecimo

333 2209 579 2292 scribit,
626 2210 681 2274 si
727 2209 983 2294 quidem
1032 2209 1307 2275 abstulit
1349 2209 1472 2274 hoc
1519 2209 1595 2274 de
1641 2210 1912 2294 peculio,
1956 2232 2089 2276 non
2127 2209 2357 2276 debere

333 2297 583 2381 deduci,
656 2299 711 2363 si
774 2320 926 2364 vero
993 2298 1259 2364 eandem
1323 2299 1711 2382 positionem
1776 2299 2017 2383 peculii
2080 2299 2358 2384 reliquit,

332 2388 562 2453 debere
610 2409 754 2452 eum
802 2387 1128 2454 deducere.

1000 2547 1287 2630 Depositi
1329 2548 1422 2612 vel
1463 2552 1694 2612 contra.

512 2656 613 2721 74.
663 2655 739 2721 D.
771 2656 873 2735 16,
902 2656 962 2735 3,
993 2658 1051 2736 1,
1080 2655 1184 2720 21.
1266 2653 1590 2738 Ulpianus
1635 2654 1803 2719 libro
1849 2653 2232 2738 trigensimo
2280 2653 2360 2718 ad

334 2745 616 2809 edictum
672 2742 769 2830 (P.
810 2742 985 2829 895).
1040 2779 1121 2790 —
1182 2741 1362 2830 (Non
1416 2746 1670 2807 tantum
1726 2743 2115 2826 praeteritus
2171 2742 2360 2808 dolus

333 2833 402 2897 in
457 2833 737 2916 depositi
793 2833 1045 2896 actione
1098 2833 1339 2910 veniet,
1398 2831 1508 2896 sed
1564 2832 1764 2897 etiam
1809 2831 2092 2912 futurus,
2148 2832 2216 2896 id
2263 2836 2362 2896 est

333 2925 487 3003 post
531 2921 718 2984 litem
764 2917 1240 3006 contestatam.)
1325 2920 1471 2985 inde
1519 2921 1743 2985 scribit
1779 2919 2110 3004 Neratius,
2157 2921 2213 2985 si
2258 2941 2360 2984 res

336 3009 631 3092 deposita
686 3009 824 3072 sine
880 3008 1028 3073 dolo
1085 3011 1255 3074 malo
1315 3010 1554 3075 amissa
1611 3011 1696 3074 sit
1752 3013 1818 3073 et
1861 3013 2012 3093 post
2056 3009 2364 3074 iudicium

337 3103 677 3181 acceptum
724 3098 1206 3181 reciperaretur‚
1251 3098 1458 3164 nihilo
1504 3098 1720 3163 minus
1766 3103 1938 3162 recte
1985 3098 2065 3162 ad
2103 3100 2364 3164 restitu-

335 3186 582 3251 tionem
622 3208 800 3250 reum
839 3187 1137 3270 compelli
1171 3208 1291 3251 nec
1323 3187 1555 3252 debere
1584 3187 1853 3271 absolvi,
1891 3187 2016 3251 nisi
2047 3189 2362 3252 restituat.
2415 3261 2424 3267 ι

335 3275 507 3339 idem
553 3275 855 3340 Neratius
897 3275 1009 3359 ait,
1052 3277 1348 3360 quamvis
1385 3281 1537 3341 tunc
1574 3280 1787 3341 tecum
1827 3275 2108 3360 depositi
2147 3283 2363 3342 actum

339 3365 454 3447 sit,
519 3386 663 3428 cum
728 3365 1108 3428 restituendi
1173 3365 1548 3430 facultatem
1613 3387 1743 3430 non
1808 3366 2051 3430 habeas
2115 3365 2364 3431 horreis

337 3451 506 3517 forte
544 3451 756 3537 clusis,
790 3455 1029 3537 tamen,
1068 3454 1123 3516 si
1159 3455 1313 3517 ante
1350 3453 1950 3519 condemnationem
1980 3453 2367 3519 restituendi

340 3539 718 3605 facultatem
782 3541 1050 3624 habeaS,
1115 3539 1667 3607 condemnandum
1733 3546 1800 3607 te
1858 3543 1988 3607 nisi
2041 3543 2368 3627 restituas,
