2575 3900
984 208 1033 258 9.
1070 200 1490 258 ATILICINUS
2115 202 2240 267 187

210 366 469 433 mulieri
539 368 843 451 putabat,
915 365 1099 431 iussu
1170 365 1310 431 eius
1384 364 1555 431 dotis
1619 365 1880 430 nomine
1946 366 2244 450 promisit

216 454 465 544 (dotem
512 454 747 541 dixit?)
804 476 1042 540 sponso
1100 458 1165 519 et
1218 453 1435 521 solvit.
1523 453 1790 538 nuptiae
1837 454 2067 519 deinde
2110 476 2246 520 non

211 547 735 611 intercesserunt.
827 544 1195 647 quaesitum
1251 547 1377 627 est,
1434 546 1652 607 utrum
1698 543 1839 627 ipse
1886 546 2106 626 potest
2149 565 2246 607 re-

211 637 437 735 petere
479 655 621 698 eam
667 634 1005 719 pecuniam
1054 634 1164 717 qui
1210 631 1512 714 dedisset,
1558 654 1644 697 an
1692 631 1941 697 mulier.
2025 630 2246 697 Nerva

213 720 564 789 Atilicinus
646 722 1149 807 responderunt,
1233 721 1541 806 quoniam
1613 725 1912 805 putasset
1985 722 2245 806 quidem

213 812 447 877 debere
510 810 879 896 pecuniam,
945 810 1057 875 sed
1120 811 1498 895 exceptione
1554 810 1688 875 doli
1742 810 1899 874 mali
1953 810 2120 874 tueri
2177 831 2245 875 se

211 900 566 987 potuisset,
628 901 843 984 ipsum
898 899 1359 983 repetiturum,
1417 899 1529 964 sed
1586 898 1668 982 si,
1724 920 1869 963 cum
1926 898 2121 963 sciret
2177 920 2245 963 se

210 989 381 1055 nihil
427 989 685 1054 mulieri
732 987 993 1070 debere,
1043 988 1471 1072 promisisset,
1514 988 1807 1053 mulieris
1855 1010 1996 1053 esse
2044 987 2246 1052 actio-

210 1100 392 1157 nem,
448 1078 753 1163 quoniam
800 1078 1076 1161 pecunia
1123 1076 1204 1142 ad
1249 1099 1394 1142 eam
1438 1077 1811 1161 pertineret.
1899 1076 1981 1157 [si
2029 1080 2246 1141 autem

212 1188 365 1232 vere
402 1166 659 1233 debitor
696 1165 932 1231 fuisset
968 1170 1034 1230 et
1070 1170 1223 1231 ante
1251 1164 1513 1251 nuptias
1553 1165 1854 1230 solvisset
1881 1168 1949 1229 et
1975 1164 2246 1249 nuptiae

215 1260 475 1321 secutae
547 1277 677 1320 non
750 1254 1060 1339 fuissent,
1132 1255 1272 1339 ipse
1343 1254 1555 1339 possit
1617 1253 1978 1339 condicere,
2052 1275 2248 1319 causa

215 1344 422 1410 debiti
477 1344 735 1430 integra
789 1342 1048 1409 mulieri
1094 1345 1174 1408 ad
1221 1343 1347 1409 hoc
1396 1344 1609 1408 solum
1653 1347 1981 1429 manente,
2036 1349 2109 1408 ut
2164 1343 2246 1407 ad

212 1432 383 1498 nihil
430 1433 607 1498 aliud
653 1432 911 1498 debitor
956 1433 1412 1518 compellatur,
1467 1433 1598 1497 nisi
1645 1436 1719 1497 ut
1763 1433 1951 1498 cedat
1995 1433 2053 1496 ei
2099 1454 2247 1498 con·

214 1522 477 1588 dicticia
522 1520 823 1608 actione]

872 1652 1201 1721 Communi
1245 1654 1596 1719 dividundo.

393 1772 457 1836 4.
502 1769 580 1836 D.
615 1770 715 1852 10,
746 1771 805 1851 3,
834 1771 892 1854 6,
919 1770 980 1834 4.
1063 1768 1383 1854 Ulpianus
1431 1770 1599 1834 libro
1646 1790 1821 1835 nono
1869 1768 2116 1835 decimo
2165 1769 2247 1833 ad

216 1860 499 1925 edictum
520 1858 617 1946 (Ρ.
638 1820 848 1944 65912).
866 1896 950 1905 —
1020 1864 1129 1924 ‚et
1155 1862 1410 1942 partem
1440 1858 1660 1924 venire
1691 1856 1843 1944 (sc.
1823 1881 1886 1923 1n
1920 1858 2246 1924 communi

217 1948 570 2016 dividundo
601 1946 941 2035 iudicium)
972 1944 1253 2014 Sabinus
1284 1952 1351 2013 et
1378 1946 1730 2014 Atilicinus
1757 1950 2246 2034 responderunt.

395 2038 455 2105 5.
489 2038 567 2104 D.
575 2038 729 2105 ibid.
742 2038 853 2120 §5-
884 2075 969 2085 -—
999 2036 1124 2103 Sed
1152 2045 1219 2103 et
1247 2038 1683 2103 accessionem
1713 2041 1779 2102 et
1806 2038 2245 2104 decessionem

214 2129 337 2194 hoc
381 2127 691 2193 iudicium
740 2129 1029 2212 accipere
1073 2126 1245 2192 idem
1293 2127 1844 2193 existimaverunt.

1021 2286 1121 2352 De
1162 2288 1456 2353 societate.

397 2404 455 2468 6.
501 2400 579 2466 D.
604 2401 706 2487 17,
724 2403 786 2481 2,
805 2403 913 2488 52,
934 2403 1036 2469 18.
1089 2402 1265 2467 Idem
1299 2399 1413 2488 (sc.
1436 2396 1785 2486 Ulpianus)
1815 2400 1984 2466 libro
2012 2401 2248 2486 trigen-

222 2491 386 2557 simo
434 2491 643 2575 primo
692 2492 772 2556 ad
820 2454 1101 2557 ed'ictum
1148 2489 1249 2577 (P.
1270 2487 1486 2575 922⁰).
1523 2527 1612 2537 —
1784 2491 1955 2592 apud
1999 2494 2248 2555 veteres

218 2584 568 2663 tractatur,
631 2601 715 2645 an
781 2580 994 2646 socius
1061 2581 1352 2644 omnium
1417 2581 1766 2658 bonorum,
1831 2578 1889 2643 si
1954 2579 2108 2664 quid
2165 2579 2247 2642 ob

219 2670 600 2734 iniuriarum
668 2670 989 2735 actionem
1051 2668 1397 2733 damnatus
1451 2667 1882 2752 praestiterit,
1947 2688 2024 2732 ex
2079 2688 2249 2731 com·

220 2759 401 2824 muni
456 2762 889 2843 consequatur
943 2762 1018 2822 ut
1060 2759 1367 2842 praestet.
1459 2760 1525 2822 et
1572 2756 1922 2822 Atilicinus
1971 2753 2248 2821 Sabinus

221 2847 488 2914 Cassius
534 2847 1033 2931 responderunt,
1089 2847 1147 2910 si
1192 2845 1434 2911 iniuria
1478 2844 1710 2912 iudicis
1758 2845 2101 2910 damnatus
2149 2845 2250 2929 sit,

220 2938 745 3020 consecuturum,
802 2935 857 3000 si
904 2935 985 3001 ob
1034 2935 1421 3001 maleficium
1469 2957 1685 3017 suum,
1733 2935 1948 3018 ipsum
1993 2938 2249 2999 tantum

185 3025 526 3090 .damnum
582 3024 823 3090 sentire
878 3024 1127 3089 debere.
1211 3025 1316 3089 cui
1362 3024 1688 3110 congruit,
1734 3024 1905 3108 quod
1954 3021 2248 3090 Servium

216 3113 628 3200 respondisse
674 3113 968 3179 Aufidius
1014 3112 1231 3178 refert.

1030 3273 1131 3339 De
1164 3275 1441 3357 piynore.

401 3391 458 3455 7.
519 3389 597 3454 D.
634 3391 740 3473 44,
774 3390 837 3472 4,
872 3389 935 3468 4,
972 3389 1031 3455 8.
1130 3386 1450 3472 Ulpianus
1505 3387 1671 3454 libro
1727 3388 2250 3473 septuagensimo

220 3483 405 3545 sexto
445 3479 527 3543 ad
566 3439 842 3544 edict'um
881 3476 980 3565 (P.
1008 3473 1252 3562 16771‘).
1291 3513 1370 3524 —
1450 3477 1851 3563 ‚quaeritur,
1889 3477 1945 3540 si
1982 3477 2252 3541 uniones

218 3567 340 3634 tibi
395 3568 656 3653 pignori
711 3567 945 3632 dedero
1001 3570 1068 3631 et
1122 3526 1526 3651 convenerit,
1584 3569 1658 3630 ut
1714 3566 1928 3632 soluta
1981 3564 2254 3649 pecunia
