2575 3900
375 162 461 226 80
515 163 611 216 III.
640 161 792 215 GAII
820 158 1117 215 CLAUDII
1144 159 1430 215 GALBAE
1450 158 1718 214 NERON.
1741 158 1955 215 ΤΕΜΡ.
1974 158 2164 214 IURIS
2186 156 2392 214 CONS.

550 330 862 388 Rationem
937 328 1067 386 eius
1138 328 1481 387 habuerunt
1552 328 1941 403 Pomponius,
2014 329 2085 386 ut
2155 327 2396 387 videtur

372 413 473 500 (D.
504 421 565 494 4,
594 420 651 491 8,
685 421 824 493 7pr.
871 411 1114 476 ‘Pedius
1144 461 1159 475 .
1231 463 1243 476 .
1276 419 1338 476 et
1382 417 1741 492 Pomponius
1789 411 2099 476 scribunt’.
2184 417 2256 475 D.
2287 418 2394 486 43,

375 510 475 584 24,
517 510 573 583 1,
614 510 650 567 6
709 501 951 565 ‘Pedius
996 509 1059 564 et
1092 505 1455 581 Pomponius
1504 496 1845 586 scribunt'),
1942 505 2170 564 Paulus
2223 504 2395 564 libris

372 598 447 655 ad
486 597 681 673 legem
718 594 939 653 Iuliam
968 598 1030 653 et
1058 593 1307 671 Papiam
1337 586 1436 675 (D.
1469 596 1570 666 35,
1603 596 1660 668 2,
1700 596 1780 654 63
1798 586 1935 674 pr.),
1974 594 2050 652 ad
2079 594 2396 653 Vitellium

373 676 473 765 (D.
507 687 608 760 33,
638 687 696 759 7,
730 685 831 760 18,
862 675 960 764 3),
1018 684 1093 742 ad
1138 684 1445 742 Plautium
1493 676 1592 764 (D.
1626 685 1682 760 9,
1716 685 1770 758 2,
1803 685 1883 743 33
1899 674 2046 764 pr.),
2101 682 2269 742 libris
2319 683 2398 741 ad

373 774 631 833 edictum
687 774 984 848 praetoris
1032 775 1095 831 et
1140 771 1216 830 ad
1262 772 1524 830 edictum
1581 772 1866 831 aedilium
1917 770 2235 848 curulium,
2291 771 2397 830 Ul·

370 863 587 939 pianus
640 861 813 920 libris
868 862 943 919 ad
999 860 1206 920 eadem
1262 861 1481 935 edicta,
1546 861 1811 920 incertus
1877 859 2128 938 denique
2189 862 2400 920 auctor

373 950 526 1010 libro
572 950 647 1008 de
692 949 1027 1009 interdictis
1074 941 1241 1030 (Vat.
1273 943 1404 1025 93).

549 1038 679 1098 Iam
704 1037 1028 1097 videndum
1058 1041 1150 1097 est
1179 1038 1249 1097 de
1276 1039 1384 1098 illo
1414 1032 1661 1114 ‘Sexto',
1690 1057 1864 1113 quem
1895 1040 1956 1096 et
1985 1036 2170 1097 Graius
2188 1039 2244 1113 2,
2270 1040 2396 1098 218

300 1115 313 1128 ’
378 1119 663 1208 (‘Iu]iano
730 1131 791 1186 et
848 1126 1027 1186 Sexto
1092 1120 1372 1207 placuit')
1435 1130 1496 1186 et
1549 1126 1842 1202 Ulpianus
1905 1130 2032 1185 tam
2091 1125 2262 1186 libris
2322 1127 2402 1186 ad

375 1217 637 1276 edictum
701 1217 772 1275 D.
826 1218 934 1292 29,
987 1217 1053 1289 5,
1106 1218 1171 1292 1,
1224 1217 1306 1275 27
1373 1210 1498 1293 Cet
1560 1215 1648 1275 ait
1713 1207 1976 1275 Sextus'·
2057 1214 2130 1274 D.
2178 1217 2290 1292 42,
2339 1218 2400 1290 4,

378 1310 444 1383 7,
491 1309 569 1366 16
638 1300 870 1364 ‘Celsus
936 1308 1140 1363 auizem
1203 1304 1384 1364 Sexto
1443 1296 1802 1385 respondit')
1864 1323 2042 1380 quam
2098 1304 2174 1362 ad
2229 1303 2400 1363 Sabi-

373 1415 516 1454 num
561 1395 773 1453 laudat
815 1393 888 1452 D.
928 1396 1039 1470 30,
1071 1395 1151 1452 32
1178 1413 1265 1468 pr.
1322 1385 1504 1474 (stam
1549 1393 1760 1453 Sextus
1807 1412 1988 1469 quam
2032 1392 2399 1468 Pomponius

372 1473 671 1563 putant’),
746 1502 890 1541 num
963 1473 1119 1543 forte
1186 1483 1404 1540 Pedius
1467 1482 1774 1540 habendus
1841 1481 1936 1540 siis.
2043 1481 2146 1540 sed
2211 1480 2398 1540 Gaius

372 1591 565 1648 neque
603 1571 998 1647 Pomponium
1034 1572 1133 1631 vel
1168 1571 1518 1630 Africanum
1564 1590 1756 1646 neque
1792 1570 2043 1630 Pedium
2088 1573 2404 1644 praeterea

374 1662 596 1720 diserte
653 1660 892 1735 quidem
945 1679 1209 1735 unquam
1264 1660 1490 1718 laudat.
1598 1658 1756 1735 quod
1802 1663 2004 1717 autem
2069 1658 2142 1716 de
2197 1660 2399 1736 legato

376 1749 603 1827 agitur,
668 1768 703 1807 a
756 1749 966 1824 Pedio,
1039 1767 1218 1824 quem
1289 1750 1362 1807 de
1432 1749 1831 1806 instrumento
1904 1748 2104 1824 legato
2177 1747 2399 1807 dixisse

374 1829 599 1896 Paulus
656 1839 729 1896 ad
775 1836 1093 1896 Vitellium
1145 1837 1334 1896 tradit
1380 1829 1482 1918 (D.
1523 1838 1625 1908 33,
1666 1840 1722 1908 7,
1765 1837 1864 1911 18,
1905 1827 1999 1916 3),
2055 1855 2177 1894 non
2220 1836 2400 1910 plane

378 1926 639 1985 alienum
702 1927 811 1985 est.
920 1925 1241 2005 fflpianuS,
1309 1926 1412 2004 qui
1473 1925 1536 1984 in
1600 1924 1770 1984 libris
1835 1924 1911 1983 ad
1977 1924 2237 1984 edietum
2300 1925 2400 1985 vel

379 2010 649 2075 ‘Sextum
720 2010 994 2073 Pedium'
1075 2018 1198 2093 vel,
1287 2016 1352 2073 id
1435 2013 1591 2092 quod
1675 2014 1749 2073 ab
1832 2014 1965 2072 aliis
2047 2014 2398 2089 plerumque

377 2104 462 2176 fit,
502 2098 799 2161 ‘Pedium'
835 2104 1105 2163 nominat
1140 2102 1241 2185 (D.
1268 2105 1368 2177 39,
1393 2096 1638 2181 1,5,9),
1685 2102 1937 2161 eundem
1975 2120 2402 2178 nonnunquam

378 2211 511 2251 oum
569 2191 748 2250 Sexto
802 2192 1127 2269 Pomponio
1192 2192 1498 2269 coniungit
1551 2188 1652 2267 (D.
1700 2193 1766 2263 4,
1817 2194 1884 2269 8,
1934 2194 1968 2250 7
1995 2210 2085 2265 pr.
2157 2184 2400 2251 ‘Pedius

377 2280 532 2339 libro
579 2300 733 2340 nono
782 2287 842 2339 et.
879 2281 1236 2355 Pomponius
1281 2280 1435 2339 libro
1480 2280 1834 2358 trigensimo
1869 2280 2053 2339 tertio
2092 2275 2403 2340 scribunt'.

377 2371 451 2429 D.
491 2372 594 2447 43,
633 2372 735 2442 24,
778 2374 832 2441 1,
874 2372 909 2429 6
971 2364 1212 2428 ‘Pedius
1269 2371 1332 2428 et
1378 2369 1742 2444 Pomponius
1791 2362 2143 2446 soribunt’),
2197 2368 2287 2427 ita
2331 2373 2403 2428 ut

378 2460 474 2519 vel
528 2461 686 2517 huno
732 2459 830 2518 vel
882 2458 1055 2516 illum
1097 2458 1161 2516 in
1211 2457 1421 2517 iisdem
1477 2458 1648 2517 libris
1695 2457 1860 2516 Sexti
1913 2456 2152 2515 nomine
2209 2457 2403 2533 desig-

378 2550 589 2607 natum
652 2548 838 2607 fuisse
902 2548 1002 2606 vix
1071 2546 1249 2606 liceat
1322 2548 1552 2622 pussare.
1670 2538 1953 2605 ‘Sextus'
2015 2564 2158 2605 vero
2225 2565 2406 2621 quem

383 2637 551 2696 libris
626 2637 703 2696 ad
778 2636 1064 2696 Sabinum
1135 2656 1269 2695 oum
1334 2636 1657 2712 Pomponio
1732 2636 2110 2695 coniunctum
2172 2634 2402 2713 laudat,

378 2726 512 2784 ideo
576 2744 696 2785 non
748 2725 969 2785 Pedius
1033 2725 1346 2785 habendus
1406 2727 1670 2800 videtur,
1743 2724 1901 2799 quod
1964 2724 2015 2782 is
2079 2740 2274 2798 neque
2339 2725 2403 2782 in

380 2813 695 2886 Pomponii
756 2832 948 2888 neque
1011 2815 1073 2872 in
1136 2814 1312 2872 Pauli
1374 2833 1569 2889 neque
1641 2814 1704 2871 in
1768 2812 2013 2887 Ulpiani
2078 2812 2250 2871 libris
2326 2812 2404 2871 ad

383 2899 669 2957 Sabinum
716 2920 979 2974 unquam
1022 2900 1324 2960 laudatur.

558 2987 777 3046 Pedius
837 2990 1064 3062 primus
1119 2989 1265 3046 iuris
1320 2989 1650 3064 peritorum
1705 2992 1983 3047 notarum
2037 2990 2406 3048 mentionem

380 3075 527 3133 facit
600 3068 699 3154 (D.
740 3078 954 3153 37,1,
996 3078 1060 3153 6,
1102 3068 1197 3157 2),
1281 3077 1353 3134 de
1436 3077 1649 3153 quibus
1725 3079 1930 3137 eadem
2002 3078 2127 3136 fere
2202 3080 2405 3137 aetate

381 3163 662 3222 Valerius
710 3164 939 3223 Probus
996 3165 1350 3239 opusculum
1404 3166 1752 3242 composuit.
1841 3167 2000 3224 idem
2053 3168 2282 3243 primus
2331 3169 2406 3227 de

383 3252 676 3327 dignitate
724 3246 1077 3313 ‘hominum'
1135 3254 1220 3313 ait
1266 3252 1366 3332 (D.
1399 3248 1855 3335 21,1‚44pr.),
1910 3274 2018 3313 neo
2073 3256 2273 3314 minus
2331 3258 2407 3315 de

383 3340 749 3419 meticuloso,
797 3344 899 3417 qui
942 3362 1069 3402 rem
1113 3344 1343 3401 nullam
1386 3344 1613 3403 frustra
1658 3344 1862 3403 timuit
1901 3336 1999 3424 (D.
2031 3346 2088 3420 4,
2122 3346 2178 3416 2,
2210 3336 2409 3427 7pr.),

385 3429 457 3487 de
493 3433 747 3505 patrono
787 3449 857 3489 ex
894 3450 1073 3492 causa
1109 3433 1340 3493 famosa
1376 3453 1412 3493 a
1448 3434 1665 3493 liberto
1694 3434 1757 3491 in
1783 3435 1879 3492 ius
1907 3434 2172 3493 vocando
2211 3425 2314 3515 (D.
2349 3438 2405 3509 2,

384 3520 441 3593 4,
478 3520 574 3594 10,
608 3512 743 3596 12),
801 3520 872 3578 de
929 3540 1099 3582 servo
1155 3524 1422 3582 mulieris
1475 3524 1579 3601 qui
1623 3524 1787 3583 iussu
1835 3521 2106 3581 dominae
2154 3522 2408 3584 divortii
