2575 3900
323 127 457 193 200
498 128 591 183 IV.
619 128 1054 183 VESPASIANI
1079 126 1225 182 '1'1'1'1
1252 127 1644 183 DOMITIANI
1669 127 1884 185 ΤΕΜΡ.
1915 128 2108 185 IURIS
2139 128 2341 185 CONS.

323 298 454 357 iure
492 300 755 371 utamur,
799 314 916 373 quo
952 296 1183 355 utimur
1217 296 1281 355 in
1317 294 1649 357 hereditate
1686 297 1905 357 civium
1940 298 2344 357 Romanorum

325 377 767 444 libertinorum'
814 375 975 465 (Gai.
1013 387 1070 459 3,
1102 376 1232 467 64).
1323 385 1631 460 respondit
1676 384 1748 445 de
1794 388 1867 445 iis
1914 386 2016 464 qui
2061 389 2348 464 quaestus

325 491 511 533 causa
544 474 609 531 in
646 473 971 533 certamina
1008 473 1379 533 descendunt
1415 470 1518 553 (D.
1550 476 1608 551 3,
1641 476 1696 552 2,
1729 477 1784 551 2,
1816 468 1914 553 5);
1952 474 2025 535 de
2053 476 2342 553 magistro

322 562 520 639 navis,
579 563 681 639 qui
733 564 1009 622 mutuam
1067 562 1378 638 pecuniam
1437 562 1759 637 sumpserit
1804 556 1903 643 (D.
1941 566 2126 640 14,1,
2161 568 2216 641 1,
2247 555 2346 646 8);

328 651 402 709 de
467 650 848 727 statuliber-o,
912 650 1006 710 cui
1068 651 1372 725 peculium
1437 651 1706 728 legatum
1771 651 1853 710 sit
1905 654 2116 728 cuique
2170 653 2346 713 heres

322 740 567 799 interim
603 738 853 800 credidit
890 732 992 820 (D.
1025 741 1126 813 33,
1159 742 1215 813 8,
1249 731 1447 821 8pr.);
1497 740 1570 799 de
1607 739 1888 801 libertate
1925 759 2096 801 servo
2133 742 2345 803 relicta

324 831 387 887 et
423 826 641 889 herede
678 830 911 903 rogat0,
958 822 1053 887 ‘ut
1088 846 1223 887 eum
1263 827 1584 889 artificium
1622 827 1849 905 doceat,
1885 830 2045 891 unde
2084 848 2148 889 se
2185 829 2346 891 tueri

325 912 539 993 possit-,⁹
587 908 688 999 (D.
720 918 821 989 32,
855 909 992 995 12’);
1050 918 1125 975 116
1179 934 1247 975 60
1305 916 1410 992 qui
1465 935 1640 976 onere
1697 920 1946 980 onustus
2001 918 2090 977 ita
2139 919 2346 994 lapsus

326 1009 435 1083 est,
480 1008 554 1065 ut
600 1024 840 1065 servum
886 1005 1148 1065 alienum
1191 1024 1367 1065 onere
1404 1006 1692 1081 presserit
1729 998 1830 1088 (D.
1863 1008 1919 1082 9,
1950 1009 2008 1081 2,
2041 1009 2095 1078 ’7,
2129 1000 2224 1087 2);
2269 1007 2346 1067 de

323 1095 549 1155 furioso
628 1095 730 1170 qui
793 1094 1076 1163 damnum
1141 1093 1372 1156 dederit
1437 1087 1537 1175 (D.
1581 1096 1637 1168 9,
1680 1097 1734 1165 2,
1778 1096 1834 1170 5,
1873 1086 1968 1175 2);
2043 1095 2117 1154 de
2181 1095 2345 1155 fidei·

323 1184 653 1243 commissis
711 1201 1031 1258 eorumque
1078 1183 1376 1241 fructibus
1422 1183 1799 1258 praestandis
1846 1174 1948 1263 (D.
1980 1185 2082 1261 31,
2114 1186 2216 1259 43,
2245 1179 2345 1264 2);

324 1271 395 1330 de
452 1290 521 1331 eo
579 1290 616 1331 a
662 1290 779 1347 quo
825 1290 921 1331 res
966 1271 1258 1333 vindicari
1303 1271 1496 1346 possit
1539 1263 1640 1353 (D.
1673 1274 1730 1349 6,
1765 1276 1820 1348 1,
1853 1264 1950 1352 9),
2007 1272 2078 1331 116
2127 1292 2196 1333 60
2243 1273 2348 1348 qui

323 1360 435 1419 tibi
473 1364 712 1421 centum
751 1360 1153 1436 spoponderit,
1192 1360 1245 1419 si
1280 1360 1543 1419 iurasses
1572 1366 1633 1420 te
1660 1380 1876 1420 nomen
1914 1361 2040 1419 eius
2078 1362 2348 1422 laturum

326 1441 428 1527 (D.
460 1451 561 1525 39,
594 1452 651 1523 5,
687 1450 784 1522 19,
816 1441 909 1530 6),
957 1448 1028 1508 de
1076 1448 1329 1524 arbitro,
1376 1448 1479 1525 qui
1522 1448 1859 1526 litigatores
1905 1468 2024 1509 non
2068 1449 2133 1508 in
2176 1451 2348 1524 urbe,

326 1536 431 1597 sed
474 1537 537 1595 in
581 1537 712 1595 1060
759 1538 916 1597 circa
959 1536 1170 1597 urbem
1216 1537 1423 1597 adesse
1469 1537 1712 1597 iusserit
1757 1530 1862 1615 (D.
1890 1539 1950 1615 4,
1980 1540 2038 1614 8,
2069 1540 2172 1614 21,
2213 1537 2346 1617 10).

503 1624 654 1685 Cum
683 1625 950 1701 Pegasus
980 1644 1157 1701 saepe
1184 1644 1321 1685 cum
1351 1625 1488 1685 aliis
1516 1626 1956 1687 iurisconsultis
1986 1627 2348 1689 coniunctim

324 1714 623 1790 laudetur,
652 1713 943 1790 Ulpianus
971 1715 1155 1773 semel
1183 1717 1237 1774 ei
1264 1714 1526 1789 priorem
1555 1715 1752 1775 locum
1779 1715 2060 1779 attribuit
2087 1735 2348 1792 eumque

328 1806 469 1862 ante
514 1803 779 1863 Nervam
822 1802 1013 1863 filium
1059 1796 1228 1881 (Ulp.
1258 1803 1394 1877 Dig.
1427 1804 1484 1875 3,
1516 1804 1574 1881 2,
1607 1805 1662 1877 2,
1693 1801 1779 1881 5).

503 1890 653 1952 Cum
726 1896 965 1969 praeter
1028 1910 1127 1952 eas
1194 1891 1550 1968 sententias,
1615 1910 1764 1970 quae
1828 1892 2052 1954 diserte
2112 1892 2351 1971 Pegaso

326 1981 695 2056 tribuuntur,
744 1982 892 2041 alias
940 2000 1173 2059 quoque
1222 1983 1284 2040 et
1328 1980 1594 2058 generali
1638 1982 1874 2040 nomine
1920 1981 2183 2059 insignes
2221 1982 2352 2042 eius

329 2088 458 2130 esse
536 2072 766 2130 certum
841 2071 943 2143 sit,
1017 2071 1080 2136 in
1153 2069 1370 2148 quibus
1439 2069 1795 2147 fragmentis
1859 2070 2351 2130 Proculianorum

331 2158 663 2218 sententiae
710 2160 1052 2232 laudantur,
1099 2177 1305 2219 eorum
1342 2158 1630 2234 pleraque
1665 2157 1742 2216 ad
1780 2159 2078 2234 Pegasum
2115 2178 2352 2235 quoque

326 2247 643 2312 referenda
688 2267 817 2307 esse
854 2248 1039 2307 Lenel
1079 2248 1143 2307 P.
1173 2247 1235 2306 II
1280 2248 1388 2306 601.
1422 2249 1456 2306 9
1507 2267 1563 2304 11.
1598 2248 1630 2304 1
1681 2246 2001 2306 existimat.
2073 2247 2176 2307 sed
2213 2266 2352 2307 cum

330 2336 708 2398 8651016006
736 2338 832 2397 vel
879 2337 1265 2396 Proculianos
1318 2335 1423 2412 qui
1466 2337 1758 2394 vocantur
1802 2354 1920 2394 non
1965 2336 2029 2394 111
2075 2337 2353 2396 omnibus

328 2425 507 2484 rebus
535 2427 632 2484 vel
662 2425 950 2484 Sabinum
978 2426 1075 2486 vel
1103 2424 1428 2485 Proculum
1461 2426 1696 2484 secutos
1727 2441 1855 2482 esse
1887 2428 2352 2486 consentaneum

330 2513 411 2573 sit
452 2533 560 2598 nec
605 2514 764 2591 quod
810 2515 905 2574 vel
943 2513 1316 2573 Proculianis
1355 2513 1592 2587 placere
1631 2511 1895 2572 traditur
1928 2514 2024 2572 161
2061 2512 2222 2590 quod
2262 2513 2351 2572 di.-

328 2621 538 2664 versae
577 2604 814 2664 scholae
845 2597 1117 2662 auctores
1147 2600 1489 2661 existimare
1521 2600 1705 2660 Gaius
1736 2600 1926 2676 docet,
1953 2601 2113 2661 idem
2141 2602 2356 2666 statim

329 2694 391 2752 et
419 2693 651 2768 Pegaso
680 2711 890 2760 verum
918 2690 1110 2752 videri
1147 2689 1436 2764 debuerit,
1476 2708 1546 2749 ea
1582 2692 1821 2748 tantum
1859 2707 1994 2749 611111
2022 2689 2351 2766 probabili-

328 2784 453 2843 tate
492 2781 569 2851 ad
596 2781 893 2856 Pegasum
921 2781 1281 2853 referuntur,
1322 2797 1472 2856 quae
1499 2796 1616 2837 non
1646 2777 1968 2837 Proculum
1997 2779 2208 2858 solum,
2248 2779 2352 2840 sed

328 2871 557 2928 ceteros
604 2886 842 2946 quoque
890 2868 1156 2930 eiusdem
1196 2869 1430 2928 scholae
1467 2870 1740 2926 auctores
1777 2869 1992 2942 putare
2033 2865 2217 2926 Gaius
2255 2869 2353 2928 161

328 2955 659 3016 Venuleius
697 2957 964 3034 tradunt,
999 2956 1063 3013 id
1100 2956 1258 3034 quod
1299 2959 1354 3033 2,
1386 2958 1485 3032 15,
1517 2956 1660 3015 195.
1699 2955 1769 3016 D.
1793 2956 1895 3029 45,
1922 2959 1974 3029 1,
2003 2957 2225 3032 138pr.
2262 2956 2352 3016 fit.

495 3160 542 3220 I.
610 3159 1271 3220 Senatusconsulta
1318 3160 1590 3236 Pegaso
1638 3159 1933 3218 consule
1979 3159 2191 3218 facta.

750 3287 805 3344 1.
861 3279 961 3344 De
1005 3279 1139 3344 iure
1185 3279 1611 3362 adipiscendae
1656 3279 1936 3343 civitatis

510 3394 648 3459 Gai.
674 3396 730 3475 1,
751 3395 855 3460 31.
882 3433 969 3442 —
998 3445 1011 3460 .
1045 3446 1056 3459 .
1087 3395 1187 3460 ius
1223 3393 1672 3476 adipiscendae
1710 3393 1990 3458 civitatis
2020 3392 2357 3462 Romanae

332 3483 589 3551 etiamsi
645 3484 769 3556 soli
826 3485 1108 3550 minores
1164 3484 1438 3568 triginta
1493 3503 1807 3547 annorum
1863 3482 2242 3548 manumiss-i
2289 3487 2358 3553 et
