2575 3900
370 225 501 288 510
1096 223 1654 281 ADDITAMENTA.

368 393 581 453 torem
626 388 765 452 dari
810 389 879 452 in
925 388 1339 472 adoptionem
1385 393 1620 472 potest.
1707 390 1896 476 idque
1945 391 2037 455 ait
2080 388 2198 477 (sc.
2245 389 2398 456 Ma-

370 477 581 542 surius
622 473 930 578 Sabinus)
976 478 1318 563 plerosque
1363 479 1520 543 iuris
1568 479 1802 544 veteris
1849 485 2145 545 auctores
2191 501 2396 564 posse

368 565 507 630 fieri
554 565 903 649 scripsisse.

534 677 965 755 Fragmentum
1009 677 1129 737 iam
1166 695 1350 754 supra
1393 677 1454 736 11
1486 681 1517 736 1
1559 699 1615 755 p.
1651 680 1774 738 581
1815 679 2192 738 referendum
2233 684 2389 741 erat.

958 857 1058 924 De
1101 860 1398 941 emptione
1438 860 1794 924 venditione.

541 983 644 1047 20.
689 981 769 1047 D.
810 984 909 1066 19,
958 985 1013 1066 1,
1063 983 1163 1047 19.
1210 983 1412 1047 Gaius
1459 983 1542 1046 ad
1587 983 1865 1048 edictum
1911 984 2247 1067 praetoris.
2299 1020 2381 1031 —-

362 1070 631 1137 Veteres
668 1072 737 1135 in
781 1073 1104 1154 emptione
1142 1072 1636 1156 venditioneque
1666 1072 2206 1156 appellationibus
2236 1096 2388 1156 pro-

366 1162 606 1225 miscue
651 1161 1017 1225 utebantur.

541 1250 643 1312 21.
698 1248 777 1313 D.
834 1250 901 1329 2,
963 1249 1073 1331 14,
1129 1248 1233 1314 39.
1296 1247 1476 1314 Idem
1541 1247 1654 1334 (sc.
1719 1245 2142 1336 Papinianus)
2206 1250 2380 1315 libro

361 1337 585 1421 quinto
616 1337 1095 1413 Quaestionum.
1130 1373 1205 1384 —
1238 1337 1585 1403 Veteribus
1624 1339 1834 1422 placet
1870 1339 2232 1422 pactionem
2263 1339 2384 1404 ob-

362 1447 614 1491 scuram
661 1427 763 1491 vel
811 1425 1177 1509 ambiguam
1223 1426 1541 1491 venditori
1590 1433 1656 1490 et
1700 1427 1808 1512 qui
1856 1427 2092 1492 locavit
2128 1449 2382 1513 nocere,

359 1514 429 1578 in
477 1536 746 1598 quorum
802 1515 927 1579 fuit
980 1518 1302 1598 potestate
1357 1516 1576 1601 legum
1634 1515 1916 1601 apertius
1962 1516 2381 1582 conscribere.

538 1605 643 1668 22.
690 1602 834 1668 Vat.
881 1605 959 1668 fr.
1010 1606 1044 1668 1
1095 1601 1398 1688 (Paul.?).
1452 1641 1527 1651 —
1582 1603 1750 1686 <Qui
1797 1627 1836 1669 a
1879 1603 2191 1688 muliere>
2238 1607 2378 1669 sine

359 1693 595 1757 tutoris
653 1691 1033 1758 auctoritate
1083 1693 1292 1757 sciens
1339 1714 1476 1757 rem
1524 1692 1806 1777 mancipi
1851 1694 2010 1757 emit
2054 1693 2158 1758 vel
2204 1692 2375 1758 falso

357 1784 570 1845 tutore
618 1785 876 1845 auctore
924 1801 1113 1864 quem
1160 1781 1306 1845 sciit
1351 1803 1482 1846 non
1530 1802 1688 1866 esse,
1732 1803 1861 1846 non
1911 1781 2166 1846 videtur
2199 1781 2379 1846 bona

358 1868 481 1933 fide
529 1870 793 1956 emisse3
840 1870 1057 1955 itaque
1106 1873 1170 1933 et
1218 1874 1464 1934 veteres
1509 1874 1762 1955 putant.

535 1957 640 2023 23.
705 1957 869 2023 Gell.
903 1960 963 2037 4,
1002 1958 1062 2043 2,
1100 1959 1159 2023 2.
1208 1996 1294 2007 -
1339 2009 1356 2024 .
1395 2009 1409 2024 .
1447 1960 1861 2045 quaesierunt
1913 1960 2048 2024 iure
2093 1960 2378 2025 consulti

355 2051 630 2130 vetereS,
698 2048 850 2131 quid
907 2048 1296 2131 mancipium
1353 2050 1725 2113 morbosum
1781 2048 2011 2133 quidve
2067 2049 2374 2114 vitiosum

353 2140 524 2201 recte
572 2135 903 2201 diceretur.

532 2239 605 2299 cs.
650 2237 682 2296 I
725 2260 781 2315 p.
832 2240 975 2300 200.

530 2340 636 2405 24.
691 2339 849 2404 Gell.
894 2341 955 2422 4,
1010 2341 1069 2424 2,
1131 2340 1229 2405 13.
1291 2377 1367 2389 —
1435 2338 1587 2407 Non
1650 2339 2185 2424 praetereundum
2252 2345 2371 2424 est,

350 2428 527 2494 id..
557 2478 572 2494 .
616 2428 686 2492 in
714 2428 898 2492 libris
938 2434 1227 2493 veterum
1266 2430 1425 2493 iuris
1463 2429 1819 2531 peritorum
1858 2430 2168 2513 scriptum
2209 2450 2371 2508 esse,

350 2478 647 2583 morbum
714 2522 778 2581 et
842 2518 1067 2582 vitium
1124 2517 1390 2602 distare,
1455 2518 1625 2603 quod
1683 2517 1912 2582 vitium
1967 2522 2369 2660 perpetuum,

350 2608 611 2673 morbus
660 2627 801 2670 cum
852 2627 1110 2671 accessu
1156 2608 1544 2691 decessuque
1592 2607 1692 2671 sit.

526 2696 627 2762 25.
677 2695 752 2760 D.
804 2693 903 2778 18,
955 2696 1010 2777 1,
1060 2696 1095 2758 7
1145 2717 1236 2778 pr.
1283 2694 1599 2779 Ulpianus
1645 2695 1811 2760 libro
1857 2694 2209 2760 vicensimo
2260 2716 2364 2759 oc·

349 2789 500 2849 tavo
550 2785 630 2849 ad
677 2783 1008 2849 Sabinum.
1058 2820 1133 2829 —
1186 2782 1363 2854 Haec
1410 2784 1693 2849 venditio
1733 2784 1901 2849 servi
1951 2783 2030 2849 si
2076 2783 2366 2847 rationes

350 2873 593 2938 domini
667 2875 1107 2956 computasset
1190 2871 1482 2937 arbitrio’
1556 2872 2016 2939 condicionalis
2091 2875 2191 2936 est
2259 2921 2272 2935 .
2304 2924 2318 2935 .
2349 2925 2362 2937 .

348 2962 593 3046 placuit
652 3011 666 3025 .
705 3015 716 3026 .
764 2961 1085 3026 veteribus
1143 2961 1350 3044 magis
1407 2962 1472 3024 in
1527 2962 1648 3025 viri
1709 2961 1862 3026 boni
1911 2960 2250 3026 arbitrium
2297 2960 2366 3024 id

348 3050 656 3115 collatum
703 3050 902 3113 videri
948 3072 1138 3133 quam
1184 3051 1251 3113 in
1303 3050 1562 3115 domini.

524 3139 625 3203 26.
692 3138 768 3202 D.
829 3137 930 3221 19,
983 3142 1035 3223 1,
1082 3139 1183 3203 39.
1249 3137 1651 3203 Modestinus
1710 3138 1878 3203 libro
1946 3137 2170 3223 quinto
2237 3135 2365 3201 Re—

348 3248 748 3311 sponsorum.
787 3263 870 3273 —
909 3276 925 3292 .
954 3276 969 3293 .
1000 3277 1012 3291 .
1052 3249 1196 3292 cum
1224 3227 1348 3291 hoe
1377 3230 1442 3291 et
1478 3227 1647 3311 apud
1674 3230 1923 3291 veteres
1963 3226 2051 3291 sit
2084 3227 2362 3291 relatum

345 3317 415 3380 in
462 3316 597 3379 eius
640 3336 935 3400 persona,
984 3316 1093 3399 qui
1138 3316 1231 3380 sic
1269 3321 1631 3399 exceperat:
1678 3315 2045 3380 ‘servitutes
2084 3314 2140 3379 si
2196 3336 2362 3399 quae

344 3404 684 3489 debentur,
739 3403 1196 3488 debebuntur’;
1254 3405 1490 3469 etenim
1538 3406 1697 3470 iuris
1754 3407 2045 3469 auctores
2091 3424 2358 3486 respon-

346 3494 597 3575 derunt,
664 3494 718 3558 si
767 3498 978 3557 certus
1025 3494 1318 3558 venditor
1373 3494 1759 3577 quibusdam
1805 3493 2096 3577 personis
2144 3497 2354 3556 certas

412 3582 684 3648 rvitutes
716 3581 942 3645 debere
971 3603 1101 3646 non
1130 3582 1565 3646 admonuisset
1601 3587 1977 3666 emptorem,
2024 3602 2101 3645 ex
2137 3585 2357 3665 empto
