2575 3900
369 164 535 253 ⁸486
605 189 671 242 v.
707 187 1012 242 NERVAE
1047 188 1142 241 ET
1179 187 1487 242 mmmm
1521 186 1733 242 TEMP.
1770 186 1962 242 mms
2001 185 2397 242 CONSULTI

401 352 643 434 colebat,
673 350 886 434 pluris
921 356 1125 416 tamen
1161 351 1369 416 locavi.
1450 371 1693 434 quaem,
1737 370 1825 415 an
1858 349 1969 415 hoc
2002 351 2216 432 ipsum
2243 371 2459 433 prae-

399 446 566 506 stare
607 440 866 505 debeam.

577 527 943 613 Respondit:
1007 529 1077 592 in
1120 527 1473 593 huiusmodi
1515 528 1981 610 obliqationibus
2034 528 2107 592 id
2150 530 2453 592 maxim

400 621 666 699 spectare
715 617 1016 699 debemus,
1071 618 1236 698 quod
1275 618 1436 681 inter
1478 622 1801 698 utramque
1831 621 2082 698 partem
2124 618 2445 683 convenit.

399 706 640 770 videtur
700 711 906 771 autem
969 706 1038 768 in
1093 705 1212 770 hac
1261 706 1453 787 specie
1503 707 1574 770 id
1619 705 1862 770 silentio
1912 707 2302 790 convenisse,
2370 727 2450 770 ne

400 795 554 876 quid
585 799 1021 876 praestaretur,
1065 794 1124 860 si
1167 794 1468 876 ampliore
1497 795 1767 876 pecunia
1807 794 2043 874 fundus
2076 799 2235 858 esset
2276 796 2445 859 loea-

401 881 556 966 tus[,
608 884 679 948 id
727 888 816 948 est
865 887 938 948 ut
986 883 1131 948 haec
1183 884 1491 968 conventio
1541 903 1655 965 pro
1702 883 1959 948 locatore
2001 885 2445 948 tantummodo

399 971 915 1055 interponeretur]
919 1021 932 1036 .

577 1083 778 1142 Eisele
825 1082 885 1143 Z.
933 1082 989 1143 d.
1037 1081 1289 1142 Sam—St.
1337 1082 1422 1142 XI
1464 1104 1523 1159 p.
1557 1086 1613 1142 9.

578 1193 679 1256 64.
716 1190 793 1258 D.
816 1192 914 1274 19,
930 1191 1108 1274 251,
1127 1195 1182 1258 1.
1244 1192 1588 1257 Iavolenus
1612 1193 1776 1257 libro
1795 1193 2134 1258 undecimo
2156 1191 2439 1276 Epistu-

399 1281 622 1344 larum.
689 1317 766 1328 —
833 1281 1063 1346 Locavi
1123 1302 1274 1364 opus
1331 1282 1685 1360 faciendum
1748 1283 1865 1361 ita,
1937 1286 2012 1347 ut
2058 1302 2186 1363 pro
2250 1303 2439 1364 opere

397 1371 763 1452 redemptori
833 1375 1060 1434 certam
1129 1372 1455 1435 mercedem
1515 1373 1587 1434 in
1648 1371 1777 1434 dies
1838 1370 2112 1453 sinyulos
2174 1371 2433 1447 darem,·

399 1477 550 1540 opus
601 1460 884 1523 vitiosum
934 1460 1170 1539 sactum
1224 1463 1322 1524 est.
1410 1480 1497 1524 an
1549 1479 1625 1523 ex
1680 1459 1870 1524 locato
1921 1479 2097 1542 ayere
2131 1460 2429 1540 possim?

575 1546 940 1629 Respondit:
985 1549 1043 1612 si
1087 1549 1178 1612 ita
1221 1568 1373 1629 opus
1408 1546 1635 1626 locasti,
1680 1553 1752 1612 ut
1783 1548 2023 1614 bonitas
2056 1548 2191 1612 eius
2228 1549 2353 1613 tibi
2384 1570 2429 1612 a

399 1637 751 1701 conductore
793 1636 1250 1719 adprobaretur,
1299 1638 1538 1702 tametsi
1581 1638 1869 1716 convenit,
1914 1641 1986 1700 ut
2026 1637 2095 1700 in
2133 1637 2429 1718 sinyulas

399 1745 615 1805 operas
657 1729 819 1789 certa
853 1726 1120 1805 pecunia
1161 1727 1429 1806 daretur,
1464 1727 1781 1807 praestari
1816 1731 2019 1790 tamen
2056 1725 2167 1790 tibi
2204 1747 2247 1790 a
2282 1747 2427 1790 eon-

399 1814 642 1878 ductore
684 1813 861 1895 debet,
905 1815 964 1876 si
998 1815 1067 1878 id
1099 1834 1250 1896 opus
1293 1815 1579 1879 vitiosum
1618 1814 1857 1895 factum
1898 1819 2002 1880 est.
2082 1834 2211 1879 non
2254 1817 2427 1878 enim

399 1902 726 1984 quicquam
771 1903 1030 1987 interest,
1074 1906 1287 1968 utrum
1331 1923 1453 1968 uno
1487 1904 1691 1987 pretio
1726 1923 1879 1986 opus
1911 1924 1997 1967 an
2032 1904 2103 1967 in
2136 1904 2428 1986 sinyulas

401 2010 615 2073 operas
658 1991 1001 2074 collocatur,
1041 1993 1100 2056 si
1143 1993 1320 2057 modo
1356 1994 1725 2058 universitas
1760 1994 2305 2059 consummationis
2342 1994 2427 2057 ad

401 2080 820 2144 conductorem
861 2081 1178 2161 pertinuit.
1259 2083 1483 2163 poterit
1539 2083 1741 2163 itaque
1796 2102 1869 2147 ex
1924 2082 2113 2146 locato
2166 2102 2311 2146 cum
2360 2103 2423 2146 eo

400 2169 530 2251 aqi,
592 2169 702 2250 qui
763 2169 1050 2233 vitiosum
1103 2190 1254 2251 opus
1302 2169 1516 2250 fecerit
1565 2169 1731 2254 [nisi
1780 2172 1839 2235 si
1892 2172 2023 2235 ideo
2076 2171 2149 2233 in
2204 2191 2425 2252 operas

400 2258 681 2339 sinyulas
731 2277 952 2322 merces
1005 2259 1330 2323 constituta
1382 2260 1524 2337 erit,
1576 2264 1650 2323 ut
1688 2260 1944 2324 arbitrio
1989 2260 2228 2324 domini
2271 2280 2423 2341 opus

401 2346 767 2426 efficerem&
823 2351 954 2410 tum
1007 2348 1172 2411 enim
1221 2347 1387 2411 nihil
1438 2348 1757 2413 conductor
1799 2353 2121 2430 praestare
2170 2348 2421 2413 domino

402 2437 474 2499 de
519 2434 780 2499 bonitate
825 2437 1023 2517 operis
1065 2435 1357 2519 videturJ.

576 2546 776 2607 Eisele
824 2547 885 2606 Z.
932 2547 988 2606 d.
1034 2546 1286 2607 Sam-St.
1334 2547 1388 2605 X
1433 2568 1490 2624 p.
1522 2551 1665 2607 312.

974 2719 1072 2784 De
1115 2720 1431 2785 verborum
1474 2720 1853 2803 obligatione.

579 2835 681 2901 65.
727 2833 808 2899 D.
827 2835 932 2918 46,
965 2835 1022 2919 1,
1051 2836 1155 2899 44.
1217 2834 1561 2900 Iavolenus
1590 2836 1757 2900 libro
1786 2835 2125 2900 undecimo
2153 2834 2415 2919 Epistu-

402 2924 628 2987 larum.
672 2960 760 2969 —
806 2922 1154 3005 Stipulatus
1207 2944 1268 2989 es
1318 2944 1469 3007 opus
1511 2924 1818 2989 arbitratu
1862 2930 1964 2989 tuo
2008 2929 2149 2989 ante
2192 2930 2415 2989 certam

399 3012 562 3076 diem
595 3012 749 3095 fieri,
794 3014 956 3093 quod
985 3013 1045 3076 si
1078 3012 1353 3091 effectum
1390 3034 1515 3077 non
1550 3018 1709 3095 esset,
1754 3016 1972 3095 quanti
2006 3018 2078 3077 ut
2110 3012 2415 3094 efficiatur

402 3119 554 3182 opus
618 3100 895 3184 locasses,
969 3103 1127 3165 tanti
1186 3102 1569 3181 fideiussores
1630 3103 1837 3185 cepisti
1843 3122 1866 3180 ;
1937 3106 1997 3166 et
2054 3103 2204 3183 quia
2265 3122 2413 3184 opus

399 3188 677 3267 effectum
720 3209 847 3252 non
891 3193 1037 3270 erat,
1084 3190 1200 3254 alii
1234 3189 1446 3255 locasti
1480 3195 1551 3272 et,
1595 3211 1732 3255 cum
1758 3192 2060 3272 posterior
2095 3191 2413 3255 conductor

400 3278 556 3341 satis
601 3298 727 3342 non
770 3278 969 3356 daret,
1013 3280 1142 3359 ipse
1185 3299 1338 3359 opus
1379 3278 1591 3359 fecisti.
1670 3299 1917 3361 quaero,
1967 3300 2055 3343 an
2096 3280 2411 3359 fideiussor

404 3370 693 3430 teneatur.

582 3452 950 3533 Respondit:
994 3454 1325 3518 secundum
1367 3474 1438 3517 ea
1482 3454 1662 3517 verba
1701 3455 2142 3540 stipulationis,
2185 3476 2335 3536 quae
2365 3478 2408 3519 a

403 3545 458 3603 te
503 3542 819 3624 proposita
871 3546 1041 3621 sunt,
1092 3540 1473 3619 fideiussores
1524 3561 1649 3605 non
1703 3546 1994 3607 tenentur.
2084 3564 2208 3607 non
2252 3544 2407 3607 enim
