2575 3900
356 182 488 246 320
558 182 625 238 V.
664 180 961 236 NERVAE
998 183 1095 238 ΕΤ
1130 181 1436 238 TRAIANI
1471 181 1688 238 ΤΕΜΡ.
1724 180 1915 238 IURIS
1953 180 2315 238 CONSULTI

359 347 647 412 actiones
714 348 933 410 autem
998 366 1107 410 eas
1172 367 1301 410 non
1369 345 1578 410 solum
1643 344 1938 427 arbitrio,
2004 345 2112 409 sed
2179 346 2379 410 etiam

357 435 642 520 periculo
700 438 812 499 tuo
868 432 994 498 tibi
1046 440 1375 519 praestare
1430 434 1674 499 debebo
1683 484 1703 520 ,
1757 437 1832 498 ut
1884 455 2072 498 omne
2129 434 2377 500 lucrum

357 545 432 589 ac
479 523 882 608 dispendium
928 526 993 587 te
1040 527 1363 608 sequatur.

533 612 645 678 21.
692 610 769 677 D.
797 611 951 677 ibid.
978 612 1019 692 ἓ
1053 613 1105 677 1.
1154 647 1237 658 -
1284 611 1376 676 Et
1419 633 1555 677 non
1602 611 1811 677 solum
1860 611 2032 697 quod
2078 610 2218 696 ipse
2262 635 2379 696 per

356 723 503 766 eum
550 699 826 785 adquisii
869 704 1198 784 praestare
1243 700 1464 784 debeo,
1510 700 1620 765 sed
1668 704 1733 765 et
1778 699 1863 784 id,
1908 699 2083 784 quod
2124 705 2377 785 emptor

354 791 486 854 iam
531 796 684 855 tunc
731 788 857 854 sibi
901 788 1145 854 tradito
1193 810 1378 854 servo
1426 789 1866 874 adquisiturus
1911 787 2158 854 fuisset.

534 878 637 944 22.
683 877 763 942 D.
783 878 1078 958 ibid.§2.
1126 913 1210 924 -—·
1254 876 1540 962 Uterque
1585 881 1882 942 nostrum
1929 877 2194 944 eandem
2239 901 2377 943 rem

355 968 513 1032 emit
558 990 597 1032 a
641 988 773 1031 non
809 966 1092 1051 domino,
1136 988 1280 1031 cum
1322 967 1566 1053 emptio
1603 966 2014 1051 venditioque
2053 967 2189 1031 sine
2229 967 2376 1032 dolo

356 1057 528 1122 malo
581 1056 793 1138 fieret,
847 1055 1211 1139 traditaque
1265 1054 1607 1140 (utrique)
1660 1058 1786 1119 est:
1843 1055 1976 1120 sive
2023 1056 2106 1120 ab
2153 1056 2378 1121 eodem

355 1145 627 1210 emimus
686 1144 822 1208 sive
877 1144 959 1209 ab
1014 1144 1143 1209 alio
1193 1151 1386 1228 atque
1433 1145 1587 1229 alie,
1641 1144 1696 1208 is
1743 1165 1822 1208 ex
1864 1144 2055 1209 nobis
2100 1145 2376 1210 tuendus

356 1239 471 1318 est,
518 1235 629 1318 qui
672 1232 853 1317 prior
896 1231 1103 1298 iuste²
1144 1232 1569 1317 adprehendit
1603 1231 1756 1318 [hoc
1794 1236 1909 1314 est,
1955 1232 2062 1299 cui
2097 1234 2377 1316 primum

356 1322 601 1387 tradita
655 1321 800 1405 est].
894 1322 950 1386 si
1005 1321 1172 1386 alter
1218 1343 1295 1386 ex
1342 1322 1531 1387 nobis
1580 1344 1618 1386 a
1665 1321 1927 1387 domino
1974 1322 2264 1405 emisset,
2320 1324 2377 1387 is

356 1410 726 1476 omnimodo
773 1410 1049 1475 tuendus
1098 1413 1216 1475 est.

531 1504 730 1564 Eisele
776 1503 838 1563 Z.
866 1504 923 1564 d.
952 1503 1218 1564 Sava-St.
1246 1504 1360 1581 XI,
1390 1506 1447 1564 8.

532 1606 637 1670 24.
701 1604 779 1670 D.
808 1607 869 1690 2,
902 1606 1003 1691 14,
1029 1606 1131 1671 58.
1224 1604 1528 1671 Neratius
1584 1605 1752 1670 libro
1809 1605 2003 1671 tertio
2057 1604 2376 1672 Membra-

353 1716 599 1760 narum.
668 1730 750 1740 —
817 1694 923 1759 Ab
988 1694 1316 1780 emptione
1380 1693 1781 1779 venditione,
1842 1694 2164 1760 locatione
2229 1717 2375 1761 con-

355 1783 654 1848 ductione
716 1783 1072 1868 ceterisque
1128 1783 1448 1848 similibus
1505 1783 2013 1867 obligationibus
2069 1784 2224 1868 quin
2277 1785 2375 1849 in·

354 1872 554 1958 tegris
601 1871 899 1936 omnibus
947 1893 1260 1937 consensu
1308 1894 1556 1957 eorum,
1612 1872 1722 1957 qui
1766 1871 1938 1936 inter
1983 1892 2051 1936 se
2098 1872 2376 1959 obligati

356 1961 515 2045 sint,
578 1960 788 2026 recedi
853 1962 1087 2046 possit,
1151 1960 1419 2026 dubium
1482 1983 1616 2026 non
1677 1965 1792 2027 est.
1892 1961 2188 2027 Aristoni
2251 1962 2377 2027 hoc

356 2050 631 2133 amplius
678 2049 1035 2127 videbatur,
1080 2050 1136 2113 si
1185 2071 1277 2133 ea,
1325 2072 1487 2135 quae
1529 2072 1631 2115 me
1669 2072 1748 2115 ex
1786 2054 2005 2134 empto
2042 2054 2377 2136 praestare

353 2139 478 2203 tibi
534 2142 893 2223 oporteret,
946 2138 1416 2222 praestitissem
1470 2143 1536 2203 et
1580 2160 1724 2204 cum
1769 2144 1843 2204 tu
1889 2138 2051 2204 mihi
2095 2138 2376 2223 pretium

355 2228 618 2293 deberes
629 2278 646 2311 ,
705 2228 1108 2292 convenisset
1163 2227 1323 2291 mihi
1367 2234 1607 2309 tecum,
1662 2232 1735 2291 ut
1777 2248 1998 2291 rursus
2043 2229 2376 2311 praestitis

354 2316 515 2382 mihi
562 2338 601 2380 a
646 2320 710 2381 te
757 2317 827 2380 in
872 2338 940 2381 re
984 2316 1246 2381 vendita
1293 2316 1609 2398 omnibu8,
1655 2337 1818 2400 quae
1865 2337 1986 2400 ego
2034 2315 2157 2381 tibi
2194 2338 2377 2401 prae-

355 2405 691 2490 stitissem,
735 2405 1015 2490 pretium
1058 2404 1219 2471 mihi
1255 2426 1390 2469 non
1424 2404 1610 2469 dares
1647 2410 1844 2490 tuque
1881 2404 2042 2470 mihi
2080 2427 2157 2470 ea
2192 2427 2375 2489 prae-

360 2493 667 2577 stitisseS‚
712 2494 986 2578 pretium
1035 2498 1098 2558 te
1145 2493 1375 2559 debere
1423 2492 1728 2573 desinere,
1774 2493 1927 2577 quia
1964 2493 2169 2558 bonae
2206 2494 2376 2579 fidei,

356 2582 436 2646 ad
497 2604 692 2666 quam
749 2584 966 2647 omnia
1018 2582 1179 2648 haec
1234 2582 1641 2667 rediguntur,
1703 2582 2150 2666 interpretatio
2204 2582 2375 2650 hanc

354 2693 605 2756 quoque
652 2673 1141 2736 conventionem
1180 2671 1486 2736 admittit.
1558 2691 1674 2736 nec
1712 2671 2051 2754 quicquam
2087 2670 2376 2755 interest,

354 2763 570 2823 utrum
643 2760 915 2842 integris
991 2760 1289 2825 omnibus
1363 2761 1433 2824 in
1502 2781 1665 2844 quae
1730 2758 2007 2843 obligati
2071 2782 2376 2841 essemuS,

356 2847 753 2925 conveniret,
809 2852 881 2911 ut
935 2848 1017 2913 ab
1074 2871 1148 2913 eo
1204 2849 1468 2934 negotio
1525 2846 1981 2931 discederetur,
2034 2870 2117 2913 an
2166 2850 2234 2913 in
2281 2850 2378 2913 in-

354 2938 612 3018 tegrum
649 2934 971 3000 restitutis
1010 2936 1128 3020 his,
1176 2958 1340 3021 quae
1378 2957 1498 3022 ego
1535 2936 1658 3002 tibi
1692 2937 2181 3020 praestitissem,
2224 2959 2375 3003 con-

358 3022 769 3106 sentiremus,
832 3046 911 3087 ne
976 2987 1128 3108 quid
1190 3032 1265 3089 tu
1330 3025 1490 3090 mihi
1545 3048 1619 3090 eo
1676 3025 1936 3090 nomine
1989 3030 2374 3109 praestares.

357 3109 516 3174 illud
561 3111 752 3193 plane
799 3112 1240 3197 conventione,
1288 3136 1452 3198 quae
1489 3114 1768 3198 pertinet
1805 3113 1885 3178 ad
1921 3114 2374 3180 resolvendum

356 3196 421 3261 id
468 3197 639 3282 quod
686 3202 899 3264 actum
947 3205 1063 3283 est,
1103 3203 1330 3287 perfici
1369 3226 1501 3270 non
1536 3206 1769 3287 potest,
1813 3206 1886 3266 ut
1922 3206 1997 3267 tu
2034 3203 2259 3288 quod
2239 3225 2379 3269 lam

357 3306 478 3368 ego
524 3286 648 3350 tibi
694 3289 989 3371 praestiti
1036 3295 1261 3358 contra
1306 3296 1640 3377 praestare
1686 3291 1848 3355 mihi
1893 3292 2171 3393 cogaris,
2222 3296 2381 3377 quia

358 3394 433 3437 eo
489 3375 680 3440 modo
736 3398 863 3442 non
917 3382 1049 3443 tam
1102 3380 1226 3447 hoc
1284 3382 1503 3467 agitur
1557 3384 1636 3446 ut
1689 3402 1728 3443 a
1781 3379 2057 3465 pristino
2106 3383 2380 3467 negotio

502 3554 528 3601 1
572 3549 664 3605 1⁴⁷1.
698 3548 785 3605 ius
822 3552 955 3608 eius.
