<?xml version="1.0" encoding="UTF-8"?>
<!DOCTYPE html PUBLIC "-//W3C//DTD XHTML 1.0 Transitional//EN"
    "http://www.w3.org/TR/xhtml1/DTD/xhtml1-transitional.dtd">
<html xmlns="http://www.w3.org/1999/xhtml" xml:lang="en" lang="en">
 <head>
  <title>
</title>
<meta http-equiv="Content-Type" content="text/html;charset=utf-8" />
  <meta name='ocr-system' content='tesseract 3.04.00' />
  <meta name='ocr-capabilities' content='ocr_page ocr_carea ocr_par ocr_line ocrx_word'/>
</head>
<body>
  <div class='ocr_page' id='page_1' title='image "./iurisprudentiae00unkngoog_0492.png"; bbox 0 0 2575 3900; ppageno 0'>
   <div class='ocr_carea' id='block_1_1' title="bbox 351 188 2319 263">
    <p class='ocr_par' dir='ltr' id='par_1_1' title="bbox 351 188 2319 263">
     <span class='ocr_line' id='line_1_1' title="bbox 351 188 2319 263; baseline 0 -20"><span class='ocrx_word' id='word_1_1' title='bbox 351 189 486 263; x_wconf 81' lang='grc'>446</span> <span class='ocrx_word' id='word_1_2' title='bbox 559 189 626 247; x_wconf 85' lang='lat' dir='ltr'>V.</span> <span class='ocrx_word' id='word_1_3' title='bbox 663 188 964 245; x_wconf 80' lang='lat' dir='ltr'><strong>NERVAE</strong></span> <span class='ocrx_word' id='word_1_4' title='bbox 1001 188 1096 245; x_wconf 84' lang='grc' dir='ltr'>ΕΤ</span> <span class='ocrx_word' id='word_1_5' title='bbox 1135 188 1441 246; x_wconf 76' lang='lat' dir='ltr'>TRAIANI</span> <span class='ocrx_word' id='word_1_6' title='bbox 1476 188 1691 247; x_wconf 82' lang='grc' dir='ltr'>ΤΕΜΡ.</span> <span class='ocrx_word' id='word_1_7' title='bbox 1726 190 1923 247; x_wconf 76' lang='lat' dir='ltr'>Imus</span> <span class='ocrx_word' id='word_1_8' title='bbox 1958 188 2319 247; x_wconf 81' lang='lat' dir='ltr'>CONSULTI</span> 
     </span>
    </p>
   </div>
   <div class='ocr_carea' id='block_1_2' title="bbox 1166 392 1565 453">
    <p class='ocr_par' dir='ltr' id='par_1_2' title="bbox 1166 392 1565 453">
     <span class='ocr_line' id='line_1_2' title="bbox 1166 392 1565 453; baseline 0.003 -1"><span class='ocrx_word' id='word_1_9' title='bbox 1166 393 1385 453; x_wconf 88' lang='lat' dir='ltr'>Liber</span> <span class='ocrx_word' id='word_1_10' title='bbox 1431 392 1565 453; x_wconf 87' lang='lat' dir='ltr'>VH.</span> 
     </span>
    </p>
   </div>
   <div class='ocr_carea' id='block_1_3' title="bbox 351 516 2395 1483">
    <p class='ocr_par' dir='ltr' id='par_1_3' title="bbox 351 516 2395 1483">
     <span class='ocr_line' id='line_1_3' title="bbox 529 516 2395 595; baseline 0 -18"><span class='ocrx_word' id='word_1_11' title='bbox 529 517 659 578; x_wconf 81' lang='lat' dir='ltr'>Hoc</span> <span class='ocrx_word' id='word_1_12' title='bbox 719 517 876 579; x_wconf 89' lang='lat' dir='ltr'>libro</span> <span class='ocrx_word' id='word_1_13' title='bbox 939 516 1213 595; x_wconf 82' lang='lat' dir='ltr'>inprimis</span> <span class='ocrx_word' id='word_1_14' title='bbox 1278 518 1354 577; x_wconf 91' lang='lat' dir='ltr'>de</span> <span class='ocrx_word' id='word_1_15' title='bbox 1416 519 1719 595; x_wconf 78' lang='lat' dir='ltr'>emptione</span> <span class='ocrx_word' id='word_1_16' title='bbox 1781 518 2129 579; x_wconf 74' lang='lat' dir='ltr'>venditione</span> <span class='ocrx_word' id='word_1_17' title='bbox 2192 520 2255 577; x_wconf 89' lang='lat' dir='ltr'>et</span> <span class='ocrx_word' id='word_1_18' title='bbox 2310 517 2395 577; x_wconf 87' lang='lat' dir='ltr'>de</span> 
     </span>
     <span class='ocr_line' id='line_1_4' title="bbox 353 606 2393 684; baseline -0.001 -16"><span class='ocrx_word' id='word_1_19' title='bbox 353 606 723 684; x_wconf 86' lang='lat' dir='ltr'>adquirendo</span> <span class='ocrx_word' id='word_1_20' title='bbox 769 624 972 666; x_wconf 88' lang='lat' dir='ltr'>rerum</span> <span class='ocrx_word' id='word_1_21' title='bbox 1018 606 1278 667; x_wconf 89' lang='lat' dir='ltr'>dominio</span> <span class='ocrx_word' id='word_1_22' title='bbox 1329 606 1557 668; x_wconf 85' lang='lat' dir='ltr'>dietum</span> <span class='ocrx_word' id='word_1_23' title='bbox 1600 607 1788 667; x_wconf 83' lang='lat' dir='ltr'>fuisse</span> <span class='ocrx_word' id='word_1_24' title='bbox 1834 608 2023 668; x_wconf 88' lang='lat' dir='ltr'>Lenel</span> <span class='ocrx_word' id='word_1_25' title='bbox 2067 606 2393 667; x_wconf 83' lang='lat' dir='ltr'>existimat.</span> 
     </span>
     <span class='ocr_line' id='line_1_5' title="bbox 352 694 2392 779; baseline -0.001 -22"><span class='ocrx_word' id='word_1_26' title='bbox 352 699 419 757; x_wconf 86' lang='lat' dir='ltr'>at</span> <span class='ocrx_word' id='word_1_27' title='bbox 483 715 620 757; x_wconf 85' lang='lat' dir='ltr'>eum</span> <span class='ocrx_word' id='word_1_28' title='bbox 685 696 838 756; x_wconf 87' lang='lat' dir='ltr'>libro</span> <span class='ocrx_word' id='word_1_29' title='bbox 903 694 1143 754; x_wconf 89' lang='lat' dir='ltr'>demum</span> <span class='ocrx_word' id='word_1_30' title='bbox 1207 694 1297 754; x_wconf 88' lang='lat' dir='ltr'>XI</span> <span class='ocrx_word' id='word_1_31' title='bbox 1360 694 1432 755; x_wconf 84' lang='lat' dir='ltr'>de</span> <span class='ocrx_word' id='word_1_32' title='bbox 1495 695 1597 775; x_wconf 75' lang='lat' dir='ltr'>iia,</span> <span class='ocrx_word' id='word_1_33' title='bbox 1660 714 1812 779; x_wconf 88' lang='lat' dir='ltr'>quae</span> <span class='ocrx_word' id='word_1_34' title='bbox 1875 697 2219 774; x_wconf 75' lang='lat' dir='ltr'>occupando</span> <span class='ocrx_word' id='word_1_35' title='bbox 2282 695 2392 755; x_wconf 89' lang='lat' dir='ltr'>ad·</span> 
     </span>
     <span class='ocr_line' id='line_1_6' title="bbox 353 783 2391 864; baseline -0 -20"><span class='ocrx_word' id='word_1_36' title='bbox 353 785 678 863; x_wconf 86' lang='lat' dir='ltr'>quiruntur</span> <span class='ocrx_word' id='word_1_37' title='bbox 724 803 920 845; x_wconf 83' lang='lat' dir='ltr'>sermo</span> <span class='ocrx_word' id='word_1_38' title='bbox 964 783 1242 843; x_wconf 82' lang='lat' dir='ltr'>videatur</span> <span class='ocrx_word' id='word_1_39' title='bbox 1278 784 1483 864; x_wconf 82' lang='lat' dir='ltr'>fuisse,</span> <span class='ocrx_word' id='word_1_40' title='bbox 1529 789 1592 845; x_wconf 90' lang='lat' dir='ltr'>et</span> <span class='ocrx_word' id='word_1_41' title='bbox 1627 785 1781 846; x_wconf 86' lang='lat' dir='ltr'>libro</span> <span class='ocrx_word' id='word_1_42' title='bbox 1820 784 1941 845; x_wconf 87' lang='lat' dir='ltr'>VII</span> <span class='ocrx_word' id='word_1_43' title='bbox 1975 804 2097 846; x_wconf 89' lang='lat' dir='ltr'>non</span> <span class='ocrx_word' id='word_1_44' title='bbox 2136 801 2391 862; x_wconf 83' lang='lat' dir='ltr'>genera·</span> 
     </span>
     <span class='ocr_line' id='line_1_7' title="bbox 351 872 2388 951; baseline -0.001 -17"><span class='ocrx_word' id='word_1_45' title='bbox 351 873 493 934; x_wconf 86' lang='lat' dir='ltr'>liter</span> <span class='ocrx_word' id='word_1_46' title='bbox 538 874 612 934; x_wconf 88' lang='lat' dir='ltr'>de</span> <span class='ocrx_word' id='word_1_47' title='bbox 659 873 1025 951; x_wconf 85' lang='lat' dir='ltr'>adquirendo</span> <span class='ocrx_word' id='word_1_48' title='bbox 1070 891 1280 935; x_wconf 86' lang='lat' dir='ltr'>rerum</span> <span class='ocrx_word' id='word_1_49' title='bbox 1319 872 1600 951; x_wconf 89' lang='lat' dir='ltr'>dominio,</span> <span class='ocrx_word' id='word_1_50' title='bbox 1646 874 1752 933; x_wconf 85' lang='lat' dir='ltr'>sed</span> <span class='ocrx_word' id='word_1_51' title='bbox 1794 876 2034 934; x_wconf 86' lang='lat' dir='ltr'>tantum</span> <span class='ocrx_word' id='word_1_52' title='bbox 2080 875 2153 935; x_wconf 90' lang='lat' dir='ltr'>de</span> <span class='ocrx_word' id='word_1_53' title='bbox 2196 872 2388 933; x_wconf 88' lang='lat' dir='ltr'>tradi·</span> 
     </span>
     <span class='ocr_line' id='line_1_8' title="bbox 351 961 2388 1041; baseline -0.001 -18"><span class='ocrx_word' id='word_1_54' title='bbox 351 962 514 1023; x_wconf 89' lang='lat' dir='ltr'>tione</span> <span class='ocrx_word' id='word_1_55' title='bbox 552 965 616 1023; x_wconf 92' lang='lat' dir='ltr'>et</span> <span class='ocrx_word' id='word_1_56' title='bbox 647 962 1012 1039; x_wconf 78' lang='lat' dir='ltr'>usucapione</span> <span class='ocrx_word' id='word_1_57' title='bbox 1040 961 1270 1021; x_wconf 86' lang='lat' dir='ltr'>dietum</span> <span class='ocrx_word' id='word_1_58' title='bbox 1296 962 1485 1023; x_wconf 80' lang='lat' dir='ltr'>fuisse</span> <span class='ocrx_word' id='word_1_59' title='bbox 1510 966 1819 1041; x_wconf 78' lang='lat' dir='ltr'>appareat,</span> <span class='ocrx_word' id='word_1_60' title='bbox 1852 963 2221 1039; x_wconf 83' lang='lat' dir='ltr'>Iavolenum,</span> <span class='ocrx_word' id='word_1_61' title='bbox 2249 981 2388 1022; x_wconf 85' lang='lat' dir='ltr'>eum</span> 
     </span>
     <span class='ocr_line' id='line_1_9' title="bbox 352 1050 2390 1129; baseline -0 -18"><span class='ocrx_word' id='word_1_62' title='bbox 352 1051 714 1128; x_wconf 75' lang='lat' dir='ltr'>mancipatio</span> <span class='ocrx_word' id='word_1_63' title='bbox 778 1050 1020 1129; x_wconf 79' lang='lat' dir='ltr'>neglegi</span> <span class='ocrx_word' id='word_1_64' title='bbox 1081 1068 1204 1110; x_wconf 90' lang='lat' dir='ltr'>non</span> <span class='ocrx_word' id='word_1_65' title='bbox 1254 1054 1487 1128; x_wconf 80' lang='lat' dir='ltr'>posset,</span> <span class='ocrx_word' id='word_1_66' title='bbox 1550 1070 1619 1112; x_wconf 89' lang='lat' dir='ltr'>re</span> <span class='ocrx_word' id='word_1_67' title='bbox 1673 1070 1817 1112; x_wconf 86' lang='lat' dir='ltr'>vera</span> <span class='ocrx_word' id='word_1_68' title='bbox 1870 1052 1943 1111; x_wconf 91' lang='lat' dir='ltr'>de</span> <span class='ocrx_word' id='word_1_69' title='bbox 1998 1053 2111 1113; x_wconf 86' lang='lat' dir='ltr'>hae</span> <span class='ocrx_word' id='word_1_70' title='bbox 2163 1051 2390 1111; x_wconf 80' lang='lat' dir='ltr'>dixisse</span> 
     </span>
     <span class='ocr_line' id='line_1_10' title="bbox 351 1138 2387 1218; baseline -0 -19"><span class='ocrx_word' id='word_1_71' title='bbox 351 1140 690 1217; x_wconf 86' lang='lat' dir='ltr'>putandum</span> <span class='ocrx_word' id='word_1_72' title='bbox 763 1142 882 1215; x_wconf 84' lang='lat' dir='ltr'>est,</span> <span class='ocrx_word' id='word_1_73' title='bbox 954 1138 1112 1216; x_wconf 91' lang='lat' dir='ltr'>quod</span> <span class='ocrx_word' id='word_1_74' title='bbox 1184 1139 1280 1199; x_wconf 85' lang='lat' dir='ltr'>vel</span> <span class='ocrx_word' id='word_1_75' title='bbox 1351 1139 1491 1199; x_wconf 90' lang='lat' dir='ltr'>inde</span> <span class='ocrx_word' id='word_1_76' title='bbox 1555 1139 1776 1218; x_wconf 76' lang='lat' dir='ltr'>elucet,</span> <span class='ocrx_word' id='word_1_77' title='bbox 1839 1141 2000 1217; x_wconf 89' lang='lat' dir='ltr'>quod</span> <span class='ocrx_word' id='word_1_78' title='bbox 2061 1142 2127 1200; x_wconf 86' lang='lat' dir='ltr'>in</span> <span class='ocrx_word' id='word_1_79' title='bbox 2188 1138 2387 1217; x_wconf 82' lang='lat' dir='ltr'>eapite</span> 
     </span>
     <span class='ocr_line' id='line_1_11' title="bbox 351 1223 2386 1308; baseline -0.001 -20"><span class='ocrx_word' id='word_1_80' title='bbox 351 1229 425 1289; x_wconf 90' lang='lat' dir='ltr'>de</span> <span class='ocrx_word' id='word_1_81' title='bbox 491 1230 792 1305; x_wconf 76' lang='lat' dir='ltr'>emptione</span> <span class='ocrx_word' id='word_1_82' title='bbox 856 1227 1197 1287; x_wconf 67' lang='lat' dir='ltr'>venditione</span> <span class='ocrx_word' id='word_1_83' title='bbox 1260 1223 1679 1289; x_wconf 86' lang='lat' dir='ltr'>tantummodo</span> <span class='ocrx_word' id='word_1_84' title='bbox 1734 1228 1981 1308; x_wconf 86' lang='lat' dir='ltr'>fundus,</span> <span class='ocrx_word' id='word_1_85' title='bbox 2051 1230 2231 1290; x_wconf 84' lang='lat' dir='ltr'>aedes</span> <span class='ocrx_word' id='word_1_86' title='bbox 2284 1227 2386 1289; x_wconf 86' lang='lat' dir='ltr'>vel</span> 
     </span>
     <span class='ocr_line' id='line_1_12' title="bbox 355 1316 2387 1396; baseline -0.001 -18"><span class='ocrx_word' id='word_1_87' title='bbox 355 1317 626 1378; x_wconf 80' lang='lat' dir='ltr'>aedificia</span> <span class='ocrx_word' id='word_1_88' title='bbox 663 1322 726 1378; x_wconf 88' lang='lat' dir='ltr'>et</span> <span class='ocrx_word' id='word_1_89' title='bbox 761 1336 972 1378; x_wconf 75' lang='lat' dir='ltr'>servus</span> <span class='ocrx_word' id='word_1_90' title='bbox 1008 1316 1411 1376; x_wconf 77' lang='lat' dir='ltr'>nominantur.</span> <span class='ocrx_word' id='word_1_91' title='bbox 1486 1317 1542 1377; x_wconf 92' lang='lat' dir='ltr'>ei</span> <span class='ocrx_word' id='word_1_92' title='bbox 1578 1318 1762 1394; x_wconf 79' lang='lat' dir='ltr'>capiti</span> <span class='ocrx_word' id='word_1_93' title='bbox 1790 1318 1953 1395; x_wconf 88' lang='lat' dir='ltr'>quod</span> <span class='ocrx_word' id='word_1_94' title='bbox 1982 1318 2055 1378; x_wconf 90' lang='lat' dir='ltr'>de</span> <span class='ocrx_word' id='word_1_95' title='bbox 2084 1317 2387 1396; x_wconf 86' lang='lat' dir='ltr'>emptione</span> 
     </span>
     <span class='ocr_line' id='line_1_13' title="bbox 353 1406 2389 1483; baseline 0 -16"><span class='ocrx_word' id='word_1_96' title='bbox 353 1406 695 1467; x_wconf 80' lang='lat' dir='ltr'>venditione</span> <span class='ocrx_word' id='word_1_97' title='bbox 733 1409 844 1479; x_wconf 82' lang='lat' dir='ltr'>est,</span> <span class='ocrx_word' id='word_1_98' title='bbox 893 1406 1242 1465; x_wconf 87' lang='lat' dir='ltr'>mandatum</span> <span class='ocrx_word' id='word_1_99' title='bbox 1278 1424 1514 1483; x_wconf 91' lang='lat' dir='ltr'>quoque</span> <span class='ocrx_word' id='word_1_100' title='bbox 1550 1406 1784 1466; x_wconf 91' lang='lat' dir='ltr'>emendi</span> <span class='ocrx_word' id='word_1_101' title='bbox 1819 1407 2091 1467; x_wconf 89' lang='lat' dir='ltr'>additum</span> <span class='ocrx_word' id='word_1_102' title='bbox 2128 1407 2389 1468; x_wconf 81' lang='lat' dir='ltr'>videtur.</span> 
     </span>
    </p>
   </div>
   <div class='ocr_carea' id='block_1_4' title="bbox 579 1569 2160 1654">
    <p class='ocr_par' dir='ltr' id='par_1_4' title="bbox 579 1569 2160 1654">
     <span class='ocr_line' id='line_1_14' title="bbox 579 1569 2160 1654; baseline 0.001 -18"><span class='ocrx_word' id='word_1_103' title='bbox 579 1569 679 1636; x_wconf 88' lang='lat' dir='ltr'>De</span> <span class='ocrx_word' id='word_1_104' title='bbox 722 1570 1247 1653; x_wconf 69' lang='lat' dir='ltr'>(mancipatione)</span> <span class='ocrx_word' id='word_1_105' title='bbox 1304 1569 1634 1634; x_wconf 77' lang='lat' dir='ltr'>traditione</span> <span class='ocrx_word' id='word_1_106' title='bbox 1675 1574 1735 1634; x_wconf 91' lang='lat' dir='ltr'>et</span> <span class='ocrx_word' id='word_1_107' title='bbox 1775 1571 2160 1654; x_wconf 72' lang='lat' dir='ltr'>usioeapione.</span> 
     </span>
    </p>
   </div>
   <div class='ocr_carea' id='block_1_5' title="bbox 338 1683 2388 3636">
    <p class='ocr_par' dir='ltr' id='par_1_5' title="bbox 352 1683 2388 2124">
     <span class='ocr_line' id='line_1_15' title="bbox 533 1683 2388 1771; baseline -0.001 -21"><span class='ocrx_word' id='word_1_108' title='bbox 533 1685 637 1750; x_wconf 88' lang='grc'>31.</span> <span class='ocrx_word' id='word_1_109' title='bbox 692 1683 771 1749; x_wconf 91' lang='lat' dir='ltr'>D.</span> <span class='ocrx_word' id='word_1_110' title='bbox 813 1686 921 1769; x_wconf 88' lang='lat'>41,</span> <span class='ocrx_word' id='word_1_111' title='bbox 958 1686 1017 1767; x_wconf 83' lang='lat'>2,</span> <span class='ocrx_word' id='word_1_112' title='bbox 1056 1685 1137 1749; x_wconf 94' lang='grc'>21</span> <span class='ocrx_word' id='word_1_113' title='bbox 1159 1705 1254 1768; x_wconf 88' lang='lat' dir='ltr'>pr.</span> <span class='ocrx_word' id='word_1_114' title='bbox 1346 1683 1691 1750; x_wconf 81' lang='lat' dir='ltr'>Iavolenus</span> <span class='ocrx_word' id='word_1_115' title='bbox 1747 1684 1916 1751; x_wconf 89' lang='lat' dir='ltr'>libro</span> <span class='ocrx_word' id='word_1_116' title='bbox 1973 1688 2249 1771; x_wconf 83' lang='lat' dir='ltr'>septimo</span> <span class='ocrx_word' id='word_1_117' title='bbox 2304 1708 2388 1750; x_wconf 85' lang='lat' dir='ltr'>ex</span> 
     </span>
     <span class='ocr_line' id='line_1_16' title="bbox 355 1771 2386 1857; baseline 0.001 -18"><span class='ocrx_word' id='word_1_118' title='bbox 355 1771 602 1839; x_wconf 81' lang='lat' dir='ltr'>Cassio.</span> <span class='ocrx_word' id='word_1_119' title='bbox 647 1810 736 1821; x_wconf 92' lang='lat'>—-</span> <span class='ocrx_word' id='word_1_120' title='bbox 780 1774 1107 1839; x_wconf 79' lang='lat' dir='ltr'>Interdum</span> <span class='ocrx_word' id='word_1_121' title='bbox 1158 1774 1291 1839; x_wconf 89' lang='lat' dir='ltr'>eius</span> <span class='ocrx_word' id='word_1_122' title='bbox 1336 1774 1801 1856; x_wconf 82' lang='lat' dir='ltr'>possessionem,</span> <span class='ocrx_word' id='word_1_123' title='bbox 1857 1776 2033 1841; x_wconf 85' lang='lat' dir='ltr'>euius</span> <span class='ocrx_word' id='word_1_124' title='bbox 2087 1775 2210 1857; x_wconf 73' lang='lat' dir='ltr'>ipsi</span> <span class='ocrx_word' id='word_1_125' title='bbox 2255 1795 2386 1841; x_wconf 75' lang='lat' dir='ltr'>non</span> 
     </span>
     <span class='ocr_line' id='line_1_17' title="bbox 352 1861 2385 1947; baseline 0 -19"><span class='ocrx_word' id='word_1_126' title='bbox 352 1861 667 1947; x_wconf 80' lang='lat' dir='ltr'>habemus,</span> <span class='ocrx_word' id='word_1_127' title='bbox 720 1862 840 1927; x_wconf 89' lang='lat' dir='ltr'>alii</span> <span class='ocrx_word' id='word_1_128' title='bbox 883 1863 1120 1927; x_wconf 85' lang='lat' dir='ltr'>tradere</span> <span class='ocrx_word' id='word_1_129' title='bbox 1150 1881 1511 1947; x_wconf 85' lang='lat' dir='ltr'>possumus,</span> <span class='ocrx_word' id='word_1_130' title='bbox 1565 1864 1753 1928; x_wconf 78' lang='lat' dir='ltr'>veluti</span> <span class='ocrx_word' id='word_1_131' title='bbox 1795 1883 1935 1928; x_wconf 87' lang='lat' dir='ltr'>eum</span> <span class='ocrx_word' id='word_1_132' title='bbox 1980 1865 2064 1947; x_wconf 88' lang='lat' dir='ltr'>is,</span> <span class='ocrx_word' id='word_1_133' title='bbox 2117 1864 2227 1947; x_wconf 71' lang='lat' dir='ltr'>qui</span> <span class='ocrx_word' id='word_1_134' title='bbox 2259 1885 2385 1946; x_wconf 86' lang='lat' dir='ltr'>pro</span> 
     </span>
     <span class='ocr_line' id='line_1_18' title="bbox 352 1951 2385 2036; baseline 0 -19"><span class='ocrx_word' id='word_1_135' title='bbox 352 1951 564 2017; x_wconf 80' lang='lat' dir='ltr'>herede</span> <span class='ocrx_word' id='word_1_136' title='bbox 606 1971 737 2017; x_wconf 89' lang='lat' dir='ltr'>rem</span> <span class='ocrx_word' id='word_1_137' title='bbox 768 1952 1137 2035; x_wconf 75' lang='lat' dir='ltr'>possidebat,</span> <span class='ocrx_word' id='word_1_138' title='bbox 1181 1957 1517 2034; x_wconf 77' lang='lat' dir='ltr'>antequam</span> <span class='ocrx_word' id='word_1_139' title='bbox 1551 1954 1838 2018; x_wconf 86' lang='lat' dir='ltr'>dominus</span> <span class='ocrx_word' id='word_1_140' title='bbox 1871 1955 2060 2036; x_wconf 77' lang='lat' dir='ltr'>fieret,</span> <span class='ocrx_word' id='word_1_141' title='bbox 2093 1955 2385 2036; x_wconf 81' lang='lat' dir='ltr'>precario</span> 
     </span>
     <span class='ocr_line' id='line_1_19' title="bbox 352 2041 1160 2124; baseline 0 -18"><span class='ocrx_word' id='word_1_142' title='bbox 352 2041 430 2106; x_wconf 80' lang='lat' dir='ltr'>ab</span> <span class='ocrx_word' id='word_1_143' title='bbox 474 2041 685 2106; x_wconf 80' lang='lat' dir='ltr'>herede</span> <span class='ocrx_word' id='word_1_144' title='bbox 727 2061 864 2106; x_wconf 89' lang='lat' dir='ltr'>eam</span> <span class='ocrx_word' id='word_1_145' title='bbox 905 2042 1160 2124; x_wconf 77' lang='lat' dir='ltr'>royavit.</span> 
     </span>
    </p>

    <p class='ocr_par' dir='ltr' id='par_1_6' title="bbox 351 2128 2387 2392">
     <span class='ocr_line' id='line_1_20' title="bbox 532 2128 2383 2214; baseline -0.001 -18"><span class='ocrx_word' id='word_1_146' title='bbox 532 2130 635 2196; x_wconf 88' lang='grc'>32.</span> <span class='ocrx_word' id='word_1_147' title='bbox 690 2128 770 2195; x_wconf 90' lang='lat' dir='ltr'>D.</span> <span class='ocrx_word' id='word_1_148' title='bbox 809 2129 962 2195; x_wconf 89' lang='lat' dir='ltr'>ibid.</span> <span class='ocrx_word' id='word_1_149' title='bbox 1001 2132 1041 2210; x_wconf 66' lang='grc' dir='ltr'>ἓ</span> <span class='ocrx_word' id='word_1_150' title='bbox 1076 2130 1134 2194; x_wconf 94' lang='grc'>1.</span> <span class='ocrx_word' id='word_1_151' title='bbox 1183 2165 1268 2176; x_wconf 90' lang='grc'>--</span> <span class='ocrx_word' id='word_1_152' title='bbox 1319 2128 1498 2210; x_wconf 79' lang='lat' dir='ltr'>Quod</span> <span class='ocrx_word' id='word_1_153' title='bbox 1545 2151 1621 2196; x_wconf 74' lang='lat' dir='ltr'>ex</span> <span class='ocrx_word' id='word_1_154' title='bbox 1673 2130 2009 2214; x_wconf 74' lang='lat' dir='ltr'>naufrayio</span> <span class='ocrx_word' id='word_1_155' title='bbox 2057 2132 2383 2214; x_wconf 78' lang='lat' dir='ltr'>expulsum</span> 
     </span>
     <span class='ocr_line' id='line_1_21' title="bbox 351 2219 2387 2304; baseline 0.001 -21"><span class='ocrx_word' id='word_1_156' title='bbox 351 2224 456 2299; x_wconf 83' lang='lat' dir='ltr'>est,</span> <span class='ocrx_word' id='word_1_157' title='bbox 500 2220 762 2301; x_wconf 80' lang='lat' dir='ltr'>usueapi</span> <span class='ocrx_word' id='word_1_158' title='bbox 803 2239 931 2284; x_wconf 84' lang='lat' dir='ltr'>non</span> <span class='ocrx_word' id='word_1_159' title='bbox 954 2224 1170 2302; x_wconf 84' lang='lat' dir='ltr'>potest,</span> <span class='ocrx_word' id='word_1_160' title='bbox 1215 2219 1511 2301; x_wconf 78' lang='lat' dir='ltr'>quoniam</span> <span class='ocrx_word' id='word_1_161' title='bbox 1546 2239 1673 2284; x_wconf 86' lang='lat' dir='ltr'>non</span> <span class='ocrx_word' id='word_1_162' title='bbox 1708 2224 1795 2284; x_wconf 88' lang='lat' dir='ltr'>est</span> <span class='ocrx_word' id='word_1_163' title='bbox 1829 2221 1899 2284; x_wconf 86' lang='lat' dir='ltr'>in</span> <span class='ocrx_word' id='word_1_164' title='bbox 1935 2220 2231 2304; x_wconf 78' lang='lat' dir='ltr'>derelicta,</span> <span class='ocrx_word' id='word_1_165' title='bbox 2275 2222 2387 2286; x_wconf 86' lang='lat' dir='ltr'>sed</span> 
     </span>
     <span class='ocr_line' id='line_1_22' title="bbox 351 2309 786 2392; baseline 0 -19"><span class='ocrx_word' id='word_1_166' title='bbox 351 2310 423 2373; x_wconf 87' lang='lat' dir='ltr'>in</span> <span class='ocrx_word' id='word_1_167' title='bbox 467 2309 786 2392; x_wconf 78' lang='lat' dir='ltr'>deperdito,</span> 
     </span>
    </p>

    <p class='ocr_par' dir='ltr' id='par_1_7' title="bbox 338 2395 2384 2731">
     <span class='ocr_line' id='line_1_23' title="bbox 532 2395 2383 2478; baseline 0.001 -17"><span class='ocrx_word' id='word_1_168' title='bbox 532 2396 636 2462; x_wconf 84' lang='lat'>33.</span> <span class='ocrx_word' id='word_1_169' title='bbox 684 2395 759 2462; x_wconf 91' lang='lat' dir='ltr'>D.</span> <span class='ocrx_word' id='word_1_170' title='bbox 787 2397 943 2463; x_wconf 90' lang='lat' dir='ltr'>ibid.</span> <span class='ocrx_word' id='word_1_171' title='bbox 971 2400 1012 2478; x_wconf 65' lang='grc' dir='ltr'>ξ</span> <span class='ocrx_word' id='word_1_172' title='bbox 1040 2398 1100 2462; x_wconf 89' lang='grc'>2.</span> <span class='ocrx_word' id='word_1_173' title='bbox 1150 2432 1231 2442; x_wconf 90' lang='grc'>-</span> <span class='ocrx_word' id='word_1_174' title='bbox 1278 2395 1457 2461; x_wconf 84' lang='lat' dir='ltr'>Idem</span> <span class='ocrx_word' id='word_1_175' title='bbox 1500 2398 1663 2462; x_wconf 89' lang='lat' dir='ltr'>iuris</span> <span class='ocrx_word' id='word_1_176' title='bbox 1706 2417 1829 2463; x_wconf 88' lang='lat' dir='ltr'>esse</span> <span class='ocrx_word' id='word_1_177' title='bbox 1860 2398 2141 2463; x_wconf 76' lang='lat' dir='ltr'>existimo</span> <span class='ocrx_word' id='word_1_178' title='bbox 2176 2400 2247 2462; x_wconf 86' lang='lat' dir='ltr'>in</span> <span class='ocrx_word' id='word_1_179' title='bbox 2280 2398 2383 2464; x_wconf 76' lang='lat' dir='ltr'>his</span> 
     </span>
     <span class='ocr_line' id='line_1_24' title="bbox 350 2486 2384 2572; baseline 0.001 -23"><span class='ocrx_word' id='word_1_180' title='bbox 350 2486 555 2569; x_wconf 84' lang='lat' dir='ltr'>rebus,</span> <span class='ocrx_word' id='word_1_181' title='bbox 609 2507 764 2569; x_wconf 79' lang='lat' dir='ltr'>quae</span> <span class='ocrx_word' id='word_1_182' title='bbox 815 2487 1014 2552; x_wconf 78' lang='lat' dir='ltr'>iactae</span> <span class='ocrx_word' id='word_1_183' title='bbox 1065 2490 1234 2570; x_wconf 85' lang='lat' dir='ltr'>sunt,</span> <span class='ocrx_word' id='word_1_184' title='bbox 1300 2486 1595 2568; x_wconf 77' lang='lat' dir='ltr'>quoniam</span> <span class='ocrx_word' id='word_1_185' title='bbox 1647 2507 1773 2551; x_wconf 86' lang='lat' dir='ltr'>non</span> <span class='ocrx_word' id='word_1_186' title='bbox 1813 2491 2016 2568; x_wconf 86' lang='lat' dir='ltr'>potest</span> <span class='ocrx_word' id='word_1_187' title='bbox 2063 2487 2261 2572; x_wconf 78' lang='lat' dir='ltr'>videri</span> <span class='ocrx_word' id='word_1_188' title='bbox 2312 2487 2384 2552; x_wconf 85' lang='lat' dir='ltr'>id</span> 
     </span>
     <span class='ocr_line' id='line_1_25' title="bbox 338 2574 2376 2660; baseline -0 -19"><span class='ocrx_word' id='word_1_189' title='bbox 338 2595 463 2658; x_wconf 89' lang='lat' dir='ltr'>pro</span> <span class='ocrx_word' id='word_1_190' title='bbox 526 2576 804 2641; x_wconf 77' lang='lat' dir='ltr'>derelicto</span> <span class='ocrx_word' id='word_1_191' title='bbox 866 2575 1172 2660; x_wconf 81' lang='lat' dir='ltr'>habitum,</span> <span class='ocrx_word' id='word_1_192' title='bbox 1230 2574 1394 2657; x_wconf 81' lang='lat' dir='ltr'>quod</span> <span class='ocrx_word' id='word_1_193' title='bbox 1451 2575 1675 2642; x_wconf 81' lang='lat' dir='ltr'>salutis</span> <span class='ocrx_word' id='word_1_194' title='bbox 1736 2595 1925 2640; x_wconf 83' lang='lat' dir='ltr'>causa</span> <span class='ocrx_word' id='word_1_195' title='bbox 1980 2576 2229 2640; x_wconf 84' lang='lat' dir='ltr'>interim</span> <span class='ocrx_word' id='word_1_196' title='bbox 2283 2577 2376 2641; x_wconf 87' lang='lat' dir='ltr'>di-</span> 
     </span>
     <span class='ocr_line' id='line_1_26' title="bbox 351 2666 756 2731; baseline 0 -3"><span class='ocrx_word' id='word_1_197' title='bbox 351 2666 610 2731; x_wconf 85' lang='lat' dir='ltr'>missum</span> <span class='ocrx_word' id='word_1_198' title='bbox 655 2670 756 2729; x_wconf 86' lang='lat' dir='ltr'>est.</span> 
     </span>
    </p>

    <p class='ocr_par' dir='ltr' id='par_1_8' title="bbox 346 2751 2378 2995">
     <span class='ocr_line' id='line_1_27' title="bbox 530 2751 2378 2835; baseline -0.001 -16"><span class='ocrx_word' id='word_1_199' title='bbox 530 2754 636 2819; x_wconf 88' lang='lat'>34.</span> <span class='ocrx_word' id='word_1_200' title='bbox 682 2752 760 2817; x_wconf 89' lang='lat' dir='ltr'>D.</span> <span class='ocrx_word' id='word_1_201' title='bbox 797 2752 951 2818; x_wconf 89' lang='lat' dir='ltr'>ibid.</span> <span class='ocrx_word' id='word_1_202' title='bbox 986 2754 1025 2832; x_wconf 64' lang='grc' dir='ltr'>ξ</span> <span class='ocrx_word' id='word_1_203' title='bbox 1055 2751 1114 2816; x_wconf 91' lang='grc'>2.</span> <span class='ocrx_word' id='word_1_204' title='bbox 1164 2788 1245 2798; x_wconf 91' lang='grc'>-</span> <span class='ocrx_word' id='word_1_205' title='bbox 1307 2752 1430 2833; x_wconf 73' lang='lat' dir='ltr'>Qui</span> <span class='ocrx_word' id='word_1_206' title='bbox 1473 2752 1747 2816; x_wconf 86' lang='lat' dir='ltr'>alienam</span> <span class='ocrx_word' id='word_1_207' title='bbox 1792 2772 1921 2817; x_wconf 89' lang='lat' dir='ltr'>rem</span> <span class='ocrx_word' id='word_1_208' title='bbox 1958 2754 2239 2835; x_wconf 75' lang='lat' dir='ltr'>precario</span> <span class='ocrx_word' id='word_1_209' title='bbox 2282 2773 2378 2818; x_wconf 88' lang='lat' dir='ltr'>ro-</span> 
     </span>
     <span class='ocr_line' id='line_1_28' title="bbox 346 2841 2378 2925; baseline -0 -19"><span class='ocrx_word' id='word_1_210' title='bbox 346 2843 536 2923; x_wconf 74' lang='lat' dir='ltr'>yavit,</span> <span class='ocrx_word' id='word_1_211' title='bbox 573 2844 632 2907; x_wconf 90' lang='lat' dir='ltr'>si</span> <span class='ocrx_word' id='word_1_212' title='bbox 665 2843 918 2906; x_wconf 86' lang='lat' dir='ltr'>eandem</span> <span class='ocrx_word' id='word_1_213' title='bbox 944 2861 986 2905; x_wconf 91' lang='lat' dir='ltr'>a</span> <span class='ocrx_word' id='word_1_214' title='bbox 1013 2842 1261 2905; x_wconf 88' lang='lat' dir='ltr'>domino</span> <span class='ocrx_word' id='word_1_215' title='bbox 1287 2841 1595 2924; x_wconf 78' lang='lat' dir='ltr'>conduxit,</span> <span class='ocrx_word' id='word_1_216' title='bbox 1619 2842 1923 2925; x_wconf 76' lang='lat' dir='ltr'>possessio</span> <span class='ocrx_word' id='word_1_217' title='bbox 1950 2842 2038 2906; x_wconf 89' lang='lat' dir='ltr'>ad</span> <span class='ocrx_word' id='word_1_218' title='bbox 2059 2843 2378 2907; x_wconf 84' lang='lat' dir='ltr'>dominum</span> 
     </span>
     <span class='ocr_line' id='line_1_29' title="bbox 349 2931 691 2995; baseline 0 -3"><span class='ocrx_word' id='word_1_219' title='bbox 349 2931 691 2995; x_wconf 81' lang='lat' dir='ltr'>revertitur.</span> 
     </span>
    </p>

    <p class='ocr_par' dir='ltr' id='par_1_9' title="bbox 351 3017 2377 3367">
     <span class='ocr_line' id='line_1_30' title="bbox 532 3017 2377 3102; baseline -0.001 -20"><span class='ocrx_word' id='word_1_220' title='bbox 532 3017 636 3083; x_wconf 83' lang='lat'>35.</span> <span class='ocrx_word' id='word_1_221' title='bbox 684 3019 759 3082; x_wconf 93' lang='lat' dir='ltr'>D.</span> <span class='ocrx_word' id='word_1_222' title='bbox 785 3019 892 3101; x_wconf 87' lang='lat'>41,</span> <span class='ocrx_word' id='word_1_223' title='bbox 921 3019 981 3097; x_wconf 91' lang='grc'>8,</span> <span class='ocrx_word' id='word_1_224' title='bbox 1012 3018 1069 3081; x_wconf 84' lang='lat'>7.</span> <span class='ocrx_word' id='word_1_225' title='bbox 1142 3017 1483 3084; x_wconf 80' lang='lat' dir='ltr'>Iavolenus</span> <span class='ocrx_word' id='word_1_226' title='bbox 1511 3018 1680 3084; x_wconf 87' lang='lat' dir='ltr'>libro</span> <span class='ocrx_word' id='word_1_227' title='bbox 1710 3018 1988 3102; x_wconf 84' lang='lat' dir='ltr'>septimo</span> <span class='ocrx_word' id='word_1_228' title='bbox 2020 3040 2097 3083; x_wconf 80' lang='lat' dir='ltr'>ex</span> <span class='ocrx_word' id='word_1_229' title='bbox 2126 3017 2377 3083; x_wconf 79' lang='lat' dir='ltr'>Caesio.</span> 
     </span>
     <span class='ocr_line' id='line_1_31' title="bbox 354 3107 2374 3190; baseline -0 -18"><span class='ocrx_word' id='word_1_230' title='bbox 354 3143 436 3154; x_wconf 92' lang='grc'>--</span> <span class='ocrx_word' id='word_1_231' title='bbox 478 3107 675 3172; x_wconf 87' lang='lat' dir='ltr'>Nemo</span> <span class='ocrx_word' id='word_1_232' title='bbox 703 3110 905 3189; x_wconf 86' lang='lat' dir='ltr'>potest</span> <span class='ocrx_word' id='word_1_233' title='bbox 937 3107 1275 3190; x_wconf 67' lang='lat' dir='ltr'>legatorum</span> <span class='ocrx_word' id='word_1_234' title='bbox 1310 3109 1558 3173; x_wconf 87' lang='lat' dir='ltr'>nomine</span> <span class='ocrx_word' id='word_1_235' title='bbox 1592 3127 1922 3190; x_wconf 80' lang='lat' dir='ltr'>usucapere</span> <span class='ocrx_word' id='word_1_236' title='bbox 1956 3108 2085 3173; x_wconf 86' lang='lat' dir='ltr'>nisi</span> <span class='ocrx_word' id='word_1_237' title='bbox 2118 3109 2191 3190; x_wconf 88' lang='lat' dir='ltr'>is,</span> <span class='ocrx_word' id='word_1_238' title='bbox 2236 3128 2374 3172; x_wconf 82' lang='lat' dir='ltr'>oum</span> 
     </span>
     <span class='ocr_line' id='line_1_32' title="bbox 351 3193 2373 3280; baseline 0 -18"><span class='ocrx_word' id='word_1_239' title='bbox 351 3217 468 3278; x_wconf 78' lang='lat' dir='ltr'>quo</span> <span class='ocrx_word' id='word_1_240' title='bbox 516 3197 856 3262; x_wconf 80' lang='lat' dir='ltr'>testamenti</span> <span class='ocrx_word' id='word_1_241' title='bbox 895 3193 1086 3275; x_wconf 82' lang='lat' dir='ltr'>factio</span> <span class='ocrx_word' id='word_1_242' title='bbox 1127 3201 1232 3280; x_wconf 85' lang='lat' dir='ltr'>est,</span> <span class='ocrx_word' id='word_1_243' title='bbox 1276 3197 1431 3278; x_wconf 78' lang='lat' dir='ltr'>quia</span> <span class='ocrx_word' id='word_1_244' title='bbox 1474 3217 1549 3262; x_wconf 89' lang='lat' dir='ltr'>ea</span> <span class='ocrx_word' id='word_1_245' title='bbox 1572 3197 1871 3279; x_wconf 85' lang='lat' dir='ltr'>possessio</span> <span class='ocrx_word' id='word_1_246' title='bbox 1909 3216 1986 3262; x_wconf 81' lang='lat' dir='ltr'>eoe</span> <span class='ocrx_word' id='word_1_247' title='bbox 2022 3197 2159 3262; x_wconf 85' lang='lat' dir='ltr'>iure</span> <span class='ocrx_word' id='word_1_248' title='bbox 2194 3201 2373 3262; x_wconf 84' lang='lat' dir='ltr'>testa-</span> 
     </span>
     <span class='ocr_line' id='line_1_33' title="bbox 352 3285 1006 3367; baseline 0 -17"><span class='ocrx_word' id='word_1_249' title='bbox 352 3286 544 3350; x_wconf 84' lang='lat' dir='ltr'>menti</span> <span class='ocrx_word' id='word_1_250' title='bbox 574 3285 1006 3367; x_wconf 73' lang='lat' dir='ltr'>proficiscitur.</span> 
     </span>
    </p>

    <p class='ocr_par' dir='ltr' id='par_1_10' title="bbox 352 3370 2373 3636">
     <span class='ocr_line' id='line_1_34' title="bbox 531 3370 2373 3458; baseline -0.001 -19"><span class='ocrx_word' id='word_1_251' title='bbox 531 3374 636 3439; x_wconf 83' lang='lat'>36.</span> <span class='ocrx_word' id='word_1_252' title='bbox 683 3371 759 3437; x_wconf 94' lang='lat' dir='ltr'>D.</span> <span class='ocrx_word' id='word_1_253' title='bbox 786 3373 892 3455; x_wconf 88' lang='lat'>41,</span> <span class='ocrx_word' id='word_1_254' title='bbox 921 3374 980 3456; x_wconf 90' lang='lat'>8,</span> <span class='ocrx_word' id='word_1_255' title='bbox 1009 3374 1066 3438; x_wconf 85' lang='lat'>5.</span> <span class='ocrx_word' id='word_1_256' title='bbox 1138 3370 1480 3439; x_wconf 83' lang='lat' dir='ltr'>Iavolenus</span> <span class='ocrx_word' id='word_1_257' title='bbox 1517 3374 1683 3439; x_wconf 87' lang='lat' dir='ltr'>libro</span> <span class='ocrx_word' id='word_1_258' title='bbox 1713 3375 1990 3458; x_wconf 85' lang='lat' dir='ltr'>septimo</span> <span class='ocrx_word' id='word_1_259' title='bbox 2020 3395 2099 3438; x_wconf 82' lang='lat' dir='ltr'>ex</span> <span class='ocrx_word' id='word_1_260' title='bbox 2128 3371 2373 3440; x_wconf 78' lang='lat' dir='ltr'>Cassio.</span> 
     </span>
     <span class='ocr_line' id='line_1_35' title="bbox 354 3461 2371 3546; baseline 0 -19"><span class='ocrx_word' id='word_1_261' title='bbox 354 3499 439 3509; x_wconf 88' lang='lat'>—-</span> <span class='ocrx_word' id='word_1_262' title='bbox 486 3461 592 3527; x_wconf 86' lang='lat' dir='ltr'>Ea</span> <span class='ocrx_word' id='word_1_263' title='bbox 635 3481 749 3544; x_wconf 90' lang='lat' dir='ltr'>res,</span> <span class='ocrx_word' id='word_1_264' title='bbox 799 3481 955 3545; x_wconf 81' lang='lat' dir='ltr'>quae</span> <span class='ocrx_word' id='word_1_265' title='bbox 999 3462 1183 3543; x_wconf 76' lang='lat' dir='ltr'>leyati</span> <span class='ocrx_word' id='word_1_266' title='bbox 1225 3463 1473 3528; x_wconf 89' lang='lat' dir='ltr'>nomine</span> <span class='ocrx_word' id='word_1_267' title='bbox 1516 3464 1753 3528; x_wconf 77' lang='lat' dir='ltr'>tradita</span> <span class='ocrx_word' id='word_1_268' title='bbox 1796 3467 1899 3546; x_wconf 87' lang='lat' dir='ltr'>est,</span> <span class='ocrx_word' id='word_1_269' title='bbox 1944 3464 2224 3546; x_wconf 75' lang='lat' dir='ltr'>quamvis</span> <span class='ocrx_word' id='word_1_270' title='bbox 2268 3463 2371 3528; x_wconf 87' lang='lat' dir='ltr'>do-</span> 
     </span>
     <span class='ocr_line' id='line_1_36' title="bbox 352 3551 2373 3636; baseline -0.001 -19"><span class='ocrx_word' id='word_1_271' title='bbox 352 3552 562 3617; x_wconf 84' lang='lat' dir='ltr'>minus</span> <span class='ocrx_word' id='word_1_272' title='bbox 614 3552 746 3616; x_wconf 86' lang='lat' dir='ltr'>eius</span> <span class='ocrx_word' id='word_1_273' title='bbox 796 3551 988 3634; x_wconf 86' lang='lat' dir='ltr'>vivat,</span> <span class='ocrx_word' id='word_1_274' title='bbox 1043 3551 1378 3632; x_wconf 67' lang='lat' dir='ltr'>legatorum</span> <span class='ocrx_word' id='word_1_275' title='bbox 1425 3556 1627 3616; x_wconf 83' lang='lat' dir='ltr'>tamen</span> <span class='ocrx_word' id='word_1_276' title='bbox 1672 3553 1920 3617; x_wconf 85' lang='lat' dir='ltr'>nomine</span> <span class='ocrx_word' id='word_1_277' title='bbox 1962 3551 2373 3636; x_wconf 77' lang='lat' dir='ltr'>usueapietur.</span> 
     </span>
    </p>
   </div>
  </div>
 </body>
</html>
