2575 3900
784 187 834 234 4.
873 179 931 236 o.
964 179 1253 236 CAssms
1291 177 1660 235 LONGINUS
2151 183 2236 247 33

206 347 680 407 commendatur.
764 351 924 408 certe
961 347 1231 408 Iavoleni
1275 347 1430 406 liber
1471 347 1742 425 ultimus,
1790 367 1908 426 quo
1947 349 2020 409 de
2057 350 2238 410 furtis

210 439 275 494 et
328 435 397 494 de
452 436 748 495 bonorum
800 437 1142 498 venditione
1199 437 1466 513 disserit,
1533 456 1670 496 cum
1726 436 1791 507 Q.
1848 438 2032 498 Mucii
2085 439 2237 500 iuris

204 523 401 584 civilis
466 524 639 584 libris
704 525 983 585 extremis
1037 525 1183 584 XVI
1236 528 1299 584 et
1353 525 1584 603 XVIII,
1650 527 1865 603 quibus
1922 545 2108 604 aeque
2166 529 2238 588 de

206 613 387 672 furtis
446 616 508 673 et
569 614 640 673 de
694 614 1100 690 publicatione
1154 612 1448 674 bonorum
1504 615 1732 674 dictum
1783 632 1910 674 esse
1957 617 2055 674 vel
2100 636 2236 676 oon-

202 703 331 761 stat
385 701 486 761 vel
540 703 847 778 probabile
912 706 1005 762 est
1058 695 1119 785 (I
1172 723 1228 778 p.
1275 706 1355 763 97
1416 706 1479 762 et
1529 724 1586 780 p.
1630 695 1812 784 100),
1865 705 2044 779 plane
2100 724 2237 765 con-

205 790 435 850 cordat.
520 792 678 866 quod
721 793 875 851 libro
921 792 1292 868 paenultimo
1336 791 1654 852 Iavolenus
1702 792 1774 851 de
1820 793 1954 868 lege
1991 792 2238 870 Aquilia

204 883 269 938 et
328 879 401 937 de
459 880 744 956 pauperie
800 880 954 940 dixit
1001 875 1100 960 (D.
1135 884 1191 956 9,
1223 883 1280 957 2,
1313 876 1450 960 37),
1509 883 1711 957 aperte
1758 880 1836 939 ad
1881 880 2235 942 delictorum

196 971 391 1044 caput
461 969 725 1044 pertinet
797 969 938 1028 libri
1010 969 1211 1028 ultimi
1283 969 1482 1044 priore
1555 972 1727 1045 parte
1802 971 2234 1031 continuatum.

202 1075 404 1133 neque
457 1077 593 1116 cum
636 1057 882 1117 Lenelio
927 1058 1109 1117 huius
1156 1058 1299 1116 libri
1342 1058 1683 1134 fragmenta
1727 1058 1784 1118 ei
1830 1059 2014 1136 capiti
2061 1061 2236 1120 attri-

200 1146 390 1204 buere
446 1145 613 1221 licet,
673 1165 791 1223 quo
850 1147 924 1205 de
978 1147 1212 1224 legibus
1260 1147 1478 1206 aetatis
1525 1147 1756 1206 ratione
1802 1148 2012 1207 habita
2056 1150 2235 1209 collo-

195 1234 363 1293 catis
416 1234 747 1294 disseritur.
840 1234 999 1311 quod
1050 1235 1370 1294 Iavolenus
1425 1237 1699 1295 morbum
1753 1237 2047 1296 sonticum
2095 1257 2235 1298 eum

196 1341 335 1382 esse
391 1323 505 1399 ait,
573 1317 699 1400 ‘qui
757 1323 970 1400 cuique
1025 1325 1113 1383 rei
1176 1317 1374 1383 nocet'
1441 1315 1542 1404 (D.
1583 1327 1684 1402 50,
1725 1327 1824 1397 16,
1878 1317 2060 1406 113),
2114 1347 2236 1387 non

194 1415 333 1470 tam
376 1412 454 1470 ad
500 1413 695 1490 legem
740 1412 857 1470 XII
902 1413 1249 1472 tabularum
1295 1412 1593 1488 pertinere
1639 1414 2005 1490 putaverim,
2053 1434 2236 1491 quam

188 1500 280 1558 ad
360 1501 425 1559 in
503 1495 597 1560 ius
679 1502 1073 1562 vocationem.
1199 1502 1435 1579 reliqua
1517 1502 1783 1561 eiusdem
1854 1503 1996 1562 libri
2069 1504 2233 1582 frag-

194 1591 427 1664 menta,
476 1609 629 1665 quae
675 1589 862 1649 Lenel
907 1584 1005 1649 ‘de
1052 1591 1186 1668 lege
1232 1584 1526 1650 Falcidia-³
1573 1593 1634 1650 et
1682 1585 1777 1650 ‘de
1823 1591 1957 1667 lege
2006 1587 2232 1652 Cincia'

188 1678 529 1754 inscripsit,
572 1679 776 1754 potius
823 1679 899 1737 ad
944 1679 1007 1736 id
1055 1681 1237 1754 caput
1272 1698 1392 1755 quo
1430 1679 1502 1738 de
1537 1680 1674 1754 plus
1710 1681 1968 1755 petendo
2006 1682 2230 1759 agitur,

188 1765 515 1825 referenda
567 1770 741 1843 puto,
807 1768 879 1826 de
944 1786 1063 1842 quo
1120 1768 1216 1827 vel
1262 1766 1450 1827 Graius
1507 1769 1566 1844 4,
1619 1769 1698 1829 53
1725 1787 1852 1846 sqq.
1909 1769 2232 1848 diligenter

187 1854 368 1914 dixit.
477 1859 619 1932 post
679 1855 1003 1916 interdicta
1065 1856 1386 1916 Iavolenus
1451 1857 1522 1916 de
1589 1857 1923 1917 actionibus
1988 1859 2232 1920 videtur

183 1943 441 2004 dixisse.

377 2032 489 2093 His
557 2034 745 2112 igitur
806 2034 933 2094 fere
1006 2035 1259 2094 rubricis
1335 2034 1604 2095 Iavoleni
1667 2036 1963 2096 librorum
2029 2038 2230 2115 capita

179 2121 490 2199 insignire
542 2124 723 2183 malo:

376 2210 559 2271 Liber
602 2212 635 2271 Ι
811 2212 902 2272 De
948 2212 1342 2274 testamentis

376 2299 559 2360 Liber
605 2301 668 2361 Π
819 2301 909 2361 De
954 2301 1189 2380 legatie.

377 2388 560 2450 Liber
606 2390 701 2447 ΠΙ
822 2390 911 2450 De
956 2392 1245 2451 bonorum
1292 2390 1665 2468 possessione
1713 2394 1922 2451 contra
1966 2393 2226 2453 tabulas.

377 2477 559 2537 Liber
602 2478 692 2536 IV
820 2479 906 2537 De
955 2479 1214 2540 dotibus,

380 2567 563 2626 Liber
608 2567 664 2623 V
821 2566 912 2625 De
958 2568 1183 2627 tutelis.

375 2656 555 2714 Liber
600 2654 689 2714 VI
816 2655 907 2714 De
952 2656 1046 2714 his
1094 2656 1198 2733 qui
1243 2656 1424 2714 alieni
1469 2655 1614 2713 iuris
1663 2657 1822 2713 sunt.

375 2743 555 2802 Liber
600 2742 722 2803 VH
820 2743 908 2801 De
961 2744 1222 2819 mancipi
1267 2763 1469 2802 rerum
1514 2742 1814 2819 emptione
1861 2744 2221 2806 venditione.

819 2832 909 2891 De
954 2832 1326 2910 possessione
1375 2834 1436 2890 et
1480 2831 1864 2909 usucapione.

374 2918 555 2979 Liber
600 2919 750 2980 VIII
814 2922 905 2980 De
942 2922 1199 2997 mancipi
1234 2941 1436 2981 rerum
1473 2921 1772 2980 locatione
1807 2921 2222 2985 conductione.

373 3006 555 3067 Liber
599 3010 686 3069 IX
819 3009 911 3069 De
957 3029 1255 3087 sponsore.

373 3096 555 3157 Liber
597 3099 652 3156 X
812 3099 903 3157 De
951 3100 1357 3160 servitutibus.
1443 3098 1534 3156 De
1581 3099 1726 3158 locis
1771 3098 2050 3174 publicis.

373 3184 554 3245 Liber
597 3186 685 3245 XI
819 3188 907 3247 De
952 3207 1059 3247 nec
1104 3189 1362 3265 mancipi
1404 3188 1583 3246 rebus
1631 3188 2032 3265 adquirendis

377 3272 558 3333 Liber
600 3275 719 3335 XII
812 3275 902 3335 De
946 3277 1180 3351 peculio
1228 3280 1289 3336 et
1335 3279 1408 3336 de
1453 3276 1516 3334 in
1561 3295 1689 3335 rem
1733 3294 1924 3337 verse.

376 3361 555 3422 Liber
597 3364 747 3423 XHI
809 3365 896 3424 De
944 3366 1296 3426 interdictis·

377 3450 554 3511 Liber
595 3452 739 3511 XIV
806 3453 893 3513 De
940 3454 1292 3515 actionibus.
1385 3455 1475 3513 De
1520 3455 1654 3531 lege
1702 3455 1963 3533 Aquilia.

377 3538 556 3600 Liber
599 3542 710 3599 XV
808 3530 904 3601 De‘
944 3543 1137 3604 furtis.
1228 3544 1320 3603 De
1366 3544 1656 3602 bonorum
1701 3545 2064 3605 venditione.

296 3646 499 3696 Iurispr.
526 3650 759 3691 antehadr.
786 3652 885 3692 rell.
916 3652 985 3691 ed.
1013 3652 1212 3693 Bremer.
1260 3653 1322 3703 H,
1354 3654 1390 3692 2.
1759 3647 1790 3693 3
