2575 3900
726 179 779 228 4.
816 172 874 227 Ο.
906 170 1195 227 CASSIUS
1231 169 1601 227 LONGINUS
2085 170 2170 235 63

339 336 486 401 106.
542 334 683 400 Gai.
717 336 779 416 4,
819 335 965 399 114.
1011 370 1099 380 —
1145 332 1452 417 Superest
1503 338 1579 399 ut
1623 333 2062 419 dispiciamus,
2115 335 2173 399 si

158 430 313 491 ante
359 447 497 489 rem
541 423 892 488 iudicatam
928 424 983 487 is
1024 445 1169 487 cum
1209 442 1337 508 quo
1377 423 1608 507 agitur,
1652 429 1803 508 post
1839 427 2173 508 acceptum

156 514 465 579 iudicium
531 511 892 577 satisfaciat
956 512 1183 594 actori,
1247 511 1401 597 quid
1467 511 1680 576 officio
1743 511 1970 577 iudicis
2025 533 2173 578 con-

157 603 394 686 veniat,
440 605 659 666 utrum
705 600 1041 665 absolvere
1088 622 1172 664 an
1218 600 1362 664 ideo
1396 600 1618 684 potius
1656 599 1978 683 damnare,
2021 601 2174 685 quia

156 691 376 756 iudicii
424 688 779 774 accipiendi
826 693 1116 772 tempore
1162 688 1231 753 in
1278 709 1356 752 ea
1400 710 1593 755 causa
1627 687 1842 768 fuerit,
1889 692 1962 754 ut
2000 689 2173 754 dam-

155 781 292 845 nari
332 779 580 842 debeat.
653 777 864 842 nostri
900 782 1349 862 praeceptores
1387 776 1718 842 absolvere
1757 799 1903 842 eum
1941 777 2171 842 debere

157 869 545 946 existimant,
590 887 707 931 nec
751 865 1059 930 interesse
1097 866 1279 931 cuius
1318 866 1569 950 generis
1607 866 1696 930 sit
1729 864 2061 953 iudicium;
2109 872 2174 931 et

155 957 275 1023 hoo
332 958 436 1021 est
490 954 658 1038 quod
713 955 909 1039 vulgo
966 954 1198 1020 dicitur
1242 952 1483 1019 Sabino
1535 957 1600 1019 et
1647 953 1870 1020 Cassio
1913 956 2170 1040 placere

156 1047 374 1110 omnia
419 1043 656 1109 iudicia
701 1042 1102 1108 absolutoria
1148 1064 1306 1108 esse.

775 1263 876 1330 De
918 1265 988 1329 in
1033 1285 1165 1330 rem
1208 1264 1563 1330 actionibus.

333 1391 482 1456 107.
555 1387 631 1454 D.
676 1388 786 1474 44,
832 1391 890 1472 7,
935 1387 1132 1473 35pr.
1239 1388 1419 1453 Idem
1489 1385 1605 1476 (sc.
1670 1387 1937 1473 Paulus)
2002 1390 2171 1456 libro

148 1481 359 1563 primo
422 1476 503 1542 ad
556 1477 832 1543 edictum
878 1478 1194 1562 praetoris
1241 1473 1342 1564 (P.
1372 1474 1506 1563 84).
1554 1515 1638 1524 -—
1684 1476 1760 1542 In
1808 1478 2174 1544 honorariis
2297 1489 2302 1493 “

150 1567 519 1634 actionibus
575 1565 667 1630 sic
723 1587 862 1631 esse
918 1564 1346 1632 definiendum
1395 1563 1658 1631 Cassius
1716 1568 1834 1650 ait,
1887 1567 1962 1632 iit
2007 1589 2172 1652 quae

147 1657 237 1722 rei
309 1655 823 1741 persecutionem
889 1655 1198 1739 habeant,
1269 1655 1392 1719 hae
1458 1657 1652 1719 etiam
1717 1660 1868 1739 post
1931 1678 2172 1721 annum

147 1746 485 1826 darentur,
557 1748 807 1808 ceterae
869 1743 1042 1808 intra
1115 1765 1382 1817 annum.
1487 1743 1869 1809 honorariae
1933 1751 2172 1831 autem,

147 1855 313 1918 quae
360 1836 515 1917 post
560 1853 798 1897 annum
843 1854 975 1898 non
1023 1832 1276 1913 dantur,
1319 1854 1436 1897 nec
1480 1833 1550 1897 in
1586 1831 1886 1897 heredem
1925 1833 2172 1899 dandae

144 1926 325 2006 sunt,
390 1926 467 1987 ut
516 1924 735 1985 tamen
792 1922 1039 1988 lucrum
1094 1921 1153 1986 ei
1207 1925 1688 2005 extorqueatur,
1752 1921 1917 1988 sieut
1970 1921 2047 1986 fit
2103 1923 2172 1987 in

143 2013 407 2077 actione
463 2010 594 2075 doli
650 2010 807 2074 mali
862 2015 927 2075 et
980 2010 1324 2076 interdicto
1379 2010 1545 2075 unde
1601 2011 1664 2075 vi
1721 2017 1787 2074 et
1831 2011 2168 2076 similibus.

330 2130 461 2191 Gai.
505 2133 565 2207 4,
618 2134 761 2192 110.
864 2176 877 2190 .
924 2176 939 2191 .
987 2179 999 2191 .
1056 2130 1413 2191 admonendi
1479 2150 1686 2191 sumus
1758 2150 1860 2191 eas
1931 2132 2174 2209 quidem

142 2220 413 2281 actiones
470 2240 622 2297 quae
678 2239 754 2281 ex
803 2220 936 2298 lege
992 2222 1307 2280 senatusve
1357 2220 1643 2280 consultis
1689 2220 2168 2298 proficiscuntur,

140 2311 442 2387 perpetuo
500 2311 692 2370 solere
745 2312 1082 2385 praetorem
1137 2308 1604 2389 accommodare,
1663 2328 1764 2369 eas
1817 2327 1965 2370 vero
2013 2328 2167 2386 quae

142 2416 213 2456 ex
269 2397 521 2473 propria
572 2398 761 2474 ipsius
814 2397 1224 2457 iurisdictione
1270 2398 1556 2472 pendent,
1609 2398 1960 2475 plerumque
2005 2398 2170 2457 intra

142 2505 372 2545 annum
419 2485 587 2565 dare,
642 2485 961 2563 aliquando
1006 2488 1211 2545 tamen
1256 2481 1362 2564 <et
1406 2489 1691 2562 perpetuo
1738 2505 1840 2545 eas
1886 2486 2008 2563 dat,
2057 2487 2168 2546 sci-

140 2575 291 2635 licet
338 2571 519 2652 cum>
563 2574 837 2633 imitatur
879 2574 975 2634 ius
1021 2574 1376 2651 legitimum,
1425 2574 1636 2650 quales
1684 2577 1826 2633 sunt
1871 2593 1974 2633 eae
2020 2593 2172 2651 quas

138 2663 446 2723 bonorum
504 2663 947 2739 possessoribus
1002 2661 1339 2738 ceterisque
1394 2662 1497 2737 qui
1551 2661 1786 2721 heredis
1841 2663 1971 2722 loco
2027 2665 2171 2721 sunt

140 2750 579 2813 accommodat.

794 2886 882 2940 De
914 2884 1231 2940 hereditatis
1257 2884 1536 2953 petitione.

331 2994 477 3058 108.
542 2992 620 3057 D.
658 2992 718 3076 5,
757 2994 817 3076 3,
859 2993 959 3072 13,
994 2995 1055 3058 4.
1162 2994 1342 3058 Idem
1409 2990 1522 3077 (sc.
1580 2992 1932 3081 Ulpianus)
1997 2995 2165 3060 libro

138 3083 379 3167 quinto
438 3082 684 3148 decimo
742 3082 823 3146 ad
879 3082 1155 3147 edictum
1204 3079 1304 3167 (P.
1334 3078 1513 3167 512).
1556 3119 1644 3130 -
1692 3082 1860 3159 Quid
1915 3083 1970 3147 si
2023 3084 2168 3168 quis

134 3170 573 3236 hereditatem
628 3171 881 3255 emerit,
935 3192 1019 3235 an
1075 3171 1253 3235 utilis
1309 3170 1377 3234 in
1431 3192 1575 3235 eum
1631 3172 1863 3256 petitio
1918 3172 2172 3236 heredi-

134 3266 295 3325 tans
379 3259 641 3323 deberet
713 3258 879 3343 dari,
954 3281 1035 3323 ne
1110 3259 1384 3345 singulis
1457 3260 1710 3326 iudiciis
1783 3260 2170 3326 vexaretur?

136 3347 553 3414 venditorem
622 3348 791 3413 enim
853 3348 1060 3412 teneri
1125 3353 1370 3413 certum
1435 3354 1561 3433 est3
1635 3345 1751 3413 sed¹
1807 3350 1977 3434 finge
2041 3370 2172 3413 non
2240 3374 2250 3382 ·

134 3442 369 3502 extare
442 3435 846 3501 venditorem
919 3436 1021 3502 vel
1090 3437 1344 3501 modico
1409 3435 1771 3503 vendidisse
1836 3440 1900 3502 et
1964 3438 2169 3502 bonae

130 3526 296 3591 fidei
351 3544 793 3610 possessorem
846 3524 1077 3590 fuisse:
1143 3547 1225 3589 an
1279 3524 1532 3609 porrigi
1587 3547 1815 3589 manus
1871 3524 1951 3588 ad
1998 3546 2168 3607 emp·
