2575 3900
903 208 953 257 5.
999 201 1235 257 TITIUS
1271 201 1531 257 ARISTO
2094 204 2221 268 381

386 369 631 445 Ulpiani
675 369 861 429 verba
903 371 1083 446 plena
1127 371 1274 429 haec
1322 373 1485 430 sunt.
1538 365 1825 431 ‘Aristoni
1872 376 1933 431 et
1975 372 2223 432 Neratio

193 459 268 517 et
304 458 540 518 Iuliano
586 458 782 519 visum
821 461 930 518 est.
1015 478 1166 535 quae
1207 460 1507 519 sententia
1543 464 1606 520 et
1640 460 2063 546 constitutione
2102 462 2227 523 divi

193 545 300 605 Pii
345 547 730 624 comprobata
776 541 908 607 est'.

898 664 1000 732 De
1041 668 1543 750 fideicommissis.

389 773 492 839 21.
563 771 636 837 D.
673 773 778 857 32,
816 773 920 838 95.
1016 772 1387 840 Maecianus
1450 774 1619 842 libro
1680 775 1960 842 secundo
2014 774 2225 841 Fidei·

195 863 699 929 commissorum
757 858 854 948 (Ρ.
904 859 1031 948 12).
1085 898 1177 909 --
1231 862 1564 947 Quisquis
1622 864 1785 929 mihi
1846 865 2030 929 heres
2087 864 2227 945 erit,

197 952 477 1016 damnas
549 954 688 1015 esto
750 950 900 1015 dare
961 949 1236 1035 fideique
1301 954 1439 1017 eius
1503 952 1866 1038 committo,
1936 954 2037 1017 uti
2100 953 2227 1036 det,

196 1041 484 1124 quantas
528 1061 813 1104 summas
851 1038 1175 1105 dictavero
1215 1040 1491 1107 dedero'.
1569 1040 1792 1106 Aristo
1830 1063 1935 1106 res
1973 1063 2225 1127 quoque

196 1128 577 1212 corporales
633 1128 952 1194 contineri
1005 1128 1127 1212 ait,
1182 1133 1253 1194 ut
1296 1129 1561 1214 praedia
1607 1130 1933 1215 mancipia
1976 1133 2225 1195 vestem

195 1219 570 1302 argentum,
607 1216 761 1302 quia
796 1220 862 1281 et
895 1216 1018 1282 hoc
1055 1217 1323 1282 verbum
1364 1217 1687 1302 ‘quantas'
1725 1240 1854 1283 non
1892 1218 1972 1284 ad
2007 1241 2225 1284 nume·

195 1310 421 1372 ratam
466 1306 805 1371 dumtaxat
848 1305 1189 1390 pecuniam
1235 1305 1463 1371 referri
1510 1328 1588 1373 ex
1624 1307 1793 1373 dotis
1830 1308 2225 1393 relegatione

198 1398 269 1460 et
317 1393 851 1479 stipulationibus
899 1397 1153 1479 emptae
1198 1393 1577 1460 hereditatis
1624 1400 1891 1481 apparet
1927 1401 1993 1461 et
2028 1396 2225 1462 ‘sum-

197 1482 372 1549 mae'
413 1482 762 1566 appellatio
802 1482 1103 1547 similiter
1141 1483 1347 1567 accipi
1384 1483 1661 1569 deberet,
1698 1487 1772 1549 ut
1806 1485 1873 1549 in
1900 1484 2004 1550 his
2032 1506 2226 1569 argu-

198 1570 442 1638 mentis
480 1592 645 1656 quae
681 1572 892 1637 relata
919 1575 1136 1636 essent
1164 1571 1539 1638 ostenditur.
1612 1574 2012 1639 voluntatem
2039 1595 2225 1658 prae-

197 1666 384 1726 terea
431 1659 730 1744 defuncti,
774 1682 938 1744 quae
984 1660 1262 1725 maxime
1308 1661 1380 1725 in
1415 1660 1928 1727 fideicommissis
1963 1664 2225 1749 valeret,

200 1750 267 1815 ei
327 1749 687 1815 sententiae
743 1748 1115 1835 suffragari3
1169 1770 1378 1834 neque
1435 1750 1609 1815 enim
1662 1754 1815 1835 post
1860 1772 2001 1815 eam
2047 1774 2226 1836 prae·

196 1838 520 1904 sationem
581 1837 975 1902 adiecturum
1021 1841 1401 1903 testatorem
1446 1838 1645 1904 fuisse
1689 1860 1792 1904 res
1830 1841 2226 1942 corporales,

201 1928 264 1993 si
313 1926 648 1993 dumtaxat
692 1926 1032 2011 pecuniam
1077 1931 1484 1994 numeratam
1530 1928 1848 2013 praestari
1893 1929 2223 1996 voluisset.

381 2035 488 2100 22.
539 2033 619 2098 D.
658 2033 762 2117 36,
803 2034 862 2112 1,
893 2033 993 2098 74.
1078 2032 1475 2119 Pomponius
1521 2035 1689 2101 libro
1738 2040 1969 2120 quarto
2017 2035 2225 2101 Fidei-

200 2125 696 2189 commissorum
743 2118 841 2208 (Ρ.
879 2119 1059 2208 218).
1105 2157 1189 2170 --
1238 2122 1444 2188 Heres
1487 2127 1833 2208 praecepto
1879 2123 2079 2190 fundo
2126 2148 2225 2192 ro-

204 2216 397 2298 gatus
445 2215 585 2276 erat
618 2210 1040 2275 hereditatem
1078 2211 1433 2277 restituere.
1508 2212 1742 2277 fundus
1780 2213 2029 2278 alienus
2067 2219 2223 2278 erat.

204 2300 432 2366 Aristo
479 2300 696 2365 aiebat
732 2298 1097 2383 videndum,
1141 2306 1361 2365 utrum
1398 2300 1767 2366 omnimodo
1805 2323 2002 2384 penes
2042 2302 2223 2368 here-

208 2389 356 2452 dem
416 2387 684 2454 fundum
739 2409 878 2452 esse
933 2388 1141 2453 voluit
1192 2391 1475 2453 testator
1529 2411 1612 2453 an
1672 2390 1765 2453 ita
1822 2389 2101 2475 demum,
2166 2392 2223 2456 si

205 2477 413 2560 ipsius
462 2481 587 2561 est3
635 2475 746 2540 sed
793 2476 920 2541 sibi
966 2476 1259 2562 superius
1305 2477 1578 2560 placere.

389 2569 737 2648 Sequuntur
769 2569 1086 2647 Pomponii
1131 2570 1343 2631 verba:
1389 2563 1663 2646 ‘ideoque
1709 2571 2047 2632 aestimatio
2094 2573 2221 2634 eius

205 2657 524 2718 retinenda
568 2653 700 2720 est'.

387 2760 492 2824 23.
549 2758 625 2825 D.
653 2760 758 2842 36,
793 2764 848 2838 1,
876 2760 982 2843 20,
1014 2761 1070 2824 1.
1160 2757 1396 2823 Paulus
1450 2758 1621 2824 libro
1675 2759 1869 2825 tertio
1917 2759 1997 2825 ad
2045 2759 2223 2829 Sabi-

205 2871 363 2915 num
413 2843 511 2936 (P.
553 2846 802 2936 16:38⁰).
857 2885 929 2895 —
983 2847 1099 2912 Te
1142 2867 1333 2932 rog0‚
1387 2847 1543 2913 Luci
1587 2847 1747 2932 Titi,
1800 2848 2223 2917 hereditatem

206 2959 416 3003 meam
467 2959 613 3003 cum
650 2937 836 3003 Attio
880 2935 1228 3022 partiaris'.
1304 2957 1381 3002 ex
1427 2941 1689 3003 senatus
1737 2939 2031 3004 consulto
2071 2939 2222 3006 Tre-

207 3026 489 3092 belliano
544 3027 615 3091 in
660 3047 834 3111 eum,
889 3026 993 3093 cui
1037 3026 1339 3092 restituta
1383 3029 1486 3091 est
1529 3025 1851 3092 hered1tas
1861 3077 1878 3112 ‚
1933 3029 2221 3095 actiones

207 3120 574 3200 competere
629 3114 851 3181 Aristo
908 3115 1026 3200 ait,
1087 3116 1236 3200 quia
1288 3137 1407 3200 pro
1462 3115 1584 3181 hoc
1639 3116 2081 3200 accipiendum
2136 3119 2223 3184 sit

207 3203 391 3289 ‘rogo
437 3202 866 3269 hereditatem
910 3203 1090 3267 illam
1134 3203 1481 3270 restituas'.

387 3297 736 3375 Sequuntur
779 3298 951 3356 haec:
999 3291 1129 3358 ‘nec
1173 3298 1359 3357 verba
1404 3301 1748 3375 spectantur
1793 3302 2037 3360 senatus
2084 3318 2219 3360 con-

207 3387 381 3462 sulti,
447 3386 552 3445 sed
606 3385 903 3445 sententia
955 3385 1424 3462 quibuscumque
1482 3387 1703 3464 verbis,
1769 3388 1914 3448 dum
1964 3390 2223 3449 testator

207 3475 483 3550 senserit,
528 3477 598 3533 ut
640 3473 940 3533 hereditas
987 3490 1096 3532 sua
1138 3468 1537 3535 restituatur'.
1618 3495 1725 3550 pro
1774 3469 2040 3538 ‘senatus
2086 3495 2220 3536 con-

209 3557 378 3624 sulti’
435 3563 634 3622 Faber
685 3556 1168 3621 ‘fideicommissi'
1227 3561 1547 3638 legendum
1600 3568 1816 3626 censet.
1908 3569 1972 3625 at
2026 3567 2222 3624 totum
