2575 3900
354 197 394 260 6
457 197 548 251 ΙΙΙ.
577 197 729 252 GAII
758 195 1054 252 CLAUDII
1080 195 1354 252 NERON.
1381 193 1671 250 GALBAE
1700 193 1917 249 ΤΕΜΡ.
1935 192 2131 248 IURIS
2155 191 2373 250 CONS.

809 363 889 423 ΙΙ.
950 363 1048 423 De
1092 363 1665 439 usucapionibus
1710 362 1903 436 libri.

524 487 637 548 His
674 487 840 547 libris
879 505 917 547 a
943 487 1272 564 Papiniano
1303 488 1565 546 laudatis
1595 480 1695 567 (D.
1716 488 1819 564 41,
1852 490 1908 563 2,
1937 477 2072 565 47),
2110 504 2379 562 quorum

347 596 660 638 numerum
681 577 992 652 nescimus,
1013 575 1397 635 attribuenda
1416 576 1697 636 videntur
1722 593 1873 651 quae
1901 575 1974 634 de
1992 573 2379 651 possessione

348 666 612 726 Nervam
657 665 874 724 dixisse
919 665 1185 725 tradunt.
1275 665 1483 742 itaque
1530 684 1664 724 eum
1711 667 1773 723 et
1816 663 2103 740 priorum,
2150 681 2239 723 ex.
2280 683 2379 739 gr.

350 754 646 814 Labeonis
675 745 776 836 (D.
800 756 904 830 41,
926 758 983 830 2,
1009 754 1138 830 1,4.
1185 755 1288 830 41,
1312 756 1369 830 2,
1398 755 1501 812 47.
1530 749 1633 812 42.
1683 756 1739 823 3,
1763 744 1895 832 17),
1942 755 2003 810 et
2030 769 2140 810 sua
2174 751 2381 827 ipsius

349 861 633 919 responsa
676 842 770 902 his
815 843 985 902 libris
1029 842 1350 901 inseruisse
1396 845 1645 919 apparet
1691 832 1793 923 (D.
1822 842 1925 913 41,
1957 843 2015 917 2,
2046 841 2103 916 3,
2136 833 2274 920 17).

528 945 583 1008 1.
647 943 726 1009 D.
762 943 868 1023 41,
907 945 965 1028 2,
1006 945 1062 1026 1,
1102 945 1162 1007 1.
1257 942 1501 1007 Paulus
1560 943 1727 1007 libro
1783 941 2381 1027 quinquagensimo

241 1033 245 1038 ’
351 1036 575 1116 quarto
632 1033 714 1097 ad
770 1032 1047 1097 edictum
1103 1029 1204 1116 (P.
1243 1030 1423 1117 656).
1473 1068 1550 1079 —
1600 1030 1976 1096 Dominium
2032 1079 2047 1095 .
2082 1079 2095 1094 .
2149 1050 2382 1093 rerum

348 1143 425 1184 ex
473 1122 756 1187 naturali
801 1121 1205 1205 possessione
1251 1122 1538 1204 coepisse
1582 1118 1800 1184 Nerva
1844 1119 2013 1182 filius
2061 1117 2155 1182 ait
2202 1117 2383 1182 eius-

348 1231 469 1294 que
522 1210 618 1275 rei
673 1211 1018 1295 vestigium
1073 1231 1403 1274 remanere
1458 1210 1526 1273 in
1580 1209 1710 1286 his,
1766 1230 1928 1292 quae
1982 1211 2155 1271 terra
2202 1207 2383 1270 mari

347 1299 648 1382 caeloque
709 1300 1077 1384 capiuntur3
1139 1320 1292 1362 nam
1346 1297 1504 1362 haec
1557 1295 1852 1381 protinus
1908 1317 2130 1361 eorum
2185 1295 2383 1379 fiunt,

348 1387 459 1471 qui
504 1387 697 1472 primi
742 1387 1217 1471 possessionem
1265 1408 1485 1451 eorum
1534 1385 2087 1470 adprehenderint.

522 1498 598 1558 cf.
626 1496 756 1557 Gai.
785 1501 843 1571 2,
872 1501 972 1558 66.

523 1599 581 1664 2.
646 1598 725 1663 D.
763 1598 915 1662 ibid.
951 1601 992 1678 ἓ
1032 1599 1090 1662 3.
1147 1633 1232 1642 —
1288 1645 1304 1660 .
1342 1646 1358 1663 .
1412 1596 1637 1662 Ofilius
1693 1646 1708 1662 .
1739 1646 1754 1662 .
1809 1600 1875 1662 et
1923 1595 2141 1684 Nerva
2194 1596 2381 1662 filius

345 1686 542 1752 etiam
590 1689 730 1752 sine
775 1689 1010 1752 tutoris
1059 1687 1445 1751 auctoritate
1487 1686 1816 1770 possidere
1854 1687 2135 1770 incipere
2172 1707 2382 1768 posse

344 1775 662 1859 pupillum
717 1775 925 1861 aiunt,
981 1796 1123 1839 eam
1179 1775 1351 1839 enim
1405 1796 1542 1840 rem
1586 1775 1771 1858 facti,
1825 1796 1955 1840 non
2000 1775 2161 1838 iuris
2209 1795 2383 1840 esse.

524 1866 582 1929 3.
646 1863 727 1928 D.
755 1863 909 1928 ibid.
937 1866 978 1944 ξ
1012 1865 1110 1928 14.
1155 1899 1244 1910 --
1287 1861 1412 1928 Per
1467 1885 1725 1929 servum
1780 1863 1890 1947 qui
1945 1864 2011 1928 in
2057 1862 2215 1947 fuga.
2263 1863 2383 1948 sit,

344 1952 509 2018 nihil
571 1974 760 2037 posse
823 1975 941 2019 nos
996 1953 1324 2037 possidere
1377 1951 1596 2018 Nerva
1648 1953 1821 2017 filius
1878 1952 1999 2037 ait,
2061 1952 2215 2017 licet
2270 1974 2385 2017 re-

345 2041 754 2126 spondeatur,
801 2042 1106 2126 quamdiu
1154 2042 1234 2106 ab
1283 2042 1411 2107 alio
1458 2064 1590 2106 non
1629 2041 2054 2125 possideatur,
2100 2063 2138 2105 a
2173 2041 2381 2106 nobis

345 2152 491 2195 eum
537 2129 855 2214 possideri
898 2130 1170 2214 ideoque
1213 2130 1480 2195 interim
1527 2131 1721 2195 etiam
1768 2130 2051 2213 usucapi.

523 2218 584 2285 4.
629 2217 708 2283 D.
727 2219 879 2284 ibid.
898 2223 939 2300 ἓ
958 2220 1062 2284 22.
1093 2255 1177 2266 -
1205 2218 1565 2302 Municipes
1602 2241 1714 2300 per
1749 2239 1817 2283 se
1848 2218 2010 2282 nihil
2038 2216 2379 2302 possidere

343 2310 638 2391 possunt,
686 2308 836 2393 quia
879 2308 1166 2373 universi
1211 2308 1577 2373 consentire
1612 2330 1745 2373 non
1780 2310 2071 2390 possunt.
2152 2305 2379 2371 forum

347 2399 563 2460 autem
611 2401 677 2460 et
723 2396 1056 2462 basilicam
1102 2395 1331 2480 hisque
1378 2396 1616 2461 similia
1661 2418 1791 2461 non
1837 2396 2199 2480 possident,
2257 2396 2379 2459 sed

342 2485 705 2568 promiscue
741 2484 845 2549 his
883 2489 1166 2550 utuntur.
1241 2485 1353 2550 sed
1380 2484 1442 2549 N
1446 2506 1594 2549 erva
1620 2484 1791 2548 filius
1821 2485 1931 2568 ait,
1968 2506 2083 2568 per
2111 2505 2379 2549 servum

346 2595 508 2658 quae
545 2574 951 2658 peculiariter
987 2573 1409 2659 adquisierint
1448 2576 1512 2637 et
1548 2573 1877 2657 possidere
1916 2577 1982 2637 et
2017 2593 2377 2656 usucapere

343 2684 551 2747 posse.

522 2750 579 2817 5.
642 2751 720 2816 D.
753 2753 858 2837 41,
886 2754 946 2835 2,
974 2753 1034 2837 3,
1065 2751 1165 2817 13.
1263 2750 1508 2816 Paulus
1563 2751 1731 2815 libro
1787 2750 2375 2834 quinquagensimo

347 2843 576 2923 quarto
613 2839 694 2903 ad
732 2838 1010 2904 edictum
1038 2838 1138 2923 (P.
1159 2837 1364 2925 658⁰).
1395 2875 1475 2886 —
1506 2838 1724 2904 Nerva
1759 2838 1929 2903 filius
1961 2860 2063 2902 res
2092 2837 2375 2903 mobiles

347 2930 610 3009 excepto
674 2926 961 3010 homine,
1025 2931 1341 3011 quatenus
1408 2927 1526 2991 sub
1592 2926 1883 2992 custodia
1935 2930 2161 2992 nostra
2216 2927 2376 3011 sint,

344 3015 658 3080 hactenus
682 3016 1014 3100 possideri,
1039 3015 1106 3080 id
1127 3020 1227 3081 est
1246 3018 1578 3101 quatenus,
1608 3015 1664 3079 si
1682 3016 1974 3099 velimus,
2002 3016 2370 3080 naturalem

345 3103 820 3188 possessionem
894 3105 1178 3169 nancisci
1250 3104 1590 3187 possimus.
1697 3126 1852 3169 nam
1914 3125 2109 3189 pecus
2176 3104 2373 3169 simul

347 3195 543 3276 atque
608 3192 1003 3258 aberraverit
1067 3196 1180 3258 aut
1244 3215 1359 3258 vas
1420 3194 1515 3258 ita
1568 3193 1897 3276 exciderit,
1960 3197 2035 3257 ut
2088 3215 2217 3258 non
2274 3192 2373 3256 in-

347 3280 670 3365 veniatur,
723 3282 1022 3365 protinus
1080 3282 1369 3347 desinere
1417 3304 1456 3347 a
1499 3282 1687 3348 nobis
1733 3280 2080 3367 possideri,
2134 3281 2283 3346 licet
2332 3303 2371 3345 a

346 3369 526 3434 nullo
579 3370 1010 3457 possideatur,
1073 3370 1477 3436 dissimiliter
1532 3374 1728 3456 atque
1783 3370 1841 3435 si
1896 3370 2014 3434 sub
2072 3368 2371 3435 custodia

347 3479 492 3522 mea
556 3457 644 3523 sit
705 3481 822 3525 nec
885 3460 1254 3526 inveniatur
1310 3460 1491 3547 [quia
1547 3458 1917 3544 praesentia
1971 3458 2107 3523 eius
2165 3458 2251 3524 sit
2303 3461 2372 3524 et

343 3549 602 3612 tantum
651 3552 863 3615 cessat
908 3549 1171 3615 interim
1218 3549 1493 3635 diligens
1540 3548 1920 3631 inquisitio].
