2575 3900
345 199 476 264 428
549 200 616 256 v.
654 198 955 255 NERVAE
995 198 1088 253 ΕΤ
1123 198 1428 253 TRAIANI
1461 198 1673 254 TEMP.
1707 197 1898 253 mms
1933 162 2294 252 comum

343 362 535 444 fundi
585 368 905 449 emeretur,
958 363 1293 428 cavendum
1338 367 1526 445 putat
1575 382 1700 428 esse
1741 362 1943 427 Labeo
1977 381 2094 442 per
2139 364 2193 423 te
2236 380 2370 423 non

342 453 510 536 fieri,
553 472 672 533 quo
717 453 925 516 minus
967 473 1032 516 eo
1077 453 1214 516 iure
1255 454 1350 515 uti
1382 453 1608 533 possit,
1651 451 1799 533 quia
1843 450 2023 515 nulla
2066 450 2373 514 eiusmodi

345 542 510 605 iuris
552 561 750 605 vacua
795 541 1048 605 traditio
1093 544 1255 606 esset.
1328 561 1430 622 eqo
1467 545 1618 622 puto
1662 560 1844 605 usum
1887 540 2021 603 eius
2055 538 2219 602 iuris
2248 558 2371 619 pro

344 630 674 693 traditione
719 630 1121 711 possessionis
1163 630 1585 710 accipiendum
1628 648 1751 693 esse
1792 629 2038 709 ideoque
2082 630 2139 691 et
2180 627 2373 690 inter-

343 718 509 783 dicta
551 717 738 782 veluti
767 720 1150 800 posses-soria
1193 719 1523 783 constituta
1564 722 1727 782 sunt.

526 806 670 871 108.
708 806 786 871 D.
815 808 912 889 18,
936 808 992 889 1,
1014 808 1117 889 80,
1141 807 1194 871 1.
1253 804 1470 872 Labeo
1500 806 1663 870 libro
1685 805 1910 890 quinto
1932 804 2373 886 posteriorum

345 916 384 959 a
420 893 725 961 Iavoleno
763 895 1284 979 epitomatorum.
1311 932 1400 941 -
1427 895 1643 959 Huius
1678 896 1770 958 rei
1802 894 2165 975 emptionem
2190 912 2375 973 posse

341 984 482 1067 fieri
525 985 695 1049 dixi:
752 984 930 1067 equae
973 1005 1049 1049 ex
1093 986 1243 1049 meis
1286 983 1535 1048 aedibus
1581 984 1650 1047 in
1696 988 1834 1047 tuas
1878 983 2055 1047 aedes
2086 982 2376 1063 proiecta

342 1076 510 1154 sunt,
573 1079 646 1137 ut
707 1094 780 1137 ea
843 1073 999 1137 mihi
1059 1074 1151 1137 ita
1212 1071 1429 1137 habere
1494 1071 1712 1154 liceat',
1782 1072 1968 1152 deque
2029 1091 2103 1135 ea
2164 1090 2231 1134 re
2296 1090 2376 1134 ex

343 1182 436 1226 em
481 1166 539 1226 to
665 1162 705 1227 i.

431 1182 479 1243 P
584 1182 663 1245 ay
929 1238 1023 1297 De
1066 1239 1217 1297 silva
1262 1238 1483 1297 caedua
1526 1238 1773 1296 vendita.

528 1338 673 1404 109.
719 1339 797 1403 Ι).
825 1339 977 1403 ibid.
1005 1341 1046 1419 ξ
1075 1340 1131 1403 2.
1171 1375 1256 1384 -
1296 1336 1473 1404 Silva
1508 1339 1739 1403 caedua
1774 1338 1844 1401 in
1880 1336 2377 1420 quinquennium

347 1428 632 1493 venierat.
713 1428 1134 1511 quaerebatur,
1180 1448 1320 1493 cum
1358 1427 1544 1509 ylans
1586 1428 1913 1508 decidisset,
1956 1427 2161 1489 utrius
2204 1428 2377 1489 esset.

347 1517 471 1581 scio
524 1515 807 1581 Servium
855 1518 1260 1599 respondisse,
1302 1518 1589 1599 primum
1631 1516 2000 1596 sequendum
2043 1535 2169 1580 esse
2210 1514 2380 1595 quod

346 1610 670 1688 appareret
729 1610 932 1670 actum
990 1626 1145 1682 esse,·
1206 1606 1373 1687 quod
1420 1606 1479 1669 si
1530 1606 1601 1669 in
1654 1603 1901 1669 obscuro
1956 1608 2127 1685 esset,
2190 1622 2377 1685 quae-

347 1713 602 1776 cumque
649 1694 834 1777 qlans
887 1715 961 1759 ex
1012 1694 1110 1759 his
1165 1694 1487 1759 arboribus
1538 1714 1693 1776 quae
1744 1713 1953 1757 caesae
2006 1712 2133 1757 non
2176 1696 2379 1757 essent

346 1782 674 1866 cecidisset,
718 1784 1050 1847 venditoris
1094 1804 1243 1865 esse,
1287 1803 1425 1847 eam
1468 1788 1689 1862 autem,
1734 1802 1889 1863 quae
1932 1782 2005 1847 in
2050 1780 2377 1845 arboribus

343 1870 566 1952 fuisset
606 1892 672 1935 eo
719 1876 978 1954 tempore
1012 1892 1150 1937 cum
1194 1872 1339 1937 haec
1382 1872 1786 1951 caederentur,
1834 1872 2135 1953 emptoris.

906 2037 1000 2096 De
1042 2039 1306 2097 venditae
1348 2038 1437 2096 rei
1467 2025 1801 2096 traditione.

533 2137 675 2203 110.
733 2137 810 2204 D.
843 2138 995 2204 ibid.
1025 2141 1066 2219 ς
1095 2138 1154 2202 3.
1203 2173 1287 2184 -
1334 2138 1531 2203 Nemo
1574 2142 1774 2220 potest
1824 2139 2019 2202 videri
2062 2157 2199 2202 eam
2242 2157 2375 2201 rem

348 2228 710 2310 vendidisse,
762 2228 837 2291 de
877 2229 1053 2292 cuius
1097 2228 1367 2292 dominio
1412 2228 1483 2291 id
1523 2227 1757 2309 ayitur,
1800 2246 1877 2290 ne
1920 2227 2008 2291 ad
2046 2230 2375 2308 emptorem

351 2321 642 2398 transeat,
677 2317 785 2381 sed
817 2315 926 2381 hoc
964 2321 1078 2381 aut
1102 2317 1321 2380 locatio
1347 2320 1436 2380 est
1458 2321 1573 2380 aut
1596 2313 1775 2378 aliud
1792 2335 1985 2397 qenus
2010 2319 2374 2380 contractus.

531 2405 678 2471 111.
750 2404 829 2471 D.
877 2405 990 2486 41,
1039 2407 1112 2486 2,
1153 2403 1258 2469 51.
1358 2403 1698 2468 Iavolenus
1762 2403 1931 2467 libro
1997 2404 2227 2486 quinto
2296 2424 2375 2467 ex

347 2494 816 2578 posterioribus
880 2492 1220 2559 Labeonis,
1284 2529 1358 2539 —
1423 2492 1832 2573 Quarundam
1893 2512 2101 2555 rerum
2159 2492 2375 2556 animo

340 2585 782 2665 possessionem
845 2585 1042 2666 apisci
1103 2602 1213 2647 nos
1275 2584 1371 2646 ait
1424 2581 1654 2659 Labeo,
1723 2581 1909 2645 veluti
1969 2582 2027 2644 si
2086 2600 2375 2644 acervum

350 2671 658 2755 liqnorum
703 2693 897 2738 emero
933 2678 993 2737 et
1025 2691 1162 2736 eum
1197 2671 1473 2735 venditor
1508 2669 1711 2734 tollere
1746 2689 1841 2733 me
1876 2671 2136 2750 iusserit,
2180 2668 2376 2733 simul

347 2767 530 2862 atque
573 2763 910 2826 custodiam
944 2761 1307 2842 posuissem,
1357 2759 1623 2823 traditus
1666 2757 1823 2822 mihi
1864 2759 2120 2822 videtur.
2213 2758 2373 2821 idem

350 2850 512 2913 iuris
555 2869 680 2914 esse
723 2850 864 2913 vino
907 2850 1164 2932 vendito,
1207 2868 1349 2913 cum
1391 2847 1709 2911 universae
1752 2845 2085 2928 amphorae
2120 2847 2253 2910 vini
2287 2847 2371 2910 si-

349 2937 484 3000 mul
527 2942 736 3002 essent.
825 2938 932 3001 sed
971 2938 1304 3020 videamuS,
1347 2936 1568 3017 inquit,
1608 2955 1687 2998 ne
1728 2934 1873 2998 haec
1916 2937 2056 3016 ipsa
2100 2935 2375 3016 corporis

352 3025 605 3089 traditio
648 3025 748 3101 sit,
793 3026 943 3106 quia
976 3023 1137 3089 nihil
1171 3025 1437 3108 interest,
1481 3027 1692 3087 utrum
1728 3023 1883 3086 mihi
1917 3044 2003 3088 an
2038 3027 2098 3086 et
2131 3022 2376 3088 cuilibet

352 3113 636 3176 iusserim
679 3113 952 3177 custodia
993 3114 1301 3178 tradatur.
1381 3114 1453 3176 in
1486 3132 1551 3176 eo
1578 3115 1731 3192 puto
1768 3111 1927 3176 hanc
1961 3113 2373 3195 quaestionem

351 3200 685 3284 consistere,
730 3221 834 3284 an,
877 3202 1123 3266 etiamsi
1165 3222 1411 3282 corpore
1455 3220 1702 3265 acervus
1744 3205 1858 3264 aut
1899 3200 2231 3284 amphorae
2266 3201 2371 3264 ad-

339 3286 676 3370 prehensae
735 3309 862 3352 non
921 3293 1092 3367 sunt,
1163 3289 1359 3354 nihilo
1422 3289 1630 3352 minus
1693 3289 1957 3354 traditae
2016 3291 2339 3354 videantur
2346 3308 2369 3366 ,·

351 3374 515 3440 nihil
565 3377 734 3440 video
785 3377 1094 3460 interesse,
1157 3381 1367 3442 utrum
1420 3378 1549 3458 ipse
1600 3397 1883 3440 acervum
1936 3398 2023 3441 an
2076 3378 2371 3441 mandato

352 3482 484 3528 meo
541 3464 770 3546 aliquis
823 3465 1152 3540 custodiat‚·
1215 3464 1541 3545 utrubique
1594 3464 1794 3528 animi
1846 3467 2110 3550 quodam
2156 3484 2373 3547 ‚qenere

340 3553 644 3635 possessio
687 3551 806 3616 erit
847 3553 1249 3616 aestimanda.
