2575 3900
401 162 529 227 160
566 162 660 218 ΙΙΙ.
696 162 849 218 GAII
869 162 1160 218 CLAUDII
1178 161 1450 218 NERON.
1470 160 1758 217 GALBAE
1776 161 1992 219 ΤΕΜΡ.
2010 162 2206 219 IURIS
2227 162 2429 220 CONS.

403 327 552 408 sint,
587 324 779 390 hodie
818 326 999 406 alter,
1037 324 1203 391 alter
1237 328 1503 409 postera
1527 325 1630 389 die
1658 324 2078 409 responderit,
2116 325 2426 391 Proculus

394 435 527 479 non
582 435 723 478 esse
780 414 939 479 duos
986 435 1131 479 reos
1178 436 1253 479 ac
1298 436 1394 493 ne„
1427 415 1787 499 obligatum
1833 413 2088 499 quidem
2135 415 2429 498 intellegi

402 523 578 585 eum,
624 503 737 586 qui
781 506 1042 586 postera
1087 502 1189 567 die
1234 502 1705 588 respondet-aff,
1751 525 1896 570 cum
1943 506 2123 569 actor
2170 504 2252 568 ad
2299 503 2428 568 alia

395 592 659 676 negotia
724 592 1089 657 discesserit
1150 593 1253 658 vel
1306 592 1689 676 promissor,
1753 592 1906 658 licet
1959 594 2238 677 peractis
2293 592 2428 657 illis

393 680 586 745 rebus
631 680 1079 765 responderit}

571 790 774 851 Eisele
821 792 882 850 Z.
914 791 967 853 d.
1000 790 1267 853 Sam-St.
1297 790 1472 869 XIII,
1507 794 1656 855 149.

580 894 683 959 87.
733 893 808 957 D.
827 892 934 970 45,
960 895 1015 978 1,
1036 894 1093 959 8.
1174 892 1417 957 Paulus
1465 893 1634 957 libro
1677 892 1954 958 secundo
1995 893 2076 957 ad
2114 891 2430 960 Sabinum

398 978 500 1068 (P.
524 979 743 1068 1625).
786 1018 863 1029 -
905 980 982 1045 In
1028 981 1142 1046 illa
1188 982 1632 1064 stipulatione:
1681 980 1762 1045 ‘si
1801 981 2095 1047 kalendis
2136 981 2431 1048 Stichum

395 1092 529 1135 non
588 1071 862 1154 dederiS,
926 1071 1143 1135 decem
1199 1071 1353 1135 dare
1409 1070 1755 1153 spondes?
1853 1074 2110 1136 mortuo
2163 1072 2430 1137 homine

401 1160 753 1244 quaeritur,
790 1182 872 1223 an
910 1158 1134 1224 statim
1172 1163 1324 1224 ante
1361 1159 1670 1223 kalendas
1710 1160 1818 1245 agi
1847 1159 2072 1243 possit.
2147 1158 2428 1227 Sabinus

398 1248 711 1315 Proculus
758 1247 1257 1332 exspectandum
1307 1248 1477 1313 diem
1525 1248 1728 1313 actori
1773 1251 2024 1332 putant.

577 1338 680 1403 88.
737 1337 817 1402 D.
844 1337 952 1423 45,
984 1340 1039 1418 l,
1074 1338 1218 1421 112,
1249 1338 1306 1402 1.
1396 1336 1575 1400 Idem
1633 1332 1749 1423 (sc.
1785 1335 2211 1424 Pomponius)
2258 1338 2430 1404 libro

398 1426 625 1510 quinto
692 1425 938 1491 decimo
995 1425 1079 1490 ad
1134 1423 1444 1500 Quintum
1500 1424 1785 1490 Mucium
1839 1424 1940 1512 (P.
1978 1424 2156 1513 271).
2222 1462 2294 1473 —
2357 1424 2434 1493 Si

399 1534 543 1617 quis
600 1533 694 1597 ita
750 1533 1097 1617 stipulatus
1154 1532 1376 1596 fuerit:
1433 1530 1575 1617 ‘pro
1630 1516 1841 1598 HS‘0'1
1897 1533 2054 1597 satis
2110 1532 2433 1599 dabisW:

397 1620 713 1686 Proculus
752 1622 845 1685 ait
882 1643 1134 1705 semper
1170 1620 1240 1685 in
1268 1621 1714 1686 satisdationis
1745 1621 2163 1703 stipulatione
2191 1622 2432 1708 venire,

401 1711 571 1795 quod
622 1712 965 1775 interesset
1010 1709 1408 1795 stipulantis,
1462 1714 1534 1773 ut
1582 1710 1745 1773 alias
1790 1714 1933 1774 tota
1979 1732 2121 1776 sors
2168 1711 2432 1794 inesset,

394 1800 600 1864 veluti
656 1800 711 1864 si
766 1798 1036 1863 idoneus
1090 1799 1448 1883 promissor
1500 1820 1633 1863 non
1689 1798 1798 1881 sit,
1854 1799 2018 1863 alias
2070 1798 2313 1883 minus,
2371 1804 2431 1866 si

396 1888 466 1952 in
526 1887 766 1974 aliquid
819 1887 1087 1954 idoneus
1144 1892 1313 1954 esset
1369 1887 1646 1972 debitor,
1711 1888 1870 1953 alias
1926 1887 2118 1973 nihil,
2178 1888 2235 1954 si
2288 1894 2432 1956 tam

397 1978 687 2062 locuples
744 1982 941 2061 esset,
994 1982 1068 2041 ut
1115 1981 1340 2042 nostra
1384 1999 1515 2042 non
1562 1976 1819 2041 intersit
1864 1979 2023 2042 satis
2069 1978 2151 2042 ab
2198 1999 2274 2043 eo
2323 2002 2433 2045 ac-

400 2065 639 2152 cipere,
675 2066 804 2131 nisi
840 2067 1010 2150 quod
1047 2067 1424 2151 plerumque
1461 2067 1678 2131 idonei
1710 2071 2004 2131 nontam
2031 2067 2432 2152 patrimonio

399 2177 591 2238 quam
637 2154 763 2218 fide
810 2177 1062 2239 quoque
1109 2157 1624 2220 aestimarentur.
2391 2189 2398 2192 ·

575 2244 678 2309 89.
744 2243 822 2310 D.
859 2244 963 2322 45,
995 2247 1053 2329 1,
1083 2244 1208 2309 138
1229 2266 1325 2328 pr.
1425 2243 1605 2308 Idem
1660 2242 1776 2330 (sc.
1816 2241 2199 2332 Venuleius)
2254 2245 2427 2313 libro

397 2336 627 2417 quarto
677 2330 1179 2416 Stipulationum
1236 2329 1337 2419 (P.
1375 2329 1512 2418 60).
1562 2368 1637 2379 --
1687 2333 1891 2419 Eum,
1939 2335 2050 2417 qui
2103 2338 2430 2400 certarum

394 2421 829 2486 nundinarum
893 2421 1115 2486 diebus
1181 2421 1321 2486 dari
1384 2421 1758 2505 stipuletur,
1820 2421 2029 2505 primo
2083 2422 2431 2509 (tantum)

396 2511 496 2574 die
532 2516 752 2596 petere
793 2531 983 2594 posse
1023 2509 1303 2575 Sabinus
1341 2511 1449 2575 ait.
1516 2509 1827 2575 Proculus
1866 2515 2080 2576 autem
2121 2515 2186 2577 et
2223 2515 2424 2578 ceteri

396 2599 688 2665 diversae
726 2601 984 2666 scholae
1014 2604 1328 2678 auctoreS,
1366 2599 1671 2685 quamdiu
1699 2601 1801 2664 vel
1832 2599 2138 2686 exiguum
2166 2603 2427 2686 tempus

396 2711 473 2754 ex
510 2689 943 2754 nundinarum
985 2689 1195 2773 spatio
1235 2693 1617 2772 superesset,
1653 2688 1789 2771 peti
1817 2711 2008 2772 posse
2037 2689 2429 2755 existimant.

572 2779 675 2843 90.
724 2777 803 2844 D.
821 2778 927 2860 46,
949 2778 1009 2863 3,
1031 2778 1134 2861 93,
1155 2778 1214 2842 3.
1299 2775 1608 2842 Scaevola
1655 2778 1820 2842 libro
1868 2777 2186 2862 singulari
2225 2777 2429 2855 Quae-

396 2866 680 2930 stionum
735 2867 987 2950 publice
1043 2869 1473 2931 tractatarum
1521 2862 1621 2953 (P.
1657 2863 1828 2952 193).
1876 2902 1959 2912 —
2009 2866 2108 2952 (Si
2159 2867 2283 2931 duo
2330 2869 2427 2933 rei

398 2955 530 3018 sint
596 2955 1015 3039 promittendi
1081 2959 1147 3020 et
1211 2955 1378 3020 alter
1443 2955 1717 3019 alterum
1782 2954 2083 3020 heredem
2148 2957 2429 3041 scripsit,

398 3042 812 3108 confunditur
848 3044 1180 3130 obligatio.
1256 3045 1363 3108 sed
1397 3044 1451 3108 si
1482 3065 1628 3107 reus
1656 3043 1956 3108 heredem
1984 3044 2425 3110 fideiussorem

398 3131 754 3215 scripserit,
818 3133 1231 3198 confunditur
1293 3128 1656 3219 obligatio.)
1757 3131 1907 3216 quid
1967 3184 1980 3198 .
2012 3184 2025 3197 .
2055 3183 2098 3219 .,
2162 3135 2216 3198 si
2271 3134 2426 3198 fide-

397 3219 611 3286 iussor
648 3242 827 3285 reum
864 3222 1164 3286 heredem
1203 3221 1578 3305 scripserit?
1651 3222 2074 3287 confundetur
2107 3223 2422 3307 obligatio

396 3309 741 3375 secundum
791 3310 1017 3375 Sabini
1064 3313 1471 3392 sententiam,
1520 3311 1673 3378 licet
1709 3310 2017 3377 Proculus
2066 3311 2420 3376 dissentiat.

540 3474 569 3521 1
615 3467 761 3522 Trib.
801 3470 1022 3522 centum
1061 3469 1257 3524 aureis.

538 3545 569 3592 2
614 3539 760 3594 ’.Γπ-ἑὸ.
802 3538 995 3595 dabis?
1051 3545 1110 3594 et
1143 3556 1300 3594 reum
1339 3537 1554 3596 dederis
1589 3538 1649 3594 in
1684 3539 1851 3595 istam
1891 3556 2177 3596 summam.
