2575 3900
805 179 853 229 e.
900 171 1317 229 IAVOLENUS
1351 171 1646 228 Pmscns
2098 134 2250 242 415„

959 350 1054 410 De
1096 368 1245 410 nave
1289 351 1493 424 leyata.

393 460 499 527 48.
558 461 633 526 D.
664 460 771 546 50,
802 460 903 545 16,
940 461 1073 525 242
1102 482 1196 543 pr.
1243 496 1329 507 —-
1375 460 1719 525 Iavolenus
1755 460 1922 526 libro
1965 461 2242 527 seeundo

217 572 294 615 ex
330 549 798 635 posterioribus
835 549 1178 614 Labeonis,
1207 584 1292 597 -
1324 548 1580 614 Malum
1613 550 1795 615 navis
1830 569 1955 615 esse
1983 554 2242 635 partem,

213 644 588 705 artemonem
652 644 856 704 autem
921 658 1049 703 non
1111 657 1238 704 esse
1289 636 1495 703 Labeo
1548 639 1666 723 ait,
1724 638 1875 721 quia
1913 640 2245 721 pleraeque

213 748 403 794 naves
475 728 610 793 sine
679 728 846 794 malo
911 728 1162 793 inutiles
1232 731 1451 811 essent,
1525 728 1773 809 ideoque
1841 748 1996 810 pars
2060 728 2244 795 navis

213 816 498 895 habetur,·
557 820 788 882 artemo
843 821 1052 882 autem
1103 817 1306 899 mayis
1358 817 1793 882 adiectamento
1846 837 2033 899 quam
2082 836 2245 899 pars

213 907 397 972 navis
441 910 540 971 est.
693 970 698 975 .
2248 948 2250 955 ·

738 1000 834 1059 De
877 1001 1022 1078 ole0,
1067 1001 1278 1067 tritico,
1324 1001 1456 1059 vino
1502 1000 1717 1073 leyatis.

395 1110 498 1174 49.
566 1108 646 1173 D.
683 1109 789 1193 33,
825 1109 886 1191 6,
925 1110 983 1176 7.
1044 1144 1114 1155 -
1178 1106 1521 1173 Iavolenus
1585 1109 1755 1174 libro
1821 1110 2098 1175 secundo
2163 1132 2244 1175 ex

217 1197 690 1283 posterioribus
723 1197 1061 1263 Labeonis
1099 1233 1181 1244 -
1225 1196 1493 1277 Quidam
1528 1198 1800 1264 heredem
1835 1200 2243 1264 damnaverat

216 1288 368 1353 dare
419 1287 605 1351 uxori
657 1307 807 1352 suae
850 1288 1065 1351 vinum
1108 1286 1307 1352 oleum
1346 1286 1730 1367 frumentum
1775 1293 2012 1353 acetum
2056 1287 2243 1353 mella

214 1376 606 1442 salsamenta.
719 1375 1042 1441 Trebatius
1112 1375 1320 1440 aiebat
1388 1396 1462 1440 ex
1530 1377 1796 1459 sinyulis
1864 1376 2043 1441 rebus
2112 1397 2246 1442 non

217 1466 488 1547 amplius
531 1465 758 1547 deberi,
802 1485 992 1547 quam
1034 1470 1337 1546 quantum
1379 1463 1550 1530 heres
1591 1466 1840 1529 mulieri
1883 1466 2031 1531 clare
2073 1466 2240 1531 volu-

216 1556 386 1637 isset,
441 1555 736 1635 quoniam
788 1574 915 1618 non
966 1554 1270 1617 adiectum
1314 1558 1486 1636 esset,
1539 1558 1839 1635 quantum
1884 1575 1958 1619 ex
2000 1574 2246 1637 quaque

215 1664 284 1707 re
343 1644 612 1708 daretur.
715 1641 938 1725 Ofilius
993 1640 1323 1707 Cascellius
1381 1641 1613 1708 Tubero
1673 1663 1874 1726 omne,
1935 1648 2239 1725 quantum

206 1736 392 1815 pater
458 1730 748 1813 familias
813 1731 1182 1816 reliquisset,
1253 1730 1515 1813 leyatum
1568 1736 1815 1813 putant.
1909 1732 2113 1797 Labeo
2175 1732 2247 1797 id

204 1821 436 1905 probat
478 1821 658 1902 idque
699 1840 912 1884 verum
955 1824 1058 1884 est.

396 1906 501 1978 50.
529 1908 610 1974 D.
629 1908 782 1974 ibid.
801 1910 841 1990 ἓ
863 1909 919 1974 1.
947 1944 1038 1956 --
1063 1906 1282 1975 ‘Lucio
1315 1908 1479 1974 Titio
1508 1910 1699 1975 tritici
1724 1910 1958 1976 modios
1984 1914 2243 1994 centum,

217 2000 327 2082 qui
369 2000 605 2083 sivvquli
636 2000 847 2082 pondo
891 2003 1129 2064 centum
1165 1999 1491 2082 pendeant,
1534 1999 1706 2064 heres
1748 1997 1932 2065 dato?
2018 1998 2249 2082 Ofilius

217 2087 382 2154 nihil
410 2088 672 2171 leyatum
698 2108 839 2170 esse,
866 2090 1028 2170 quod
1051 2092 1108 2152 et
1135 2087 1335 2154 Labeo
1352 2088 1596 2172 probat,
1622 2088 1919 2170 quoniam
1944 2089 2247 2154 eiusmodi

219 2178 490 2242 triticum
543 2178 616 2242 in
667 2197 877 2241 rerum
928 2181 1162 2242 natura
1205 2197 1333 2241 non
1376 2181 1537 2242 esset.
1624 2179 1787 2259 quod
1828 2198 2039 2242 verum
2072 2182 2243 2259 puto.

399 2266 504 2332 51.
557 2264 636 2333 D.
667 2265 775 2350 33,
815 2267 872 2346 1,
905 2266 1004 2342 17,
1039 2267 1094 2330 1.
1167 2263 1385 2331 Labeo
1432 2265 1599 2330 libro
1648 2265 1926 2332 seeundo
1972 2265 2252 2349 posteri-¹

221 2377 409 2420 orum
456 2377 494 2418 a
531 2355 837 2419 Iavoleno
881 2355 1402 2438 epitomatorum.
1440 2391 1530 2401 —
1566 2353 1750 2420 ‘Vini
1784 2354 2051 2420 Falerni
2083 2355 2248 2437 quod

219 2444 389 2510 domi
460 2449 837 2526 nasceretur,
905 2444 1238 2524 quotannis
1309 2443 1379 2507 in
1450 2462 1649 2508 annos
1718 2443 1993 2526 sinyulos
2072 2444 2246 2509 binos

223 2532 424 2598 culeos
467 2531 635 2598 heres
680 2552 851 2598 meus
896 2531 1073 2597 Attio
1117 2528 1301 2596 dato?
1394 2533 1583 2596 etiam
1619 2553 1739 2614 pro
1784 2553 1851 2596 eo
1886 2552 2080 2616 anno,
2124 2553 2243 2615 quo

220 2619 385 2686 nihil
440 2621 574 2686 vini
627 2626 848 2686 natum
900 2625 1012 2703 est,
1082 2619 1282 2685 deberi
1335 2621 1489 2686 duos
1542 2621 1764 2700 culeos,
1826 2621 1885 2686 si
1936 2622 2113 2686 modo
2167 2641 2245 2686 ex

219 2710 534 2777 vindemia
576 2715 910 2776 ceterorum
955 2729 1264 2774 annorum
1308 2709 1455 2775 dari
1488 2710 1702 2792 possit.

779 2893 875 2953 De
917 2893 1132 2953 mundo
1175 2893 1445 2952 muliebri
1488 2893 1686 2967 leyato.

402 3003 507 3068 52.
566 3003 644 3068 D.
683 3004 789 3086 34,
817 3004 877 3087 2,
913 3004 999 3070 39
1026 3024 1122 3089 pr.
1210 3003 1555 3068 Iavolenus
1614 3001 1782 3068 libro
1840 3003 2118 3068 seeundo
2167 3024 2245 3067 ex

219 3092 694 3178 posterioribus
739 3092 1078 3158 Labeonis
1125 3098 1200 3139 —'
1245 3090 1322 3157 Si
1372 3092 1557 3157 uxori
1608 3093 1876 3158 mundus
1928 3091 2249 3158 muliebris

222 3182 457 3265 leyatus
515 3187 688 3260 esset,
742 3202 815 3247 ea
871 3187 1111 3246 tantum
1165 3183 1342 3247 modo
1386 3181 1588 3246 deberi
1635 3179 1857 3263 Ofilius
1902 3181 2103 3246 Labeo
2148 3202 2243 3245 re-

219 3272 626 3355 sponderunt,
681 3291 837 3353 quae
889 3292 965 3336 eoe
1017 3269 1116 3336 his
1169 3271 1405 3335 tradita
1457 3270 1669 3335 utendi
1721 3290 1911 3335 causa
1962 3272 2149 3335 uxori
2202 3290 2246 3334 a

220 3360 354 3424 viro
405 3359 702 3440 fuissent;
757 3359 941 3425 aliter
983 3360 1150 3425 enim
1183 3359 1721 3440 interpretantibus
1763 3378 2073 3424 summam
2113 3359 2247 3439 fore

221 3449 581 3532 captionem,
623 3450 682 3514 si
723 3449 1109 3514 vascularius
1153 3453 1266 3512 aut
1295 3447 1474 3528 faber
1511 3449 1902 3529 amentarius
1935 3447 2119 3512 uxori
2152 3447 2247 3511 ita

222 3537 489 3620 leyasset.
