2575 3900
986 188 1035 237 9.
1072 180 1486 238 ATILICINUS
2117 181 2243 246 185

220 370 293 412 re
351 368 505 412 vera
558 345 745 411 heres
802 349 967 426 erat,
1026 345 1193 410 actio
1246 345 1388 410 dari
1434 344 1708 411 deberet.
1798 344 2108 411 Proculus
2151 366 2246 411 re-

222 436 491 521 spondit
534 435 806 500 rescisso
854 435 1087 500 iudicio
1134 456 1328 519 posse
1375 435 1501 519 agi.

400 530 603 601 Quae·
640 531 995 605 sequuntur:
1081 522 1283 604 ‘idque
1357 530 1449 588 est
1519 521 1773 606 verum',
1845 527 2069 587 Iuliani
2138 529 2244 588 ha-

220 619 421 680 benda
465 620 622 678 sunt.

896 858 979 941 9.
1048 862 1589 937 ATILIOINUS

398 1028 549 1087 iuris
614 1026 927 1087 consultus
990 1044 1129 1085 cum
1179 1026 1435 1086 Proculo
1494 1025 1840 1085 litterarum
1893 1027 2245 1087 commercio

216 1118 575 1179 coniunctus
630 1108 733 1197 (D.
775 1117 877 1189 23,
914 1118 975 1193 4,
1015 1118 1051 1175 6
1110 1108 1460 1175 ‘Atilicinus
1515 1115 1768 1175 Proculo
1823 1133 1932 1175 suo
1989 1117 2246 1176 salutem

215 1255 229 1267 .
273 1253 287 1267 .
321 1253 334 1266 .
393 1206 687 1266 Proculus
740 1197 1133 1285 respondit'),
1197 1216 1464 1282 quocum·
1510 1224 1634 1264 non
1684 1222 1820 1264 raro
1876 1206 2247 1264 consensisse

215 1295 481 1356 traditur
518 1289 621 1376 (D.
641 1296 743 1371 15,
763 1297 817 1366 1,
837 1298 918 1355 17
960 1287 1046 1353 ‘et
1074 1294 1367 1353 Proculus
1407 1295 1468 1352 et
1494 1292 1818 1353 Atilicinus
1857 1287 2244 1354 existimant'.

213 1385 289 1443 D.
318 1387 379 1459 4,
410 1386 467 1460 8,
500 1387 602 1461 21,
635 1387 670 1444 9
721 1377 1032 1441 ‘Proculus
1080 1386 1142 1442 et
1184 1382 1513 1442 Atilicinus
1561 1375 1774 1441 aiunt’.
1865 1382 1937 1441 D.
1965 1385 2022 1457 8,
2045 1384 2102 1460 3,
2125 1385 2183 1461 5,
2206 1386 2238 1442 1

219 1466 563 1534 ‘Ptoculum
627 1475 691 1531 et
746 1471 1106 1531 Atilicinum
1168 1471 1544 1531 existimasse
1608 1465 1719 1530 ait'
1783 1489 1863 1530 sc.
1908 1471 2195 1532 Neratius
2230 1518 2245 1549 ,

219 1550 517 1621 laudatus
542 1580 579 1620 a
615 1559 860 1619 Plautio
892 1552 995 1641 (D.
1015 1561 1292 1635 35‚2,49
1306 1579 1395 1635 pr.
1429 1607 1446 1638 ,
1479 1560 1720 1620 Aufidio
1751 1558 1900 1619 Chio
1929 1553 2194 1641 (νεά-..77
2232 1608 2246 1638 ,

213 1650 450 1709 Fufidio
516 1640 619 1731 (D.
659 1650 769 1726 34,
810 1651 876 1720 2,
916 1640 1014 1729 5),
1075 1648 1329 1709 Neratio
1416 1649 1488 1707 D.
1527 1650 1594 1723 8,
1634 1652 1700 1725 3,
1740 1652 1806 1724 5,
1850 1640 1942 1730 1),
2007 1650 2244 1710 Iuliano

217 1730 721 1817 (D.12,4,7pr.),
757 1736 1015 1797 Valente
1053 1731 1153 1817 (D.
1174 1729 1426 1821 32,19),
1464 1737 1792 1814 Pomponio
1828 1731 1928 1817 (D.
1950 1741 2125 1813 11,7,
2145 1741 2246 1817 28,

218 1828 322 1906 13,
366 1831 423 1905 7,
465 1830 500 1888 6
522 1847 610 1903 pr.
661 1829 764 1905 30,
801 1829 886 1887 48
906 1818 1023 1907 pr.)
1070 1825 1344 1904 aliisque,
1399 1830 1460 1886 et
1509 1826 1920 1902 respondendo
1965 1830 2029 1887 et
2072 1829 2244 1887 libris

219 1916 549 1978 scribendis
605 1934 851 1993 operam
896 1914 1077 1976 dedit.
1169 1914 1244 1975 cf.
1289 1916 1522 1976 Ferrini
1577 1916 1639 1975 Z.
1689 1916 1744 1977 d.
1791 1915 2061 1977 Sam-St.
2108 1916 2245 1996 VII,

394 2094 671 2155 Atilicini
706 2093 1133 2154 auctoritatem
1170 2093 1333 2169 apud
1366 2101 1636 2169 posteros
1673 2114 1794 2154 non
1830 2095 2024 2154 levem
2059 2095 2244 2155 fuisse

216 2185 485 2261 apparet.
570 2182 775 2244 Severi
821 2185 981 2243 certe
1028 2185 1229 2243 aetate
1276 2185 1341 2242 et
1385 2182 1676 2259 Ulpianus
1724 2202 1938 2260 operae
1982 2184 2246 2259 pretium

214 2271 587 2333 existimavit
626 2272 850 2331 referre
889 2272 1250 2331 sententiam
1286 2272 1418 2332 eius
1455 2271 1752 2350 quandam
1787 2291 1909 2332 non
1943 2275 2246 2350 receptam

216 2380 346 2421 esse
393 2355 497 2442 (D.
530 2363 632 2440 20,
664 2363 719 2435 6,
752 2363 811 2438 6,
840 2353 974 2442 21),
1020 2363 1083 2420 et
1126 2360 1353 2421 Paulus
1401 2360 1664 2420 eiusdem
1713 2361 2074 2421 sententiam
2118 2365 2246 2421 tam

211 2450 386 2510 libris
432 2450 509 2509 ad
546 2449 835 2509 Sabinum
872 2468 1051 2528 quam
1086 2451 1164 2508 ad
1198 2449 1510 2510 Plautium
1544 2450 1788 2509 rettulit
1825 2442 1902 2531 (I.
1934 2452 1992 2524 2,
2016 2453 2098 2510 14
2110 2445 2245 2529 pn),

216 2539 473 2616 denique
516 2537 892 2598 Iustinianus
950 2538 1200 2599 eandem
1242 2540 1398 2599 hanc
1445 2538 1802 2598 sententiam
1849 2558 1902 2598 a.
1935 2541 2056 2599 531
2109 2559 2246 2616 pro-

214 2626 386 2688 bavit
436 2621 529 2709 (O.
563 2631 619 2704 6,
652 2629 754 2706 27,
786 2620 853 2708 5)
909 2627 1344 2705 probatamque
1389 2627 1454 2686 in
1497 2626 1667 2687 novis
1716 2646 1950 2705 quoque
1996 2627 2243 2687 Institu-

216 2715 485 2777 tionibus
532 2711 601 2797 (1.
631 2708 710 2798 c.)
757 2716 988 2777 attulit.

983 2893 1031 2957 I.
1098 2894 1483 2971 Responsa.

392 3014 672 3079 Atilicini
731 3037 1019 3096 responsa
1080 3019 1354 3096 inprimis
1413 3018 1490 3078 ab
1553 3018 1794 3078 Aufidio
1861 3016 2008 3078 Chio
2075 3010 2242 3101 (Vat.

209 3109 285 3168 fr.
336 3111 419 3169 77
495 3102 873 3166 ‘Atilicinum
953 3108 1330 3185 respondisse
1401 3106 1680 3167 Aufidius
1753 3106 1935 3167 Chius
2001 3101 2242 3188 refert')

212 3201 278 3256 et
312 3195 546 3256 Fufidio
585 3187 682 3278 (D.
713 3199 820 3274 42,
849 3199 907 3271 2,
940 3198 977 3258 5
1018 3189 1223 3273 ‘Apud
1268 3196 1570 3255 Fufidium
1616 3196 2049 3267 Quaestionum
2088 3197 2243 3257 libro

212 3285 475 3345 secundo
519 3283 611 3345 ita
668 3286 961 3362 scriptum
1015 3289 1131 3346 est:
1198 3333 1211 3346 .
1243 3333 1257 3347 .
1287 3333 1300 3344 .
1357 3283 1682 3346 Atilicinus
1735 3289 1921 3362 negat
1975 3329 1988 3344 .
2021 3334 2032 3346 .
2063 3277 2134 3367 .’)
2183 3287 2245 3344 et

210 3374 454 3433 Plautio
501 3365 589 3456 (v.
616 3371 799 3450 infra)
846 3379 1087 3434 servata
1132 3376 1291 3434 sunt.

392 3463 521 3522 Hoc
566 3463 696 3523 loco
744 3482 817 3523 ea
860 3465 1099 3523 tantum
1143 3463 1412 3542 profero,
1469 3481 1622 3541 quae
1667 3461 2026 3522 Atilicinum
2071 3461 2243 3523 libris

210 3550 537 3613 inseruisse
582 3571 701 3612 non
746 3551 893 3612 satis
940 3554 1193 3613 constat.
