2575 3900
870 198 920 247 9.
959 190 1261 247 CAELIUS
1300 190 1606 245 SABINUS
2119 191 2250 256 253

222 378 375 421 eum
432 354 731 421 dominus
785 356 1143 439 reciperare
1198 376 1328 420 non
1377 354 1610 439 possit,
1665 354 1998 439 multoque
2045 356 2254 440 magis

222 445 409 510 illum
455 444 805 530 fugitivum
851 465 992 509 esse
1040 444 1153 528 qui
1199 465 1275 508 eo
1323 464 1391 508 se
1438 443 1758 527 conferat,
1806 445 1976 509 unde
2023 445 2257 511 abduci

223 556 357 599 non
402 533 632 617 possit.

410 623 513 687 16.
561 622 637 687 D.
666 622 821 688 ibid.
849 624 889 703 ξ
922 622 1024 687 15.
1061 656 1151 671 -·
1190 620 1381 704 Apud
1429 618 1720 685 Caelium
1768 621 2084 706 scriptum
2131 627 2257 688 est:

226 712 449 777 liberti
496 712 667 795 apud
703 714 1051 796 patronum
1086 709 1446 775 habitantis
1487 710 1600 793 sic,
1644 715 1717 775 ut
1755 713 1873 776 sub
1910 732 2044 775 una
2079 712 2260 777 clave

227 805 373 865 tota
429 799 565 865 eius
611 799 931 865 habitatio
980 802 1177 884 esset,
1236 820 1457 863 servus
1506 820 1584 863 ea
1629 805 1844 871 mente
1888 820 1972 864 ne
2018 800 2260 866 rediret

228 889 312 954 ad
376 911 551 969 eum,
625 892 806 953 extra
870 887 1343 953 habitationem
1408 888 1629 952 liberti
1693 888 1842 967 fuit,
1908 888 2018 953 sed
2085 890 2261 954 intra

230 978 421 1043 aedes
468 978 746 1061 patroni,
794 981 860 1041 et
903 980 1047 1042 tota
1091 980 1280 1042 nocte
1329 976 1616 1043 oblituit:
1664 976 1868 1041 videri
1905 997 2056 1048 ¹esse
2093 977 2261 1063 fugi-

226 1067 436 1143 tivum
478 1065 734 1132 Caelius
783 1067 895 1130 ait.
983 1067 1173 1148 plane
1221 1067 1278 1130 si
1322 1066 1520 1131 talem
1567 1065 1927 1131 custodiam
1965 1088 2042 1131 ea
2076 1067 2261 1132 habi-

229 1155 398 1221 tatio
445 1177 580 1221 non
625 1155 855 1220 habuit
900 1158 968 1219 et
1012 1154 1079 1219 in
1128 1176 1203 1220 ea
1249 1154 1414 1219 cella
1460 1154 1732 1219 libertus
1769 1154 2112 1235 habitavit,
2157 1156 2261 1221 cui

229 1266 571 1311 commune
636 1248 702 1308 et
754 1244 1194 1327 promiscuum
1252 1243 1539 1327 plurium
1594 1243 1904 1315 cellarum
1959 1245 2085 1308 iter
2140 1250 2262 1328 cst,

230 1335 459 1398 contra
503 1333 757 1417 placere
806 1331 1037 1397 debere
1086 1330 1342 1397 Caelius
1392 1333 1488 1397 ait
1533 1335 1598 1397 et
1642 1332 1858 1398 Labeo
1905 1334 2156 1419 probat.

408 1426 484 1489 cf.
521 1427 827 1487 Proculus·
857 1426 932 1486 D.
964 1430 1066 1505 21,
1100 1429 1156 1503 1,
1190 1428 1291 1503 17,
1321 1428 1361 1485 4
1391 1443 1576 1502 supra
1600 1447 1658 1502 p.
1693 1429 1836 1488 108.

415 1529 514 1593 17.
573 1528 654 1594 D.
682 1528 905 1609 ibid.§
938 1528 1041 1593 16.
1088 1564 1172 1575 —-
1219 1526 1400 1593 Idem
1447 1525 1704 1594 Caelius
1753 1529 1846 1593 ait
1891 1551 2146 1595 servum
2193 1529 2263 1594 in

230 1617 634 1701 provinciam
674 1617 946 1681 missum
984 1640 1023 1681 a
1061 1617 1344 1700 domino,
1390 1639 1536 1682 cum
1575 1638 1720 1681 eum
1759 1621 2084 1683 mortuum
2123 1640 2264 1683 esse

232 1711 297 1771 et
333 1709 731 1771 testamento
772 1728 839 1771 se
876 1707 1151 1771 liberum
1191 1704 1488 1770 relictum
1528 1707 1814 1771 audisset
1851 1714 1916 1771 et
1943 1707 2008 1771 in
2040 1708 2266 1772 eodem

234 1794 449 1860 officio
514 1795 983 1879 permansisset
1044 1798 1428 1878 tantumque
1486 1816 1603 1878 pro
1659 1795 1860 1860 libero
1919 1816 1988 1861 se
2043 1817 2266 1881 gerere

232 1884 574 1968 coepisset,
610 1884 783 1948 bunc
817 1906 950 1950 non
986 1904 1127 1948 esse
1170 1883 1545 1970 fugitivum3
1582 1904 1692 1950 nec
1725 1886 1890 1950 enim
1926 1886 2267 1952 mentiendo

233 1995 299 2039 se
346 1974 625 2058 liberum,
670 1973 905 2058 inquit,
943 1973 1249 2056 fuyitivus
1292 1993 1416 2039 esse
1459 1975 1668 2060 coepit,
1710 1976 1863 2056 quia
1905 1977 2043 2041 sine
2080 1977 2269 2059 fuyae

232 2063 489 2128 consilio
535 2064 607 2128 id
641 2062 805 2143 fecit.

416 2152 519 2217 18.
564 2151 643 2214 D.
672 2152 777 2234 21,
811 2153 869 2236 1,
898 2151 1001 2234 65,
1030 2152 1091 2217 2.
1163 2149 1520 2216 Venuleius
1567 2152 1735 2216 libro
1781 2153 2004 2238 quinto
2045 2154 2267 2218 Actio-

232 2263 392 2304 num
448 2237 550 2328 (P.
584 2236 675 2327 2).
723 2276 808 2287 —-
857 2238 1096 2305 Servus
1152 2246 1288 2304 tam
1346 2244 1673 2305 veterator
1727 2264 1919 2325 quam
1975 2241 2267 2307 novicius

239 2329 369 2393 dici
414 2331 651 2412 potest.
723 2329 835 2394 sed
875 2333 1307 2394 veteratorem
1344 2350 1478 2393 non
1517 2329 2111 2415 spatioserviendi,
2156 2331 2268 2395 sed
2361 2377 2366 2384 -

235 2439 474 2503 genere
532 2423 598 2483 et
653 2440 850 2483 causa
906 2418 1380 2483 aestimandum
1429 2415 1684 2483 Caelius
1740 2419 1859 2503 ait3
1915 2440 2071 2484 nam
2127 2419 2267 2504 quiss

238 2528 517 2591 cumque
575 2529 651 2571 ex
710 2507 1025 2573 venalicio
1081 2507 1484 2571 noviciorum
1540 2510 1794 2590 emptus
1843 2506 2035 2572 alicui
2082 2509 2266 2573 mini-

240 2597 440 2662 sterio
478 2596 886 2680 praepositus
927 2597 1032 2679 sit,
1080 2597 1304 2660 statim
1342 2617 1486 2660 eum
1528 2598 1965 2660 veteratorum
2001 2618 2268 2662 numero

237 2707 408 2769 esse,
472 2686 791 2750 novicium
848 2689 1065 2751 autem
1120 2706 1253 2750 non
1308 2684 1607 2750 tirocinio
1663 2684 1888 2768 animi,
1953 2685 2065 2749 sed
2121 2702 2269 2749 con-

236 2775 489 2839 dicione
565 2774 897 2839 servitutis
970 2774 1283 2859 intellegi.
1390 2795 1509 2838 nec
1581 2772 1661 2838 ad
1730 2795 1868 2838 rem
1931 2773 2271 2859 pertinere,

236 2862 471 2928 Latine
530 2864 695 2927 sciat
744 2885 864 2928 nec
909 2885 1019 2948 ne,
1070 2863 1224 2928 necl
1270 2862 1354 2927 ob
1401 2861 1469 2926 id
1515 2866 1944 2927 veteratorem
1991 2885 2157 2946 esse,
2213 2865 2270 2928 si

234 2950 621 3016 liberalibus
668 2952 898 3016 studiis
947 2950 1235 3016 eruditus
1284 2952 1389 3016 sit.

426 3040 525 3104 19.
592 3037 756 3104 Gell.
794 3042 854 3122 6,
892 3042 953 3123 4,
995 3041 1181 3106 1-3.
1242 3077 1319 3088 --
1378 3040 1685 3105 Pilleatos
1752 3061 1972 3106 servos
2036 3063 2270 3108 venum

240 3129 479 3194 solitos
533 3128 652 3211 ire,
712 3151 987 3213 quorum
1036 3131 1296 3195 nomine
1344 3130 1640 3195 venditor
1682 3129 1845 3194 nihil
1895 3135 2273 3216 praestaret,

240 3216 505 3283 Caelius
553 3216 837 3283 Sabinus
881 3219 1041 3284 iuris
1087 3220 1334 3304 peritus
1382 3219 1690 3304 scriptum
1738 3220 2018 3305 reliquit.
2091 3219 2270 3285 cuius

239 3308 337 3373 rei
376 3329 637 3372 causam
667 3329 806 3373 esse
838 3308 949 3392 ait,
978 3309 1147 3392 quod
1182 3308 1497 3376 eiusmodi
1525 3307 1921 3374 condicionis
1949 3309 2273 3393 mancipia

240 3396 526 3482 insignia
564 3418 704 3460 esse
740 3397 810 3460 in
848 3396 1185 3463 vendundo
1226 3398 1550 3482 deberent,
1587 3400 1660 3461 ut
1697 3402 2021 3482 emptores
2057 3419 2273 3462 errare

389 3575 418 3624 1
459 3571 555 3627 Fz.
592 3586 741 3626 nam.
