2575 3900
308 181 435 246 156
467 181 559 239 ΙΠ.
582 180 733 236 GAII
754 179 1050 237 CLAUDII
1069 178 1340 236 NERON.
1362 176 1651 236 GALBAE
1673 179 1888 237 TEMP.
1908 179 2099 236 IURIS
2127 179 2272 236 CON
2276 181 2330 237 S.

472 349 637 420 Quae
694 351 1051 425 sequuntur:
1108 343 1225 409 ‘sin
1278 351 1482 409 autem
1528 348 1796 408 nondum
1840 349 1989 407 mihi
2034 347 2320 408 damnum

297 438 553 515 dederiS,
591 438 694 498 sed
719 439 807 497 ita
834 438 1037 516 ignem
1062 437 1305 514 habeas,
1341 439 1412 498 ut
1439 440 1720 514 metuam,
1754 457 1830 497 ne
1859 437 2006 496 mihi
2035 437 2331 497 damnum·

294 529 426 603 dee,
494 527 697 586 damni
758 527 966 586 infecti
1027 530 1177 605 puto
1242 526 1514 587 sufficere
1577 519 1940 586 cautionem'
2000 545 2118 586 non
2172 526 2320 586 item

295 634 332 675 a
376 616 627 676 Proculo
673 615 968 691 Ulpianus
1014 615 1255 675 videtur
1301 615 1720 692 desumpsisse.

472 701 603 765 69⁸.
670 698 901 765 Collat.
944 699 1047 782 12,
1084 699 1142 780 7,
1180 699 1240 764 9.
1343 697 1660 783 Ulpianus
1723 697 1891 763 libro
1948 697 2173 764 XVIII
2237 697 2318 763 ad

299 788 576 853 edictum
601 785 701 874 (P.
740 785 950 874 62312).
972 825 1056 835 —
1086 787 1400 853 Proculus
1439 835 1454 852 .
1484 839 1499 853 .
1534 787 1885 872 respondit,
1921 809 2066 853 cum
2103 787 2319 853 coloni

300 877 465 942 servi
532 876 759 942 villam
829 877 1218 959 exusserint,
1281 877 1583 941 colonum
1647 875 1750 940 vel
1817 898 1895 940 ex
1948 877 2158 942 locato
2214 877 2321 942 vel

294 966 439 1051 lege
476 964 741 1050 Aquilia
778 966 1004 1050 teneri,
1050 968 1145 1031 ita
1181 969 1254 1029 ut
1291 966 1557 1030 colonus
1597 987 1816 1031 servos
1855 969 2077 1048 posset
2111 987 2324 1030 noxae

294 1053 553 1137 dedere,
616 1058 682 1119 et
746 1055 804 1118 si
871 1076 994 1119 uno
1059 1055 1294 1119 iudicio
1351 1075 1455 1119 res
1513 1059 1684 1118 esset
1738 1054 2045 1136 iudicata,
2112 1054 2324 1120 altero

294 1145 571 1229 amplius
616 1165 745 1208 non
796 1143 1133 1226 agendum.

474 1229 607 1296 69¹³.
653 1231 732 1296 D.
753 1232 815 1317 9,
833 1233 893 1314 2,
912 1233 1141 1314 27,11.
1223 1230 1548 1315 Ulpianus
1595 1231 1763 1297 libro
1803 1233 2030 1296 octavo
2069 1231 2317 1297 decimo

297 1320 376 1386 ad
424 1320 700 1385 edictum
740 1370 754 1385 .
790 1357 881 1366 —
916 1320 1230 1386 Proculus
1278 1321 1391 1403 ait,
1437 1342 1581 1385 cum
1626 1320 1843 1386 coloni
1879 1320 2048 1385 servi
2095 1320 2317 1384 villam

296 1410 720 1495 exussissent,
784 1409 1083 1474 colonum
1137 1409 1241 1474 vel
1298 1432 1374 1475 ex
1432 1409 1647 1475 locato
1705 1409 1806 1473 vel
1859 1410 2004 1495 lege
2057 1407 2322 1493 Aquilia

295 1497 525 1580 teneri,
598 1499 693 1562 ita
766 1503 841 1564 ut
904 1499 1168 1563 colonus
1239 1497 1452 1584 possit
1516 1519 1738 1563 servos
1800 1518 2008 1564 noxae
2071 1496 2320 1584 dedere,

299 1591 365 1651 et
429 1587 485 1652 si
547 1609 677 1652 uno
738 1587 974 1653 iudicio
1031 1609 1134 1652 res
1191 1591 1362 1652 esset
1416 1587 1726 1670 iudicata,
1782 1587 1990 1652 altero
2046 1587 2322 1668 amplius

303 1697 438 1740 non
484 1676 823 1760 agendum.

474 1765 577 1830 70.
633 1762 862 1831 Oollat.
897 1765 998 1849 12,
1031 1766 1086 1847 7,
1119 1765 1221 1830 10.
1312 1763 1636 1848 Ulpianus
1682 1764 1724 1829 l.
1761 1765 1800 1830 l.
1855 1799 1928 1810 -
1984 1813 2000 1829 .
2027 1812 2044 1828 .
2089 1761 2318 1830 Celsus

292 1852 771 1919 libroXXVII
821 1854 1246 1937 Digestorum
1301 1853 1552 1918 scribit:
1611 1853 1666 1917 si
1721 1874 1866 1917 cum
1925 1874 2078 1936 apes
2134 1874 2318 1918 meae

294 1942 375 2008 ad
422 1948 571 2009 tuas
610 1942 1039 2027 advolassent,
1083 1948 1157 2008 tu
1194 1965 1302 2008 eas
1343 1942 1679 2026 exusseris,
1726 1941 2040 2027 quosdam
2073 1963 2315 2026 negare

296 2036 660 2116 competere
708 2032 870 2117 legis
908 2032 1209 2115 Aquiliae
1257 2032 1591 2112 actionem,
1641 2032 1812 2096 inter
1857 2053 2019 2116 quos
2065 2036 2131 2096 et
2168 2030 2319 2096 Pro·

296 2119 533 2205 culum,
570 2123 754 2206 quasi
794 2143 948 2205 apes
980 2120 1223 2185 domini
1263 2121 1390 2184 mei
1429 2141 1558 2184 non
1586 2119 1842 2185 fuerint.
2009 2120 2319 2185 Proculus

298 2232 373 2275 eo
449 2214 760 2288 movetur,
835 2209 1006 2293 quod
1077 2231 1195 2274 nec
1268 2214 1644 2273 mansuetae
1716 2230 1833 2274 nec
1904 2209 2001 2273 ita
2065 2210 2320 2275 clausae

296 2298 543 2363 fuerint
586 2300 643 2381 <.
676 2349 690 2362 .
719 2299 798 2383 .>.

473 2392 548 2452 D.
583 2394 642 2471 9,
672 2395 731 2469 2,
763 2394 976 2470 27,12
1035 2393 1183 2452 haec
1238 2393 1479 2452 tantum
1525 2392 1789 2452 exhibet:
1855 2385 1947 2450 ‘Si
1999 2409 2134 2450 cum
2181 2410 2325 2468 apes

295 2499 465 2540 meae
510 2482 587 2541 ad
622 2485 759 2541 tuas
796 2480 1198 2550 advolassent,
1244 2484 1316 2541 tu
1353 2499 1455 2541 eas
1493 2480 1807 2554 exusseris,
1852 2479 2006 2558 legis
2041 2480 2325 2557 Aquiliae

298 2570 594 2629 actionem
642 2574 979 2648 competere
1026 2570 1235 2631 Celsus
1282 2563 1412 2631 ait'.

474 2655 585 2719 71:
629 2654 709 2721 D.
738 2656 797 2735 9,
827 2656 887 2739 2,
916 2656 1020 2732 29,
1053 2656 1107 2719 1.
1198 2651 1522 2741 Ulpianus
1575 2653 1747 2718 libro
1795 2656 2025 2717 octavo
2073 2652 2335 2723 decimo¹

296 2742 376 2807 ad
432 2742 713 2809 edictum
769 2742 868 2830 (P.
902 2740 1111 2831 625⁶).
1166 2780 1255 2790 —
1311 2742 1380 2808 Si
1434 2747 1798 2828 protectum
1854 2763 2096 2825 meum,
2153 2741 2331 2825 quod.

298 2853 493 2914 supra
551 2832 811 2898 domum
868 2838 1048 2896 tuam
1101 2832 1279 2897 nullo
1339 2832 1476 2896 iure
1527 2832 1876 2909 habebam,
1933 2828 2330 2911 reccidisseS,

295 2940 485 3002 posse
534 2940 633 2983 me
680 2926 893 2985 tecum
940 2921 1159 2984 damni
1207 2920 1446 2984 iniuria
1492 2941 1679 3005 agere
1716 2919 2028 2984 Proculus
2066 2918 2325 3002 scribit;

297 3006 576 3072 debuisti
642 3008 813 3073 enim
878 3030 1127 3073 mecum
1190 3008 1289 3072 ius
1356 3008 1517 3072 mihi
1578 3030 1710 3074 non
1764 3030 1902 3072 esse
1956 3011 2325 3093 protectum

296 3095 535 3161 habere
582 3117 799 3180 agere,
844 3118 962 3161 nec
1008 3118 1148 3161 esse
1196 3119 1472 3181 aequum
1519 3097 1821 3162 damnum
1869 3118 1969 3161 me
2013 3096 2150 3179 pati
2187 3118 2320 3159 rec-

300 3184 451 3249 cisis
500 3206 541 3247 a
582 3188 646 3249 te
696 3184 855 3248 meis
903 3185 1119 3269 tignis,

480 3274 579 3338 72.
645 3274 723 3338 D.
762 3274 822 3356 9,
851 3274 911 3357 2,
942 3275 997 3354 7,
1028 3275 1085 3339 8.
1185 3274 1503 3361 Ulpianus
1559 3275 1726 3341 libro
1787 3278 2015 3340 octavo
2073 3273 2324 3338 decimo

298 3360 381 3425 ad
446 3362 724 3428 edictum
790 3358 889 3449 (P.
937 3362 1139 3449 614⁸).
1202 3402 1276 3412 —
1336 3363 1650 3431 Proculus
1717 3364 1836 3447 ait,
1911 3364 1967 3428 si
2034 3361 2321 3428 medicus

298 3472 553 3515 servum
609 3452 905 3537 imperite
961 3455 1262 3537 secuerit,
1316 3455 1420 3519 vel
1477 3476 1555 3517 ex
1610 3454 1819 3518 locato
1883 3452 1985 3516 vel
2041 3474 2116 3517 ex
2157 3452 2320 3536 -lege

318 3539 563 3623 &quilia
601 3546 963 3625 competere
1003 3544 1340 3608 actionem.
