2575 3900
304 137 437 201 250
486 136 578 191 IV.
609 136 1043 191 VESPASIANI
1072 136 1221 191 ΤΙΤΙ
1248 135 1641 192 DOMITIANI
1671 135 1888 193 TEMP.
1915 135 2106 190 IURIS
2136 134 2342 191 CONS.

626 345 682 401 1.
746 339 852 400 Ad
900 340 1215 401 edictum
1262 340 1606 400 aedilium
1652 340 2028 401 curulium.

475 466 753 525 Priorum
798 464 1065 525 eiusdem
1110 465 1452 541 argumenti
1497 465 1667 525 libris
1707 483 1855 524 usus
1894 467 2004 541 est,
2047 464 2338 525 nimirum

300 553 464 616 Ofilii
497 548 575 637 (Ι,
595 556 724 616 344
737 545 915 635 sqq.),
950 553 1222 614 Trebatii
1249 545 1336 635 (p.
1357 546 1540 633 423),
1575 554 1876 614 Labeonis
1906 545 2017 634 (11,
2039 556 2163 614 142
2177 551 2338 632 sqq).

299 645 597 721 quomodo
666 643 1028 720 posteriores
1093 643 1165 703 de
1230 643 1437 702 eodem
1501 642 1697 703 edicto
1761 642 2088 703 scribentes
2144 642 2338 703 Caelii

301 733 457 793 libro
505 733 599 793 usi
637 736 793 807 sunt,
841 732 914 791 de
952 731 1119 791 nullo
1165 731 1281 789 nisi
1328 731 1402 791 de
1438 730 1697 807 Ulpiano
1745 731 1964 791 scimus
2001 723 2106 813 (D.
2139 735 2244 806 21,
2278 736 2334 805 1,

298 824 407 899 38,
440 824 497 881 7.
531 814 670 902 11);
716 840 907 898 neque
944 821 1105 881 enim
1142 840 1179 879 a
1203 819 1462 881 Viviano
1499 840 1693 898 neque
1734 839 1771 879 a
1806 819 1992 879 Paulo
2029 819 2332 881 laudatur.

296 914 612 987 praeterea
665 909 897 970 Gellius
951 902 1044 991 (4,
1084 912 1139 984 2,
1177 902 1381 989 3-5)
1440 928 1514 969 ex
1568 909 1757 969 Caelii
1819 908 1975 968 libro
2040 911 2336 986 quaedam

296 1000 477 1059 affert
521 1004 583 1060 et
627 1000 734 1078 ita,
780 1003 853 1059 ut
897 999 1092 1075 plura,
1140 1018 1320 1075 quam
1366 998 1608 1058 disertis
1653 998 1854 1059 verbis
1898 996 2210 1075 indicavit,
2258 999 2332 1059 de

294 1088 508 1149 eadem
552 1108 617 1149 re
666 1108 736 1148 ex
782 1087 992 1148 eodem
1036 1089 1202 1147 fonte
1247 1087 1523 1147 hausisse
1567 1086 1865 1148 videatur.

873 1259 973 1325 De
1016 1260 1349 1341 mancipiis
1391 1260 1750 1325 vendundis.

477 1386 561 1450 1?
622 1383 784 1450 Gell.
812 1384 875 1467 4,
902 1386 963 1465 2,
995 1384 1095 1450 13.
1142 1420 1227 1431 -
1272 1382 1428 1449 Non
1478 1383 2019 1467 praetereundum
2075 1389 2202 1468 est,
2264 1384 2331 1449 id

298 1524 315 1537 .
350 1522 367 1539 .
428 1472 498 1537 in
563 1473 746 1539 libris
808 1476 1100 1538 veterum
1163 1472 1324 1537 iuris
1388 1473 1740 1556 peritorum
1801 1474 2116 1557 scriptum
2170 1495 2332 1558 esse,

297 1563 594 1627 morbum
660 1566 724 1627 et
784 1562 1013 1625 vitium
1076 1561 1345 1643 distare,
1411 1562 1583 1646 quod
1637 1560 1870 1625 vitium
1924 1565 2331 1647 perpetuum,

297 1650 561 1716 morbus
607 1672 753 1715 cum
800 1671 1061 1715 accessu
1107 1650 1502 1733 decessuque
1548 1650 1650 1714 sit.

474 1740 535 1803 2.
597 1737 692 1805 Id.
719 1740 781 1822 4,
800 1741 860 1819 2,
883 1740 1075 1805 3—5.
1114 1776 1189 1785 —
1224 1736 1485 1804 Caelius
1506 1736 1788 1804 Sabinus
1816 1740 1888 1803 in
1915 1740 2107 1825 libro,
2137 1761 2332 1824 quem

298 1828 376 1891 de
451 1827 662 1892 edicto
738 1828 1040 1892 aedilium
1104 1828 1429 1893 curulium
1494 1828 1885 1912 composuit,
1957 1827 2334 1893 Labeonem

296 1915 522 1995 refert,
605 1916 756 2001 quid
841 1923 1010 1982 esset
1084 1917 1378 1999 morbuS,
1460 1916 1636 1982 hisce
1709 1916 1928 1982 verbis
2001 1916 2328 1984 definisse:

296 2005 586 2071 ‘morbus
634 2010 734 2070 est
773 2006 1037 2070 habitus
1076 2007 1381 2091 cuiusque
1420 2007 1707 2091 corporis
1746 2011 1975 2071 contra
2008 2011 2334 2093 naturam,

296 2096 407 2178 qui
460 2116 650 2159 usum
706 2094 843 2158 eius
897 2096 1058 2158 facit
1110 2094 1534 2159 deteriorem'.
1636 2093 1747 2158 sed
1803 2096 2106 2161 morbum
2161 2097 2333 2162 alias

294 2186 364 2246 in
411 2186 554 2248 toto
602 2204 872 2268 corpore
919 2183 1203 2248 accidere
1252 2184 1426 2262 dicit,
1471 2184 1636 2248 alias
1682 2185 1749 2247 in
1794 2190 1981 2267 parte
2018 2187 2335 2269 corporis.

294 2272 499 2336 totius
556 2271 845 2356 corporis
902 2274 1199 2336 morbum
1256 2293 1423 2354 esse,
1479 2272 1686 2337 veluti
1741 2274 1829 2337 sit
1883 2273 2168 2356 phthisis
2215 2279 2335 2338 aut

298 2361 524 2444 febris,
576 2362 785 2445 partis
832 2365 1075 2443 autem,
1129 2361 1333 2425 veluti
1379 2362 1466 2424 sit
1512 2361 1790 2426 caecitas
1839 2366 1953 2426 aut
1994 2363 2180 2445 pedis
2227 2363 2334 2426 de-

297 2449 541 2514 bilitas.
634 2450 849 2516 balbus
901 2455 1134 2528 autem,
1184 2449 1423 2533 inquit,
1475 2455 1535 2514 et
1583 2454 1806 2533 atypus
1857 2451 2068 2516 vitiosi
2127 2454 2336 2535 mayis

294 2559 484 2620 quam
519 2540 786 2604 morbosi
820 2545 985 2622 sunt,
1019 2544 1079 2603 et
1101 2558 1291 2620 equus
1325 2540 1590 2603 mordax
1624 2544 1737 2603 aut
1769 2539 2021 2604 calcitro
2055 2541 2334 2625 vitiosus,

294 2648 422 2692 non
457 2630 773 2694 morbosus
808 2634 910 2694 est.
983 2629 1090 2693 sed
1122 2629 1225 2692 cui
1258 2627 1502 2692 morbus
1535 2632 1639 2710 est,
1671 2629 1834 2692 idem
1859 2629 2049 2692 etiam
2073 2630 2337 2696 vitiosus

295 2722 402 2781 est.
484 2739 676 2800 neque
720 2719 790 2783 id
831 2722 1037 2782 tamen
1080 2720 1293 2781 contra
1335 2718 1440 2798 fit?
1474 2721 1679 2799 potest
1719 2718 1885 2781 enim
1929 2718 2040 2800 qui
2083 2719 2338 2784 vitiosus

296 2810 409 2887 est,
484 2827 611 2870 non
682 2806 996 2871 morbosus
1055 2825 1195 2870 esse.
1303 2805 1692 2888 quamobrem
1755 2827 1894 2870 cum
1956 2808 2028 2871 dc
2088 2806 2338 2872 homine

296 2893 570 2956 morboso
634 2898 876 2976 emetur,
938 2915 1151 2977 aeque,
1205 2894 1446 2977 inquit,
1509 2895 1602 2958 ita
1653 2895 1921 2960 dicetur:
1972 2901 2204 2977 quanto
2259 2897 2335 2961 ob

296 2981 367 3043 id
407 2980 630 3044 vitium
674 2983 936 3046 minoris
980 2985 1077 3046 sit.

480 3069 540 3132 3.
607 3068 683 3132 D.
732 3070 846 3150 21,
890 3072 953 3150 1,
994 3070 1103 3154 14,
1144 3071 1243 3134 10.
1337 3070 1660 3154 Ulpianus
1734 3072 1902 3137 libro
1967 3073 2181 3157 primo
2249 3074 2334 3138 ad

299 3155 578 3219 edictum
638 3157 941 3222 aedilium
997 3159 1335 3223 curulium.
1386 3195 1464 3207 —
1516 3158 1585 3224 Si
1631 3160 2019 3225 nominatim
2066 3162 2333 3227 morbus

300 3247 605 3326 exceptus
650 3266 784 3308 non
832 3247 934 3325 sit,
980 3249 1131 3312 talis
1170 3253 1389 3312 tamen
1426 3249 1688 3313 morbus
1727 3250 1830 3328 sit,
1876 3251 1987 3333 qui
2025 3251 2332 3315 omnibus

298 3333 516 3413 potuit
561 3355 897 3418 apparere,
940 3341 1012 3400 ut
1048 3341 1205 3420 puta
1241 3357 1466 3402 caecus
1503 3338 1697 3402 homo
1736 3339 2020 3422 venibat,
2067 3343 2184 3404 aut
2222 3339 2334 3424 qui

299 3418 664 3486 cicatricem
728 3423 1089 3488 evidentem
1154 3430 1220 3488 et
1274 3425 1707 3507 periculosam
1761 3426 2052 3492 habebat
2105 3429 2208 3492 vel
2261 3429 2335 3492 in

318 3509 517 3592 ‘apite
583 3511 684 3575 vel
748 3511 816 3575 in
882 3512 1011 3576 alia
1069 3517 1255 3596 parte
1312 3514 1628 3597 corporiS,
1691 3516 1826 3580 eius
1881 3518 2144 3581 nomine
2199 3537 2334 3581 non
