2575 3900
768 189 819 240 4.
858 184 915 239 C.
946 182 1236 239 CASSIUS
1274 181 1645 240 LONGINUS
2135 185 2220 248 35

221 350 294 409 De
380 351 804 411 donationibus
892 352 984 411 De
1077 352 1471 414 servitutibus

292 434 352 519 (l.
380 432 528 521 ΙΙΙ).
984 435 1053 522 (1.
1082 432 1183 522 X).

217 546 293 606 De
380 547 772 608 servitutibus
891 548 982 608 De
1074 547 1497 609 donationibus

291 629 351 718 (l.
383 633 526 715 III).
981 633 1051 718 (1.
1080 635 1269 719 XIV).

892 744 980 804 De
1023 745 1204 804 furtis
1242 738 1312 827 (1.
1341 737 1532 826 XIV).

895 852 983 912 De
1064 852 1199 930 lege
1291 851 1534 930 Aquilia

982 935 1049 1022 (1.
1088 932 1276 1022 xrv).

376 1082 698 1144 Iavolenus
760 1082 825 1142 in
888 1083 1058 1144 libris
1123 1103 1196 1144 ex
1250 1082 1456 1144 Cassio
1523 1084 1863 1160 compositis
1918 1086 2223 1145 honorarii

210 1190 434 1248 quoque
471 1172 621 1232 iuris
658 1171 900 1232 videtur
935 1173 1228 1233 rationem
1266 1172 1549 1232 habuisse
1585 1190 1778 1251 neque
1814 1173 1877 1232 in
1912 1174 2006 1234 his
2044 1175 2222 1236 rebus

211 1259 391 1321 Cassii
436 1261 588 1320 iuris
634 1260 827 1321 civilis
874 1261 1045 1321 libris
1091 1273 1235 1321 usus
1282 1279 1432 1322 esse.
1739 1251 1746 1258 ’

374 1350 603 1408 Earum
658 1369 896 1428 quoque
950 1351 1409 1428 sententiarum,
1465 1369 1614 1428 quas
1667 1353 1908 1410 auctore
1958 1369 2077 1411 non
2128 1352 2221 1412 in-

208 1437 395 1499 dicato
444 1439 765 1499 Iavolenus
807 1440 1065 1516 profert,
1120 1458 1259 1516 pars
1306 1439 1548 1516 quidem
1595 1438 1782 1500 Cassii
1829 1457 1959 1500 esse
2001 1442 2223 1521 potest,

206 1528 293 1586 cui
356 1533 566 1587 tamen
630 1547 767 1606 sua,
842 1547 979 1588 cum
1043 1528 1402 1589 discriminis
1467 1528 1728 1588 rationes
1791 1547 1900 1588 nos
1964 1529 2220 1609 fugiant,

200 1617 465 1676 tribuere
511 1618 613 1678 vix
657 1618 814 1678 licet.

375 1707 453 1766 In
497 1707 857 1767 collocandis
894 1705 1085 1766 Cassii
1129 1705 1486 1784 fragmentis
1528 1709 1589 1766 et
1626 1706 1915 1767 Sabinum
1951 1711 2012 1766 et
2047 1707 2220 1769 Iavo-

200 1794 403 1855 lenum
454 1794 641 1854 duces
690 1796 860 1874 sequi
905 1795 1067 1857 licet.

1057 1991 1277 2051 Liber
1323 1992 1368 2052 Ι.

943 2109 1045 2175 De
1087 2112 1480 2178 testamentis·

376 2242 469 2301 De
511 2242 636 2313 fiilio
680 2241 947 2314 familias
990 2242 1079 2300 vel
1123 2243 1469 2301 instituendo
1513 2242 1602 2301 vel
1647 2242 2051 2303 exheredamda

380 2364 437 2427 1.
484 2362 624 2426 Gai.
654 2362 715 2443 2,
747 2360 890 2426 123.
934 2396 1011 2407 —
1054 2409 1068 2425 .
1097 2408 1113 2424 .
1144 2360 1252 2445 qui
1295 2360 1500 2425 filium
1537 2362 1605 2425 in
1642 2366 1966 2445 potestate
2002 2361 2218 2445 habet,

190 2474 421 2518 curare
468 2451 679 2535 debet,
723 2453 798 2513 ut
844 2471 989 2514 eum
1038 2451 1138 2514 vel
1185 2450 1480 2515 heredem
1525 2449 1826 2515 instituat
1872 2452 1972 2515 vel
2017 2452 2218 2517 nomi-

191 2542 404 2607 natim
453 2538 823 2622 exheredet3
870 2538 1156 2622 alioquin
1203 2538 1259 2603 si
1305 2561 1450 2603 eum
1498 2539 1756 2603 silentio
1798 2541 2219 2627 praeterierit,

188 2630 521 2695 inutiliter
566 2627 943 2712 testabitur,
1000 2627 1157 2691 adeo
1206 2627 1492 2712 quidem,
1550 2630 1620 2690 ut
1665 2628 1874 2691 nostri
1917 2649 2216 2713 praecep·

190 2722 375 2785 tores
439 2718 835 2800 existiment,
900 2716 1155 2781 etiamsi
1208 2715 1359 2780 vivo
1412 2719 1600 2798 patre
1654 2714 1824 2779 filius
1881 2715 2216 2783 defunctus

188 2810 300 2893 sit,
391 2807 714 2872 neminem
795 2805 1093 2871 heredem
1177 2826 1254 2870 ex
1333 2825 1406 2869 eo
1479 2807 1869 2869 testamento
1944 2805 2215 2871 existere

182 2919 419 2983 posse,
483 2896 634 2981 quia
699 2894 946 2961 scilicet
1008 2895 1229 2959 statim
1284 2894 1368 2960 ab
1422 2892 1610 2959 initio
1665 2916 1796 2959 non
1851 2895 2218 2961 constiterit

181 2986 542 3053 institutio.

374 3076 438 3141 2.
480 3074 558 3139 D.
588 3073 693 3158 28,
723 3074 783 3155 2,
815 3069 898 3156 3,'³
913 3073 969 3138 6.
1043 3071 1221 3137 Idem
1292 3092 1378 3137 sc.
1407 3070 1764 3159 Ulpianus)
1803 3074 1972 3139 libro
2011 3074 2214 3158 primo

184 3165 264 3230 ad
330 3162 648 3229 Sabinum
708 3158 805 3247 (P.
845 3158 1065 3249 2433).
1122 3198 1205 3208 —
1315 3162 1334 3224 i
1399 3160 1492 3225 ita
1555 3164 1832 3227 testatus
1894 3164 1980 3228 sit
2031 3166 2218 3248 pater

183 3253 508 3337 familiae,
552 3256 629 3315 ut
676 3274 714 3315 a
758 3250 969 3335 primo
1019 3251 1274 3335 quidem
1324 3251 1524 3335 gradu
1569 3250 1770 3316 filium
1819 3250 2217 3337 praeteriret,

181 3366 217 3407 a
280 3341 573 3409 secundo
632 3340 772 3405 solo
830 3339 1269 3424 exheredaret,
1327 3336 1601 3405 Sabinus
1659 3344 1723 3405 et
1779 3336 2042 3414 Cassius
2099 3391 2112 3405 .
2150 3390 2165 3407 .
2200 3390 2214 3405 .

184 3433 436 3516 putant
470 3434 804 3515 perempto
836 3430 1043 3513 primo
1073 3428 1279 3515 gradu
1308 3432 1765 3494 testamentum
1796 3431 1877 3495 ab
1906 3452 1980 3495 eo
2011 3429 2214 3515 gradu

184 3520 533 3589 exordium
582 3539 836 3603 capere,
879 3518 1045 3583 unde
1089 3518 1261 3582 filius
1309 3518 1727 3583 exheredatus
1777 3523 1927 3585 est.'

1719 3621 1792 3674 3*
