2575 3900
343 165 474 230 478
549 168 615 222 V.
653 166 952 221 NERVAE
988 167 1086 222 ΕΤ
1121 165 1427 222 TRAIANI
1462 166 1680 223 TEMP.
1716 166 1906 222 Imus
1945 167 2326 224 CONSULTI

339 329 748 395 commodum
814 329 1008 394 medii
1071 329 1387 414 temporis
1450 330 1589 415 ipse
1656 329 1955 415 sentiret,
2016 330 2385 396 liberatum

341 440 489 483 eum
551 418 868 503 intellegi;
930 439 1080 482 nam
1147 424 1213 483 et
1274 419 1421 503 plus
1487 439 1632 483 eum
1697 421 2103 502 praestitisse
2170 443 2382 506 quam

345 506 690 572 debuisset.
1340 595 1374 660 ?

515 702 618 765 41.
675 700 751 767 D.
779 703 883 783 41,
911 703 971 785 3,
1001 703 1104 766 22.
1197 702 1373 767 Idem
1421 699 1533 790 (se.
1578 702 1954 781 Iavolenus)
2002 703 2174 769 libro
2218 725 2377 788 sep-

337 791 500 855 timo
555 791 1017 873 Epistularum.
1079 827 1154 837 —-
1215 792 1415 857 Heres
1469 796 1528 856 et
1567 791 1870 857 hereditas
1915 795 2157 858 tametsi
2200 795 2376 859 duas

335 879 774 962 appellationes
859 881 1187 965 recipiunt,
1286 882 1476 946 unius
1550 900 1853 963 personae
1943 885 2148 946 tamen
2237 884 2376 948 vice

333 970 698 1052 funyuntur.
1327 1056 1361 1121 ?

510 1174 617 1239 42.
684 1170 764 1238 D.
790 1173 898 1255 44,
926 1172 987 1249 3,
1012 1173 1071 1237 4.
1160 1170 1503 1237 Iavolenus
1551 1172 1718 1237 libro
1767 1174 2045 1258 septimo
2094 1173 2370 1257 Epistu-

333 1263 564 1327 larum.
597 1298 672 1308 —
708 1261 785 1328 Si
817 1281 1028 1327 servus
1061 1260 1468 1327 hereditarius
1502 1267 1616 1326 aut
1648 1263 1795 1345 eius,
1839 1263 1949 1344 qui
1981 1263 2053 1326 in
2089 1262 2367 1328 hostium

320 1356 620 1435 potestate
674 1353 783 1432 sit,
835 1351 990 1415 satis
1042 1352 1359 1432 acceperit,
1411 1351 1698 1415 continuo
1755 1351 1885 1415 dies
1926 1352 2367 1416 satisdationis

333 1442 533 1505 cedere
575 1441 856 1522 incipiet,·
901 1440 1134 1503 intueri
1177 1441 1339 1503 enim
1384 1440 1675 1523 debemus,
1721 1460 1808 1503 an
1851 1441 2220 1521 experiundi
2240 1462 2364 1524 po-

335 1534 518 1594 testas
565 1528 760 1610 fuerit
799 1529 1090 1592 adversus
1132 1548 1297 1607 eum,
1341 1530 1452 1609 qui
1495 1529 1795 1611 obliyatus
1838 1533 1953 1615 est,
1994 1549 2122 1594 non
2165 1550 2253 1594 an
2302 1533 2366 1596 is

331 1638 508 1700 ayere
541 1619 836 1700 potuerit,
888 1618 998 1699 qui
1039 1637 1170 1680 rem
1213 1618 1285 1680 in
1330 1616 1753 1699 obliyationem
1806 1619 2135 1683 deduxerit.
2202 1619 2363 1684 alio-

332 1707 485 1789 quin
520 1709 639 1770 erit
669 1706 1132 1788 iniquissimum
1167 1726 1241 1770 ex
1275 1707 1620 1771 condicione
1654 1711 1931 1771 actorum
1958 1707 2363 1790 obtiyationes

331 1816 578 1859 reorum
630 1795 895 1873 extendi,
942 1815 1058 1877 per
1108 1814 1259 1877 quos
1301 1794 1464 1859 nihil
1501 1794 1743 1876 factum
1786 1797 1930 1880 erit,
1976 1816 2095 1878 quo
2140 1797 2362 1862 minus

333 1905 472 1951 cum
519 1883 619 1948 his
661 1885 768 1967 aqi
799 1885 1016 1967 possit.

853 2044 952 2109 De
994 2046 1194 2128 operis
1235 2045 1381 2109 novi
1424 2046 1827 2110 nuntiatione.
1954 2107 1965 2120 ,

507 2161 614 2225 43.
670 2160 745 2225 D.
773 2159 878 2243 39,
910 2160 966 2243 l,
993 2160 1100 2225 23.
1169 2158 1512 2224 Iavolenus
1551 2160 1717 2224 libro
1758 2160 2039 2245 septimo
2078 2159 2357 2243 Epistu-

328 2249 558 2315 larum.
609 2285 682 2295 -
733 2249 808 2314 Is
851 2251 954 2314 cui
1001 2268 1152 2331 opus
1193 2268 1420 2313 novum
1463 2249 1818 2313 nuntiatum
1862 2254 2021 2331 erat,
2076 2250 2359 2314 vendidit

322 2340 679 2421 praedium,
743 2343 971 2420 emptor
1033 2338 1395 2420 aedificavit.
1461 2342 1785 2419 emptorem
1837 2358 1925 2401 an
1976 2338 2355 2403 venditorem

330 2429 521 2492 teneri
551 2433 762 2511 putas,
807 2428 971 2509 quod
1009 2427 1300 2491 adversus
1342 2425 1601 2490 edictum
1640 2426 1877 2507 factum
1920 2425 2048 2491 sit?

508 2515 877 2599 Respondit:
941 2535 1077 2580 cum
1121 2516 1321 2597 operis
1368 2515 1513 2579 novi
1553 2515 1865 2579 nuntiatio
1906 2514 2081 2595 facta
2124 2520 2236 2600 est,
2290 2518 2355 2581 si

329 2606 486 2689 quid
518 2607 906 2689 aedificatum
941 2609 1043 2688 est,
1079 2608 1310 2687 emptor
1346 2601 1453 2687 [id
1484 2606 1574 2667 est
1606 2604 1889 2668 dominus
1902 2604 2351 2688 praediorum]

329 2699 585 2775 tenetur,
648 2696 798 2777 quia
859 2693 1168 2758 nuntiatio
1231 2693 1429 2774 operis
1489 2712 1616 2756 non
1663 2711 1967 2774 personae
2027 2694 2103 2775 fit
2169 2698 2230 2757 et
2290 2696 2353 2759 is

329 2786 572 2850 demum
625 2784 925 2864 obliyatus
976 2786 1085 2865 est,
1140 2782 1250 2863 qui
1294 2801 1431 2845 eum
1477 2782 1674 2847 locum
1709 2782 2002 2865 possidet,
2052 2782 2122 2846 in
2166 2802 2352 2863 quem

327 2893 480 2955 opus
521 2892 747 2937 novum
791 2871 1148 2935 nuntiatum
1191 2875 1295 2935 est.

505 2982 706 3043 Eisele
753 2983 814 3044 Z.
853 2982 908 3041 d.
947 2980 1198 3043 θαι-Θή.
1226 2980 1315 3041 XI
1340 3002 1398 3058 p.
1430 2984 1529 3042 11.

503 3262 610 3326 44.
672 3260 751 3328 D.
787 3261 903 3345 50,
943 3262 1052 3339 17,
1088 3262 1238 3327 200.
1320 3154 1519 3325 ⁴PIdem
1579 3259 1693 3347 (se.
1747 3258 2116 3349 Iavolenus)
2171 3261 2345 3330 libro

329 3350 608 3434 septimo
662 3348 1126 3433 Epistularum.
1187 3386 1262 3397 —
1334 3349 1624 3431 Quotiens
1674 3350 1837 3415 nihil
1886 3352 2020 3416 sine
2066 3352 2348 3433 captione

327 3439 696 3592 ἰηυεεέῖιιῖνὶ
723 3443 946 3522 potest,
1000 3438 1343 3521 eliyendum
1395 3442 1484 3503 est
1532 3440 1695 3522 quod
1743 3440 2072 3505 minimum
2124 3440 2350 3507 habeat

328 3548 530 3609 miqui
621 3546 679 3593 is
