2575 3900
370 207 501 273 296
574 208 641 263 V.
678 206 977 263 NERVAE
1013 207 1109 262 ET
1145 205 1450 262 TRAIANI
1482 205 1695 262 TEMP.
1731 207 1922 263 IURIS
1959 206 2318 263 CONSULTI

372 372 450 437 de
506 370 797 436 dotibus:
853 370 1003 448 ‘Qui
1050 369 1359 453 uxorem’,
1412 369 1648 456 inquit,
1705 369 2029 436 ‘ducturus
2075 375 2239 457 erat,
2296 373 2382 438 ab

374 481 477 544 eo,
538 459 705 524 unde
761 459 1046 524 ducenda
1100 462 1265 542 erat,
1325 458 1784 542 stipulabatur,
1839 480 1980 524 eam
2033 461 2104 524 in
2157 462 2382 525 matri·

371 548 658 614 monium
703 547 971 630 <datum
1016 547 1125 631 iri;
1171 547 1281 630 qui
1333 547 1595 612 daturus
1643 551 1798 628 erat,
1843 547 1909 612 id
1948 547 2152 613 eidem
2192 570 2383 632 spon-

371 637 581 702 debat.
654 637 813 701 item
860 637 970 722 qui
1015 657 1279 701 uxorem
1326 635 1592 701 daturus
1640 640 1794 719 erat,
1839 636 1923 700 ab
1970 657 2047 702 eo
2093 638 2196 702 cui
2237 658 2382 702 eam

374 725 643 790 daturus
690 729 848 809 erat,
895 724 1342 809 stipulabatur,
1388 745 1529 789 eam
1568 725 1635 789 in
1673 724 2198 809 matrimonium>
2235 724 2384 790 duc·

370 819 509 878 tum
556 813 665 898 iri3
710 815 821 898 qui
867 813 1175 878 ducturus
1221 817 1377 897 erat,
1424 811 1647 878 itidem
1685 812 2058 896 spondebat.
2139 817 2197 877 is
2234 835 2386 878 con-

371 906 619 966 tractus
674 902 1168 986 stipulationum
1223 903 1761 986 sponsionumque
1808 900 2141 967 dicebatur
2186 922 2384 985 spon-

370 989 553 1055 salia.
643 995 798 1055 tunc
849 1011 1010 1074 quae
1056 991 1377 1074 promissa
1421 994 1588 1073 erat,
1631 1011 1872 1074 sponsa
1918 989 2388 1074 appellabatur,

372 1080 481 1162 qui
536 1079 975 1163 spoponderat
1021 1077 1385 1162 ducturum,
1431 1100 1717 1162 sponsus.
1819 1078 1931 1143 sed
1976 1081 2031 1143 si
2078 1082 2228 1163 post
2273 1099 2383 1143 eas

374 1167 827 1252 stipulationes
865 1188 1028 1232 uxor
1066 1187 1197 1232 non
1232 1166 1511 1232 dabatur
1546 1171 1658 1231 aut
1689 1188 1821 1231 non
1859 1165 2227 1250 ducebatur,
2274 1169 2386 1252 qui

371 1255 824 1341 stipulabatur,
871 1277 948 1320 ex
994 1276 1239 1339 sponsu
1276 1256 1531 1340 agebat.
1611 1255 1850 1320 iudices
1888 1257 2385 1340 cognoscebant.

368 1345 559 1409 iudex
632 1343 1053 1429 quamobrem
1125 1342 1275 1408 data
1349 1347 1688 1428 acceptave
1761 1365 1894 1409 non
1964 1347 2135 1409 esset
2204 1366 2387 1427 uxor,

379 1433 746 1518 quaerebat.
856 1433 913 1497 si
978 1432 1142 1496 nihil
1205 1432 1412 1497 iustae
1476 1453 1706 1496 causae
1768 1432 2131 1515 videbatur,
2201 1432 2386 1508 litem

372 1523 643 1606 pecunia
685 1520 1088 1604 aestimabat,
1134 1521 1488 1605 quantique
1524 1518 1905 1585 interfuerat
1941 1543 2084 1585 eam
2119 1542 2386 1586 uxorem

373 1610 578 1693 accipi
630 1613 742 1674 aut
788 1609 952 1692 dari,
1008 1631 1152 1673 eum
1200 1609 1308 1692 qui
1356 1607 1787 1693 spoponderat
1832 1609 1979 1692 (ei)
2023 1609 2135 1694 qui
2180 1610 2387 1693 stipu-

372 1698 545 1763 latus
602 1700 765 1781 erat,
826 1696 1336 1764 condemnabat?
1425 1697 1549 1763 boc
1603 1697 1704 1762 ius
1755 1696 2228 1781 sponsaliorum
2276 1698 2389 1762 ob-

376 1791 701 1850 servatum
749 1785 908 1850 dicit
945 1784 1204 1852 Servius
1252 1785 1332 1851 ad
1380 1786 1446 1850 id
1488 1789 1762 1870 tempus,
1808 1806 1932 1868 quo
1979 1785 2211 1850 civitas
2247 1787 2387 1851 uni-

374 1895 562 1941 verso
600 1873 789 1939 Latio
836 1874 978 1960 lege
1023 1873 1193 1938 Iulia
1237 1874 1391 1939 data
1427 1877 1542 1938 est.
1624 1873 1783 1938 haec
1822 1875 2041 1938 eadem
2076 1872 2387 1939 Neratius

376 1964 637 2048 scripsit
680 1964 748 2027 in
794 1963 960 2027 libro
1008 1984 1198 2046 quem
1244 1962 1322 2026 de
1367 1964 1610 2047 nuptiis
1658 1965 2040 2047 composuit.

552 2069 636 2133 2?
684 2067 845 2133 Gell.
874 2069 935 2150 4,
964 2068 1024 2151 3,
1053 2069 1094 2132 2
1139 2090 1195 2133 V.
1222 2069 1254 2133 I
1301 2091 1362 2153 p.
1391 2070 1538 2135 227.

867 2285 938 2344 V.
994 2286 1524 2362 Responsorum
1569 2285 1746 2344 libri
1788 2284 1898 2344 ΠΙ.

552 2409 867 2469 Neratium
896 2409 1338 2485 Responsorum
1373 2408 1557 2468 libros
1585 2407 1679 2467 III
1717 2407 1968 2468 edidisse
2005 2408 2198 2467 indice
2227 2408 2391 2469 Flor.

376 2497 640 2558 traditur
658 2492 1005 2578 (“Νερατίου
1034 2515 1357 2572 responson
1377 2496 1575 2574 βιβλία
1602 2488 1800 2574 τρία’).
1847 2497 2026 2571 primi
2054 2500 2115 2556 et
2142 2498 2394 2557 secundi

383 2590 445 2647 et
487 2587 699 2647 incerti
746 2588 887 2646 libri
921 2588 1258 2664 fragmenta
1294 2586 1355 2643 in
1392 2584 1711 2643 Iustiniani
1745 2584 2012 2661 Digestis
2047 2586 2395 2646 referuntur

378 2677 493 2753 ita,
556 2680 627 2736 ut
690 2679 753 2734 et
805 2674 1063 2734 Paulum
1127 2677 1187 2732 et
1240 2672 1569 2748 Ulpianum
1629 2673 1723 2731 his
1786 2673 1956 2732 libris
2020 2692 2199 2733 usum
2263 2693 2393 2735 esse

378 2764 702 2824 videamuS.
819 2764 985 2823 Paul.
1040 2763 1078 2822 1.
1123 2762 1272 2819 VIII
1335 2762 1410 2820 ad
1473 2761 1776 2820 Plautium
1829 2760 1902 2821 D.
1943 2763 2052 2839 35,
2094 2766 2159 2836 1,
2198 2764 2313 2841 43,
2354 2766 2393 2824 3

378 2847 687 2910 ‘Neratius
732 2851 886 2911 libro
931 2852 1121 2925 primo
1159 2850 1601 2925 Responsorum
1637 2844 1763 2908 ait'.
1834 2848 1972 2925 Ulp.
2009 2851 2047 2911 1.
2076 2850 2133 2907 V
2169 2851 2396 2928 Dispu-

381 2939 680 2997 tationum
744 2939 811 2997 D.
853 2940 954 3015 36,
996 2941 1051 3015 1,
1093 2940 1193 3016 23,
1232 2940 1269 2997 3
1339 2932 1644 2997 ‘Neratius
1688 2937 1841 2997 libro
1877 2940 2080 3016 ¹primo
2126 2940 2396 3016 Respon-

381 3043 582 3084 sorum
628 3020 870 3085 scribit’.
960 3025 1099 3102 Ulp.
1145 3027 1184 3085 1.
1222 3026 1418 3084 XXIX
1469 3026 1545 3084 ad
1592 3026 1849 3085 edictum
1895 3026 1968 3085 D.
2010 3029 2110 3105 14,
2150 3029 2208 3105 6,
2250 3031 2394 3105 7pr.

382 3107 685 3171 ‘Neratius
740 3112 891 3173 libro
946 3114 1138 3190 primo
1194 3117 1256 3173 et
1311 3114 1566 3173 secundo
1620 3115 2062 3189 Responsorum
2115 3163 2172 3177 ..
2202 3160 2216 3174 .
2264 3114 2376 3177 ait’
2383 3165 2396 3178 .

381 3199 519 3274 Ulp.
564 3200 706 3259 ibid.
745 3200 1128 3277 1).15,1,9,
1163 3206 1193 3261 1
1247 3196 1557 3261 ‘Neratius
1612 3198 1765 3263 libro
1821 3204 2079 3264 secundo
2126 3205 2396 3280 Respon-

383 3304 583 3346 sorum
620 3282 864 3348 scribit.
934 3247 1075 3366 ’Ulp.
1108 3247 1146 3349 l.
1176 3290 1403 3349 XXXII
1439 3289 1515 3349 ad
1551 3290 1810 3350 edictum
1850 3292 1920 3349 D.
1953 3295 2054 3371 19,
2089 3298 2143 3370 1,
2176 3296 2276 3366 11,
2312 3296 2394 3352 12

384 3368 572 3433 ‘Idem
646 3368 754 3457 (sc.
826 3370 1135 3458 Neratius)
1208 3378 1362 3437 libro
1428 3379 1682 3439 secundo
1754 3380 2191 3456 Responsorum
2265 3376 2396 3442 ait'.

385 3461 549 3521 Paul.
587 3463 625 3523 l.
654 3464 739 3522 IV
770 3463 1197 3534 Quaestionum
1233 3466 1304 3524 D.
1341 3468 1440 3543 15,
1471 3468 1529 3543 3,
1561 3468 1640 3525 19
1673 3462 1978 3527 ‘Neratius
2014 3469 2167 3528 libro
2196 3464 2304 3544 <..
2337 3468 2397 3546 .>

383 3549 819 3627 Responsorum
864 3548 990 3614 ait'.
