2575 3900
352 178 488 243 434
558 180 626 235 V.
663 177 962 235 NERVAE
999 178 1095 233 ΕΤ
1131 176 1435 233 TRAIANI
1469 177 1681 235 ΤΕΜΡ.
1715 176 1907 234 IURIS
1946 176 2303 233 CONSULTI

537 342 680 408 134.
750 339 825 405 D.
865 343 970 419 23,
1006 342 1068 423 4,
1106 341 1192 406 32
1228 363 1323 425 pr.
1423 340 1766 407 Iavolenus
1831 340 2005 407 libro
2061 346 2243 408 sexto
2299 363 2391 406 ex

353 430 820 517 posterioribus
845 431 1178 496 Labeonis.
1209 467 1295 477 —
1340 430 1504 499 Uxor
1531 430 1667 495 ciro
1691 431 1961 511 fundum
1988 432 2392 496 aestimatum

353 525 599 585 centum
625 521 696 585 in
719 521 915 584 dotem
932 520 1194 605 dederat,
1220 520 1436 585 deinde
1453 540 1591 583 cum
1607 521 1740 585 viro
1750 524 2004 603 paetum
2020 525 2393 585 conventum

350 609 596 694 fecerat,
641 613 714 674 ut
754 609 1014 674 divortio
1055 609 1220 689 facto
1266 609 1469 673 eodem
1500 608 1704 691 pretio
1748 609 1935 674 uxori
1977 610 2075 673 vir
2106 609 2391 688 fundum

353 699 722 775 restitueret;
763 704 978 779 postea
1023 698 1250 762 volente
1292 716 1487 762 uxore
1528 699 1626 761 vir
1669 718 1805 761 eum
1847 696 2117 778 fundum
2162 699 2392 763 ducen-

355 792 558 852 torum
593 747 966 872 vendiderat,
1007 791 1065 851 et
1097 787 1432 851 divortium
1466 790 1602 850 erat
1630 785 1882 867 factum.
1966 785 2169 851 Labeo
2192 790 2397 869 putat

353 877 488 941 viro
549 880 910 958 potestatem
979 876 1120 959 fieri
1189 870 1420 954 debere,
1493 878 1705 939 utrum
1766 875 1911 940 velit
1967 875 2229 940 ducenta
2290 876 2393 940 vel

349 965 622 1045 fundum
685 963 994 1047 reddere[,
1055 984 1247 1047 neque
1308 965 1367 1029 ei
1412 968 1670 1047 paetum
1731 968 2089 1029 conventum
2149 964 2394 1028 remitti

355 1052 682 1137 oportere]
772 1054 997 1118 idcireo
1038 1057 1196 1135 puto
1239 1052 1349 1117 hoc
1394 1052 1735 1118 Labeonem
1779 1054 2183 1137 respondisse,
2235 1073 2389 1135 quo-

352 1145 532 1208 niam
569 1143 876 1207 voluntate
910 1142 1188 1206 mulieris
1208 1141 1447 1222 fundus
1472 1142 1679 1206 veniit.
1730 1142 2010 1224 alioquin
2037 1141 2391 1207 omnimodo

352 1231 594 1313 fundus
637 1236 772 1296 erat
813 1232 1232 1296 restituendus

537 1321 683 1385 135.
743 1319 822 1384 D.
852 1319 1003 1384 ibid.
1030 1321 1071 1400 13*
1105 1320 1159 1383 1.
1204 1355 1277 1367 —
1322 1318 1400 1384 Si
1433 1323 1619 1401 pater
1659 1320 1832 1401 filiae
1873 1322 2122 1385 nomine
2156 1326 2391 1385 certam

349 1411 682 1492 pecuniam
726 1410 798 1473 in
840 1409 1038 1473 dotem
1072 1409 1449 1489 promiserat
1494 1405 1556 1495 (ἓ
1568 1404 1887 1494 dixerat?)
1930 1413 1989 1474 et
2020 1414 2245 1491 pactus
2278 1413 2391 1493 est,

354 1519 432 1563 ne
494 1500 726 1564 invitus
788 1517 926 1562 eam
987 1497 1262 1563 solveret:
1325 1495 1487 1561 nihil
1548 1496 1627 1561 ab
1684 1517 1751 1562 eo
1803 1498 2166 1580 exigendum
2208 1502 2389 1581 puto,

356 1588 509 1671 quia
562 1588 654 1666 id,
709 1587 874 1669 quod
901 1591 1087 1669 pacto
1131 1590 1415 1651 convento
1461 1606 1539 1650 ne
1581 1587 1813 1651 invitus
1856 1587 2199 1669 eaeiqeretur
2240 1606 2386 1651 con-

355 1678 612 1754 venerit,
659 1678 728 1740 in
771 1677 928 1741 dotis
971 1695 1226 1739 causam
1271 1694 1396 1741 esse
1438 1694 1565 1739 non
1608 1676 1927 1740 videretur.

541 1765 684 1830 136.
732 1763 814 1828 D.
841 1765 946 1846 23,
975 1763 1037 1846 5,
1069 1764 1150 1829 18
1177 1786 1274 1848 pr.
1346 1762 1693 1828 Iavolenus
1731 1763 1899 1827 libro
1939 1768 2121 1827 sexto
2160 1784 2239 1828 ex
2273 1783 2389 1846 po-

357 1854 744 1919 sterioribus
779 1850 1125 1917 Labeonis,
1170 1888 1256 1899 —
1300 1852 1412 1917 Vir
1448 1853 1518 1916 in
1548 1850 1747 1933 fundo
1782 1853 1975 1918 dotali
2012 1852 2389 1935 lapidicinas

357 1963 740 2009 marmoreas
785 1946 1126 2026 aperuerat.
1215 1941 1477 2008 divortio
1518 1940 1683 2022 facto
1726 1942 2062 2026 quaeritur,
2108 1961 2389 2006 marmor

356 2033 520 2115 quod
570 2051 814 2098 caesum
867 2051 1057 2113 neque
1109 2035 1497 2114 exportatum
1551 2036 1702 2096 esset
1750 2032 1924 2096 cuius
1976 2035 2127 2096 esset
2168 2035 2226 2094 et
2266 2031 2386 2094 im-

345 2141 614 2205 pensam
675 2121 745 2185 in
799 2120 1170 2202 lapidicinos
1218 2121 1457 2223 factam
1506 2120 1733 2185 mulier
1784 2139 1872 2184 an
1923 2121 2023 2186 vir
2062 2123 2389 2222 praestare

356 2211 604 2278 deberet.
684 2209 887 2274 Labeo
930 2229 1210 2274 marmor
1251 2208 1379 2274 viri
1416 2227 1540 2273 esse
1573 2208 1697 2286 ait;
1743 2213 2001 2274 ceterum
2036 2210 2169 2273 viro
2204 2212 2391 2309 neyat

357 2300 697 2402 quidquam
719 2299 1170 2384 praestandum
1206 2318 1329 2363 esse
1353 2318 1397 2360 a
1426 2298 1699 2376 muliere,
1735 2298 1885 2380 quia
1910 2317 2018 2362 nec
2042 2297 2387 2362 necessaria

357 2409 433 2455 ea
477 2389 758 2470 impensa
800 2391 952 2453 esset
983 2392 1041 2452 et
1070 2387 1310 2467 fundus
1344 2387 1605 2452 deterior
1638 2390 1791 2452 esset
1818 2386 2041 2467 factus.
2120 2405 2227 2469 eqo
2258 2404 2387 2449 non

361 2483 604 2543 tantum
640 2477 1030 2557 necessariae,
1067 2478 1175 2542 sed
1205 2477 1393 2540 etiam
1428 2476 1608 2540 utiles
1641 2475 1951 2557 impensas
1969 2474 2386 2557 praestandas

357 2588 400 2632 a
457 2568 708 2632 muliere
751 2567 1032 2632 eoeistimo
1077 2585 1184 2630 nec
1217 2569 1373 2648 puto
1416 2562 1685 2644 fundum
1727 2563 2081 2628 deteriorem
2124 2583 2270 2641 esse,
2326 2562 2385 2626 si

361 2657 512 2722 tales
555 2661 701 2722 sunt
744 2656 1136 2738 lapidicinae,
1181 2655 1250 2718 in
1296 2654 1515 2736 quibus
1562 2653 1722 2734 lapis
1765 2671 2021 2718 crescere
2053 2651 2268 2734 possit.

541 2745 684 2811 137.
731 2742 810 2809 D.
843 2743 999 2808 ibid.
1037 2746 1078 2825 ξ
1111 2745 1166 2807 1.
1212 2779 1302 2788 -
1349 2740 1426 2807 Si
1456 2762 1576 2845 per
1620 2741 1937 2806 mulierem
1980 2761 2157 2806 mora
2198 2737 2383 2824 fieret,

360 2854 476 2914 quo
541 2835 751 2898 minus
813 2833 1299 2896 aestimationem
1347 2830 1559 2914 partis
1607 2829 1796 2911 fundi
1846 2829 1979 2895 viro
2029 2830 2283 2894 solveret
2330 2832 2388 2892 et

356 2922 626 3002 fundum
669 2922 972 3002 reciperet,
1017 2939 1155 2985 eum
1197 2920 1308 2984 hoe
1337 2925 1596 3003 pactum
1638 2923 1786 2982 erat.
1850 2918 2092 2998 fructus
2136 2917 2385 2984 interim

353 3014 661 3094 perceptos
704 3011 790 3074 ad
831 3011 1038 3074 virum
1071 3010 1380 3091 pertinere
1423 3009 1517 3072 ait
1551 3007 1768 3072 Labeo.
1838 3012 1994 3090 puto
2025 3008 2239 3089 potius
2259 3025 2386 3089 pro

352 3100 638 3181 portione
686 3098 930 3178 fructus
983 3098 1187 3162 virum
1240 3097 1621 3181 habiturum,
1675 3096 1943 3178 reliquos
1996 3095 2245 3161 mulieri
2294 3114 2385 3160 re-

360 3187 749 3264 stituturum5
795 3207 912 3269 quo
957 3188 1094 3251 iure
1135 3188 1389 3251 utimur.

548 3275 692 3340 138.
738 3273 816 3338 D.
838 3275 942 3352 24,
973 3275 1030 3357 1,
1058 3274 1160 3339 64.
1231 3275 1573 3339 Iavolenus
1602 3273 1766 3338 libro
1796 3276 1978 3339 sexto
2010 3296 2086 3338 ex
2112 3270 2383 3358 posteri-

365 3362 583 3428 oribus
624 3360 960 3426 Labeonis,
999 3399 1083 3407 —
1135 3362 1249 3427 Vir
1295 3362 1545 3426 mulieri
1588 3363 1844 3427 divortio
1884 3361 2049 3443 facto
2085 3363 2385 3444 quaedam

364 3451 586 3516 idcirco
623 3451 884 3534 dederat,
920 3454 992 3514 ut
1023 3452 1110 3515 ad
1141 3470 1203 3515 se
1235 3454 1640 3514 reverteretur.
1714 3451 1937 3515 mulier
1970 3469 2212 3516 mersa
2236 3453 2386 3531 erat,

361 3540 577 3605 deinde
621 3539 953 3604 divortium
989 3538 1228 3618 fecerat.
1321 3537 1556 3602 Labeo:
1608 3537 1928 3605 Trebatius
1963 3541 2127 3604 inter
2167 3539 2385 3603 Teren-
