2575 3900
305 151 435 216 306
506 151 573 208 V.
612 149 910 206 NERVAE
947 148 1039 204 ΕΤ
1074 149 1381 205 TRAIANI
1417 149 1630 207 ΤΕΜΡ.
1668 149 1862 206 IURIS
1898 147 2254 204 CONSULTI

997 367 1002 371 ’
1050 367 1149 432 De
1191 369 1581 451 usucapione.

481 510 585 576 37.
649 508 727 574 D.
764 511 871 592 41,
910 512 970 594 3,
1010 510 1048 575 8
1069 532 1164 594 pr.
1264 509 1504 575 Paulus
1569 508 1737 574 libro
1803 507 2178 575 duodecimo
2245 510 2329 575 ad

306 598 586 664 edictum
636 593 736 684 (Ρ.
764 599 943 686 232).
981 633 1065 645 -
1104 597 1322 664 Labeo
1369 595 1677 663 Neratius
1723 598 2192 681 responderunt
2235 621 2330 684 ea,

308 707 474 770 quae
522 687 690 752 servi
735 686 1149 772 peculiariter
1185 687 1406 753 naneti
1443 690 1611 770 sunt,
1655 685 1738 772 <a
1774 685 2034 752 domino
2075 686 2328 752 infante

304 795 561 861 quoque
618 775 719 840 vel
773 775 1061 862 furioso>
1116 776 1387 860 usucapi
1439 797 1650 861 posse,
1704 776 1860 860 quia
1918 775 2076 840 haee
2131 776 2328 840 etiam

303 865 688 949 ignorantes
736 864 981 929 domini
1028 865 1432 949 usucapiunt.

480 975 668 1036 Lenel
712 975 779 1037 P.
828 977 903 1036 ad
948 975 1116 1036 Paul.
1161 979 1363 1036 notat:
1415 969 1509 1034 ‘In
1553 973 1881 1052 posteriore
1928 974 2110 1036 edisti
2154 980 2328 1053 parte

302 1068 546 1143 praetor
591 1065 703 1124 ait:
754 1059 914 1126 ‘inve
960 1065 1214 1126 vinculis
1262 1057 1445 1124 esset’
1490 1082 1610 1123 non
1651 1063 1854 1124 addito
1896 1057 1994 1141 (ut
2028 1064 2092 1123 in
2129 1066 2325 1141 priore

301 1145 507 1235 parte)
553 1154 736 1214 verbo
783 1147 1154 1214 ‘servitute'z
1210 1153 1327 1212 huo
1373 1156 1605 1229 spectat
1649 1153 1718 1211 fr.
1752 1153 1898 1212 232.
1971 1153 2045 1213 cf.
2073 1151 2208 1229 Ulp.
2242 1155 2326 1214 62

300 1244 381 1303 ad
436 1243 612 1303 edict.
654 1244 757 1318 50,
800 1245 901 1316 17,
942 1237 1109 1302 118’.
1212 1242 1285 1302 cf.
1339 1241 1603 1301 eiusdem
1657 1241 1775 1301 viri
1832 1240 2162 1301 doctissimi
2215 1241 2327 1303 Ed.

300 1335 533 1409 perpet.
561 1352 618 1408 p.
651 1334 732 1392 96
780 1351 838 1390 n.
871 1334 971 1392 19.

479 1420 553 1479 cf.
591 1420 663 1478 D.
702 1422 805 1499 41,
846 1423 903 1496 3,
942 1421 1025 1480 47
1083 1419 1309 1478 Paulus
1364 1417 1518 1478 libro
1571 1417 1667 1476 III
1719 1417 1798 1477 ad
1841 1417 2173 1478 Neratium.
2261 1415 2330 1478 Si

302 1511 567 1585 emptam
620 1527 751 1572 rem
795 1508 943 1567 mihi
987 1510 1342 1584 procurator
1395 1508 1714 1585 ignorante
1769 1525 1865 1566 me
1911 1526 2043 1567 meo
2088 1508 2328 1567 nomine

302 1596 779 1675 adprehenderit,
800 1597 1075 1673 quamvis
1101 1595 1460 1673 possideam,
1493 1614 1623 1655 eam
1650 1615 1768 1655 non
1794 1595 2159 1674 usucapiam‚
2187 1596 2330 1674 quia

302 1690 371 1746 ut
414 1685 763 1763 ignorantes
808 1685 1274 1761 usuoeperimus‚
1320 1684 1383 1743 in
1426 1684 1829 1760 peculiaribus
1871 1687 2108 1744 tantum
2145 1685 2328 1745 rebus

302 1776 606 1849 receptum
655 1777 763 1835 est.

1008 1928 1107 1994 De
1149 1929 1220 1993 in
1264 1947 1395 1993 rem
1435 1945 1622 1992 verso,

481 2072 584 2138 38.
628 2071 704 2136 D.
729 2071 830 2154 15,
850 2073 911 2152 3,
934 2072 1037 2137 19.
1110 2070 1351 2135 Paulus
1389 2070 1554 2135 libro
1594 2073 1822 2154 quart-o
1862 2069 2328 2146 Quaestionum

303 2158 400 2245 (P.
452 2156 673 2246 1315).
740 2196 825 2207 —
888 2159 1089 2224 Filius
1164 2159 1449 2223 familias
1522 2162 1746 2244 togam
1813 2159 1996 2243 emit3
2068 2165 2325 2226 mortuo

174 2308 177 2312 .
305 2249 537 2313 deinde
575 2269 650 2313 eo
687 2255 873 2332 pater
909 2250 1219 2333 ignorans
1256 2251 1324 2311 et
1357 2251 1592 2331 putans
1622 2269 1805 2311 suam
1834 2268 1976 2312 esse
2005 2247 2329 2314 dedicavit

305 2359 449 2401 eam
495 2337 563 2400 in
609 2337 801 2401 funus
849 2338 1007 2402 eius·
1079 2335 1387 2399 Neratius
1424 2336 1592 2400 libro
1629 2334 1806 2420 <...>
1841 2334 2328 2420 Responsorum

304 2425 398 2489 ait
443 2426 512 2489 in
559 2448 695 2493 rem
743 2428 949 2509 patris
998 2446 1256 2489 versum
1304 2424 1533 2507 videri,
1579 2424 1643 2489 in
1693 2424 1945 2490 actione
1992 2428 2208 2489 autem
2248 2426 2328 2490 de

303 2514 556 2598 peculio
614 2514 780 2598 quod
838 2516 905 2577 in
960 2535 1175 2577 rerum
1230 2516 1464 2577 natura
1515 2534 1648 2577 non
1703 2516 1900 2594 esset,
1945 2534 2073 2577 uno
2132 2515 2326 2579 modo

306 2602 632 2667 aestimari
701 2602 957 2685 debere,
1022 2602 1077 2666 si
1132 2600 1281 2666 dolo
1339 2603 1507 2666 malo
1567 2601 1703 2665 eius
1761 2622 2037 2685 quocum
2092 2607 2330 2688 agatur

300 2691 547 2756 factum
586 2694 772 2755 esset.
848 2690 1075 2775 atquin
1115 2690 1171 2754 si
1206 2690 1341 2754 filio
1380 2694 1566 2773 pater
1592 2694 1818 2773 togam
1847 2711 2055 2754 emere
2084 2689 2326 2771 debuit,

302 2779 368 2841 in
415 2801 547 2843 rem
597 2778 802 2861 patris
848 2801 949 2844 res
997 2800 1184 2844 versa
1228 2784 1326 2842 est
1361 2800 1491 2843 non
1527 2799 1696 2843 nunc
1735 2800 1861 2863 quo
1898 2776 2325 2866 funerabitur,

304 2866 415 2929 sed
473 2888 599 2949 quo
654 2870 944 2951 tempore
1000 2868 1182 2952 emit3
1239 2866 1433 2931 funus
1490 2867 1661 2931 enim
1716 2866 1836 2930 filii
1884 2888 1994 2931 aes
2040 2867 2324 2933 alienum

304 2953 511 3034 patris
569 2957 693 3035 est,
758 2963 823 3018 et
876 2956 999 3021 hoc
1052 2954 1361 3020 Neratius
1419 2976 1699 3039 quoque,
1764 2956 1872 3040 qui
1929 2956 2006 3020 de
2062 2956 2131 3021 in
2187 2978 2326 3022 rem

307 3061 493 3103 verso
557 3045 807 3123 patrem
865 3044 1072 3107 teneri
1126 3044 1408 3129 putavit,
1472 3044 1756 3108 ostendit
1809 3044 2144 3129 negotium
2199 3045 2326 3112 hoo

309 3126 401 3205 [id
431 3130 548 3278 esti]
555 3129 957 3228 sepulturam
988 3137 1051 3196 et
1080 3133 1273 3198 funus
1302 3133 1445 3214 filii]
1475 3133 1684 3217 patris
1716 3154 1855 3197 esse
1885 3155 1994 3198 aes
2022 3134 2331 3221 alienum,

306 3235 436 3278 non
550 3238 616 3281 n.

482 3324 680 3386 Eisele
711 3328 772 3387 Z.
793 3328 845 3388 d.
868 3329 1115 3392 Sav.-St.
1136 3333 1237 3407 XI,
1261 3336 1327 3394 6:
1375 3326 1596 3392 ‘Wenn
1639 3350 1754 3391 nur
1789 3332 1959 3393 nieht
1996 3334 2102 3394 der
2135 3354 2330 3412 ganza

307 3410 553 3473 Passus:
619 3419 681 3475 et
741 3418 852 3478 hoo
904 3419 1186 3481 Neratius
1244 3440 1478 3498 quoque
1524 3467 1537 3480 .
1569 3469 1581 3482 .
1612 3469 1625 3482 .
1673 3441 1794 3482 non
1855 3421 1968 3481 filii
2025 3442 2146 3483 von
2208 3424 2330 3483 den

308 3497 757 3577 '‘ompilatoren
800 3501 921 3567 ist'.
