2575 3900
351 200 484 267 448
557 203 625 258 V.
661 200 962 257 NERVAE
999 201 1097 256 ET
1133 200 1442 256 TRAJAM
1477 198 1694 257 ΤΕΜΡ.
1726 198 1922 255 mms
1959 199 2326 256 CONSULTI

345 387 458 433 suo
512 367 758 431 interim
797 370 1015 447 partes
1065 369 1230 429 emat
1279 369 1360 447 et,
1421 364 1552 431 nisi
1594 369 1785 430 totum
1828 365 2057 448 emerit,
2101 364 2374 447 inyratis

347 476 455 522 eas
507 456 780 519 retineat.
876 475 1030 519 nam
1069 454 1337 537 propius
1388 458 1499 532 est,
1553 459 1625 517 ut
1674 473 1814 518 cum
1866 453 2223 519 huiusmodi
2274 454 2379 519 in-

347 544 677 610 commodis
719 544 1086 608 mandatum
1131 542 1365 625 suscipi
1396 543 1601 624 possit
1630 544 2059 624 praestarique
2096 542 2383 625 officium

346 638 406 699 ct
457 633 526 696 in
569 632 859 734 partibus
909 633 1177 697 emendis
1215 632 1477 714 perinde
1528 636 1707 714 atque
1759 632 1831 696 in
1880 636 1999 697 toto
2042 631 2251 696 dcbwt
2296 632 2380 697 ab

347 742 443 801 eo,
485 722 595 803 qui
638 722 760 786 tale
801 722 1165 786 mandatum
1207 740 1328 786 sua
1370 725 1581 803 sponte
1623 720 1901 802 suscepit.

526 809 634 875 40.
688 808 765 875 D.
800 809 956 874 ibid
989 812 1030 890 ξ
1070 810 1129 875 3.
1186 845 1270 855 —
1330 808 1509 889 Quod
1556 810 1616 875 si
1669 810 2060 875 mandassem
2114 808 2250 893 ιῶἱ,
2306 814 2388 874 ut

343 898 616 983 fundum
659 898 820 963 mihi
861 919 1098 981 emeres,
1141 919 1268 963 non
1312 899 1522 963 addito
1564 919 1649 981 eo,
1694 904 1768 964 ut
1808 918 1936 963 non
1984 898 2167 963 aliter
2200 918 2387 963 mavi-

348 989 493 1053 dato
556 993 786 1071 tenear,
847 1008 1036 1071 quam
1093 988 1152 1052 si
1204 991 1397 1051 totum
1449 1007 1695 1071 emeres,
1758 991 1818 1051 et
1870 992 1941 1051 tu
1982 992 2234 1069 partem
2283 987 2387 1053 vel

347 1078 652 1161 quasdam
697 1082 910 1163 partes
961 1078 1095 1141 eius
1143 1076 1387 1159 emeris,
1442 1080 1573 1140 tum
1615 1075 1969 1141 habebimas
2010 1076 2147 1141 sine
2188 1076 2384 1141 dubio

348 1167 608 1231 invicem
643 1166 928 1230 mandati
960 1166 1278 1246 actionem,
1322 1166 1605 1246 quamvis
1638 1165 1909 1247 reliquas
1936 1169 2148 1247 partes
2184 1185 2387 1230 emere

351 1275 482 1321 non
519 1256 833 1337 potuisses.

1039 1356 1134 1415 De
1180 1357 1419 1416 aedibus
1466 1357 1683 1430 emptis.

531 1468 637 1532 41.
698 1465 776 1531 D.
809 1467 919 1549 19,
952 1468 1015 1546 l,
1047 1467 1128 1531 18
1158 1489 1255 1550 pr.
1343 1464 1688 1531 Iavolenus
1742 1466 1909 1530 libro
1958 1464 2237 1549 septimo
2294 1488 2381 1530 ex

349 1552 596 1621 CassiO.
645 1592 722 1603 —
775 1555 1133 1634 Granaria,
1195 1576 1353 1638 quae
1403 1576 1478 1620 ex
1532 1555 1756 1621 tabulis
1804 1555 1947 1638 fieri
2002 1554 2221 1633 solent,
2285 1555 2388 1620 ita

348 1646 597 1710 aedium
647 1650 818 1724 sunt,
881 1645 940 1709 si
990 1646 1226 1727 stipites
1280 1665 1489 1709 eorum
1546 1646 1617 1709 in
1676 1648 1844 1709 terra
1904 1642 2129 1724 defossi
2192 1648 2379 1722 sunt‚·

348 1735 514 1818 quod
551 1736 611 1800 si
651 1753 847 1815 supra
890 1738 1119 1799 terram
1161 1738 1334 1811 sunt,
1378 1734 1539 1799 rutis
1581 1737 1641 1798 et
1681 1734 1871 1798 caesis
1915 1732 2151 1797 cedunt.

529 1823 636 1887 42.
689 1821 767 1887 Ι).
795 1822 950 1887 ibid.
979 1823 1020 1902 ἓ
1053 1824 1112 1887 1.
1143 1859 1220 1869 —-
1257 1822 1537 1905 Teyulae,
1574 1843 1729 1905 quae
1763 1822 2037 1887 nondum
2073 1820 2380 1904 aedificiis

351 1912 674 1994 impositae
725 1914 898 1993 sunt,
950 1912 1235 1993 quamvis
1279 1912 1514 1995 teyendi
1550 1912 1764 1995 qratia
1807 1911 2037 1977 allatae
2080 1914 2251 1994 sunt,
2307 1910 2385 1976 in

348 2002 511 2066 rutis
571 2005 631 2065 et
689 2001 882 2065 caesis
933 2000 1244 2066 habentur.
1319 2001 1499 2066 aliud
1548 2001 1707 2066 iuris
1770 2005 1858 2066 est
1907 2001 1979 2065 in
2031 1999 2156 2080 his,
2220 2021 2385 2082 quae

347 2091 650 2156 detractae
699 2094 847 2154 sunt
897 2093 969 2154 ut
1018 2095 1454 2172 reponerentur
1461 2111 1484 2168 ;
1539 2091 1791 2156 aedibus
1843 2089 2009 2154 enim
2063 2089 2376 2154 accedunt.

1084 2272 1179 2331 De
1223 2289 1386 2331 servo
1433 2277 1630 2347 empto.

529 2381 635 2447 43.
706 2380 786 2447 D.
835 2383 947 2464 18,
994 2383 1064 2464 6,
1115 2383 1212 2446 17.
1313 2381 1657 2447 Iavolenus
1719 2382 1886 2448 libro
1952 2381 2231 2466 septimo
2296 2403 2379 2447 ex

353 2467 602 2535 Cassio.
645 2508 719 2517 —
760 2470 938 2536 Servi
971 2476 1203 2552 emptor
1242 2472 1300 2536 si
1333 2493 1471 2536 eum
1506 2473 1866 2536 conductum
1900 2471 2152 2554 royavit,
2189 2471 2379 2536 donec

342 2561 618 2642 pretium
660 2561 924 2644 solveret,
967 2559 1131 2624 nihil
1161 2581 1280 2644 per
1324 2581 1465 2625 eum
1506 2580 1747 2626 servum
1782 2560 2105 2642 adquirere
2135 2560 2379 2643 poterit,

354 2650 652 2732 quoniam
713 2669 838 2714 non
901 2650 1137 2714 videtur
1201 2650 1467 2714 traditus
1528 2650 1614 2732 is,
1675 2649 1853 2716 cuius
1905 2649 2208 2732 possessio
2260 2669 2379 2733 per

355 2738 712 2804 locationem
774 2739 1067 2803 retinetur
1133 2759 1176 2802 a
1227 2739 1547 2803 venditore.
1640 2737 1983 2820 periculum
2036 2739 2165 2804 cius
2217 2738 2380 2802 servi

352 2828 444 2892 ad
491 2832 816 2911 emptorem
857 2827 1149 2911 pertinet,
1205 2829 1370 2910 quod
1421 2833 1624 2893 tamen
1676 2827 1813 2893 sinc
1862 2827 2000 2892 dolo
2042 2827 2372 2892 venditoris

359 2915 762 2980 intervenerit.

1148 3062 1367 3123 Liber
1410 3061 1579 3122 VIII.

919 3181 1018 3246 De
1061 3182 1358 3247 locatione
1400 3182 1807 3248 conductione.

529 3295 636 3360 44.
689 3294 769 3360 D.
801 3297 903 3377 19,
929 3297 991 3375 2,
1019 3298 1122 3362 37.
1193 3296 1535 3362 Iavolenus
1564 3297 1733 3361 libro
1764 3299 1994 3362 octavo
2024 3318 2103 3360 ex
2130 3294 2372 3363 Cassia

357 3419 434 3430 —
496 3381 598 3468 Si,
647 3385 1020 3466 priusquam
1061 3387 1328 3450 locatori
1380 3405 1531 3467 opus
1576 3385 1969 3471 probaretur,
2032 3387 2095 3450 vi
2160 3386 2375 3468 aliqua

347 3476 780 3574 consumptum
833 3478 944 3551 est,
998 3475 1424 3538 detrimentum
1469 3475 1555 3538 ad
1597 3474 1917 3540 locatorem
1959 3475 2055 3540 ita
2087 3475 2371 3558 pertinet,

353 3562 416 3624 si
461 3561 579 3626 talc
622 3581 773 3644 opus
810 3562 962 3643 ficit,
1006 3565 1077 3626 ut
1105 3561 1369 3643 probari
1414 3561 1653 3626 deberet.
