2575 3900
833 204 882 253 6.
930 196 1345 253 IAVOLENUS
1384 196 1677 253 PRISCUS
2131 196 2263 261 457

761 378 862 445 De
904 381 1228 445 arboribus
1267 380 1495 461 furtim
1539 381 1745 445 caesis.

423 496 525 561 81.
582 495 661 561 D.
697 497 804 579 47,
844 497 901 579 7,
943 496 1044 561 12.
1135 494 1479 560 Iavolenus
1536 496 1704 559 libro
1746 494 1969 579 quinto
2018 493 2267 558 decimo

246 606 328 649 ex
373 582 616 650 Cassia
669 621 744 632 -
808 584 930 666 Qui
972 604 1192 667 ayrum
1230 584 1525 668 vendidit,
1570 584 1766 649 nihilo
1802 584 2012 647 minus
2043 583 2273 663 furtim

240 674 534 739 arborum
579 694 898 739 caesarum
941 694 1116 756 ayere
1148 678 1364 756 potest.

836 851 937 916 De
983 852 1276 915 bonorum
1320 851 1677 915 venditione.

423 966 525 1032 82.
583 966 659 1031 D.
687 967 748 1049 3,
775 967 838 1049 4,
867 967 928 1033 8.
1009 966 1355 1032 Iavolenus
1403 965 1571 1030 libro
1619 964 1846 1050 quinto
1896 964 2142 1030 decimo
2191 985 2270 1028 ex

247 1052 490 1121 Cassia
539 1090 626 1101 -
678 1054 967 1121 Oivitates
1019 1056 1078 1122 si
1121 1076 1242 1137 per
1296 1075 1394 1121 eos
1446 1056 1555 1136 qui
1598 1074 1696 1119 res
1739 1074 1953 1119 earum
1997 1053 2269 1119 admini-

243 1148 451 1209 strant
499 1164 626 1209 non
678 1144 1088 1225 defenduntur
1138 1164 1247 1209 nec
1300 1145 1631 1226 quicquam
1686 1147 1773 1208 est
1826 1142 2137 1225 corporale
2178 1142 2273 1206 rei

238 1232 521 1316 publicae
563 1234 728 1314 quod
748 1235 1152 1315 possideatur,
1186 1254 1306 1316 per
1344 1234 1685 1297 exactiones
1699 1230 1719 1267 ¹
1758 1231 2092 1296 debitorum
2128 1232 2273 1295 civi-

249 1323 398 1387 tatis
441 1322 756 1404 aqentibus
799 1323 1092 1405 satisfieri
1136 1327 1381 1403 oportet.
2000 1374 2002 1377 ⁴

424 1435 496 1493 of.
544 1432 730 1491 Lenel
774 1433 965 1493 Edict.
1013 1432 1053 1509 ξ
1085 1434 1230 1493 202.

426 1544 532 1609 83.
576 1540 655 1607 D.
683 1543 744 1621 4,
771 1545 832 1621 6,
861 1544 1056 1627 34pr.
1147 1542 1489 1608 Iavolenus
1536 1543 1703 1606 libro
1753 1543 1977 1625 quinto
2026 1540 2272 1605 decimo

247 1653 327 1697 ex
366 1629 610 1696 Cassio,
656 1667 741 1677 —
788 1630 983 1697 Miles
1026 1638 1365 1697 commeatu
1409 1637 1643 1713 accepto
1688 1632 1745 1695 si
1790 1633 1964 1695 domo
2008 1650 2125 1695 sua
2169 1634 2278 1713 est,

245 1722 340 1785 rei
376 1720 659 1803 publicae
700 1740 894 1786 causa
936 1721 1140 1786 abesse
1182 1742 1309 1786 non
1353 1720 1603 1786 videtur.

427 1833 502 1892 cf.
549 1832 686 1892 Vat.
725 1832 796 1893 fr.
839 1835 984 1893 222.
1075 1833 1262 1893 Lenel
1307 1832 1499 1892 Edict.
1545 1830 1585 1907 ξ
1618 1835 1762 1893 205.

427 1942 530 2009 84.
585 1941 666 2009 D.
702 1942 856 2009 ibid.
894 1946 934 2025 ἓ
970 1945 1022 2011 1.
1081 1981 1162 1992 -
1223 1943 1348 2026 Qui
1400 1963 1614 2026 operas
1665 1944 1735 2008 in
1776 1942 2053 2026 publice,
2114 1942 2283 2024 quod

246 2033 634 2187 Zechtiy‘ablgvggn
690 2053 879 2099 causa
934 2034 1198 2098 locatum
1250 2038 1363 2117 est,
1426 2034 1561 2115 dat,
1613 2034 1707 2098 rei
1747 2032 2033 2115 publicae
2085 2051 2277 2096 causa

429 2225 502 2283 cf.
546 2225 619 2284 D.
652 2227 750 2296 50,
786 2228 886 2304 16,
918 2227 1017 2284 16.

430 2325 534 2390 85.
581 2324 658 2389 D.
689 2325 749 2408 5,
783 2327 839 2408 1,
868 2327 972 2392 34.
1051 2326 1395 2390 Iavolenus
1434 2325 1602 2390 libro
1641 2326 1868 2408 quinto
1907 2324 2156 2390 decimo
2197 2345 2275 2387 ex

253 2412 498 2479 Cassio.
549 2449 625 2460 -
677 2414 752 2479 Si
795 2416 852 2480 is
896 2417 1006 2497 qui
1041 2415 1278 2479 Romae
1323 2415 1620 2479 iudicium
1666 2417 1975 2495 acceperat
2015 2413 2280 2496 decessit,

250 2501 422 2566 lieres
465 2504 598 2567 eius
641 2505 922 2584 quamvis
966 2504 1346 2569 domicilium
1392 2509 1569 2568 trans
1604 2523 1776 2566 mare
1809 2501 1997 2585 habet,
2044 2502 2280 2566 Romae

254 2595 460 2655 tamen
504 2591 748 2672 defendi
791 2592 976 2676 debet,
1027 2594 1179 2674 quia
1222 2593 1483 2657 succedit
1524 2593 1595 2655 in
1637 2591 1769 2655 eius
1814 2591 2029 2674 locum,
2072 2611 2115 2653 a
2158 2610 2281 2671 quo

253 2679 426 2745 heres
467 2679 712 2744 relictus
756 2685 860 2744 est.

435 2768 537 2832 86.
607 2767 970 2852 D.50‚16,
1015 2769 1158 2834 114.
1256 2768 1434 2833 Idem
1500 2765 1615 2855 (sc.
1651 2763 2043 2853 Iavolenus)
2109 2767 2279 2832 libro

255 2857 483 2941 quinto
549 2858 800 2922 decimo
861 2879 940 2922 ex
997 2856 1240 2923 Cassio,
1295 2894 1385 2904 —
1438 2857 1731 2922 Solvcndo
1783 2876 1907 2922 esse
1957 2877 2132 2921 nemo
2185 2857 2280 2921 in·

257 2946 575 3030 telleyitur‚
618 2947 748 3010 nisi
790 2947 900 3028 qui
941 2947 1207 3011 solidum
1241 2951 1440 3028 potest
1481 2947 1720 3011 solvere.

434 3036 538 3102 87.
597 3035 673 3100 D.
705 3035 808 3118 16,
835 3036 896 3118 2,
929 3036 1028 3100 14.
1128 3034 1469 3100 Iavolenus
1525 3035 1694 3100 libro
1751 3034 1976 3117 quinto
2033 3035 2281 3099 decimo

257 3145 336 3188 ex
410 3122 656 3189 CassiO.
731 3159 815 3171 -
900 3123 1322 3206 Quaecumque
1392 3145 1507 3206 per
1576 3124 1977 3206 exceptionem
2042 3125 2284 3207 peremi

251 3218 533 3298 possunt,
577 3213 648 3278 in
692 3215 1234 3295 compensationem
1275 3234 1404 3278 non
1447 3214 1715 3278 veniunt.

433 3331 550 3393 Pro
591 3327 677 3392 ‘in
713 3327 1277 3408 compensationem'
1314 3333 1514 3408 potius
1554 3327 1642 3392 ‘in
1670 3327 2107 3393 deductionem’
2140 3331 2281 3391 scri·

257 3421 523 3481 bendum
592 3439 720 3483 esse
775 3421 960 3482 Lenel
1006 3421 1251 3498 conicit3
1318 3422 1391 3481 de
1436 3424 1725 3482 bonorum
1784 3422 1941 3481 enim
1996 3424 2284 3498 emptore,

400 3578 427 3625 1
471 3571 566 3627 Fl.
603 3571 868 3628 actiones.
