2575 3900
369 167 455 229 92
510 167 606 221 111.
639 167 788 220 GAII
814 165 1108 220 CLAUDII
1136 165 1409 222 NERON.
1428 165 1715 221 GALBAE
1735 165 1949 222 TEMP.
1971 166 2164 222 IURIS
2189 168 2393 224 CONS.

371 331 669 395 dominae
718 330 980 394 divortii
1025 352 1218 395 causa
1255 351 1357 394 res
1396 330 1728 413 amoverit,
1774 329 2011 394 Pedius
2051 333 2240 413 putat
2277 352 2395 396 nec

367 419 607 483 furtum
686 440 829 483 eum
900 417 1137 499 facere,
1215 419 1512 503 quamvis
1578 440 1802 483 servus
1866 420 1934 482 in
1999 418 2395 484 facinoribus

367 508 630 573 domino
667 508 842 572 dicto
881 508 1143 572 audiens
1182 529 1322 571 esse
1360 529 1491 572 non
1529 507 1778 589 debeat,
1817 507 1927 571 sed
1964 529 2179 572 rerum
2217 530 2395 574 amo-

366 600 580 660 tarum
628 596 796 661 actio
856 597 1005 680 erit,
1068 597 1375 681 quoniam
1430 595 1593 660 nihil
1641 596 1804 661 lucri
1851 597 1950 660 sui
1999 618 2195 661 causa
2243 618 2394 662 con-

367 688 607 750 trectet
671 706 788 750 nec
853 684 1060 749 videri
1122 685 1367 750 furtum
1422 684 1688 749 facienti
1745 706 1932 767 opem
1986 684 2183 768 ferre,
2251 707 2397 750 cum

366 775 597 838 mulier
640 774 886 837 furtum
934 795 1065 838 non
1112 775 1328 838 saciat.

547 887 630 945 In
656 886 757 944 ΓΖ.
788 903 1008 945 comma
1036 886 1310 963 quamvis
1339 930 1353 945 .
1370 930 1383 944 .
1401 929 1416 944 .
1445 886 1661 944 debeat
1687 886 1892 959 leyitur
1907 891 2046 958 post
2069 889 2245 946 verba
2271 887 2397 945 fur-

364 979 494 1034 tum
540 994 659 1033 non
704 975 902 1034 faciat.

1060 1055 1235 1110 Furti
1269 1072 1368 1109 nec
1402 1055 1700 1122 manifesti.

544 1157 649 1220 33.
714 1155 793 1219 D.
838 1156 946 1239 47,
986 1157 1045 1237 2,
1085 1155 1188 1234 50,
1225 1157 1284 1219 2.
1388 1155 1474 1220 Ul
1522 1156 1710 1219 ianus
1777 1154 1943 1218 libro
2008 1155 2398 1239 trigensimo

367 1245 644 1330 septimo
694 1244 773 1308 ad
822 1244 1101 1308 edictum
1148 1241 1249 1332 (P.
1284 1243 1485 1308 1041*
1518 1295 1531 1306 .
1571 1279 1653 1290 —
1694 1292 1708 1308 .
1739 1295 1752 1308 .
1783 1242 2020 1307 Pedius
2069 1245 2177 1327 ait,
2227 1245 2397 1309 sicut.

364 1356 555 1399 nemo
612 1334 858 1397 furtum
904 1333 1062 1397 facit
1108 1334 1247 1397 sine
1299 1333 1447 1397 dolo
1495 1333 1695 1415 male,
1748 1335 1844 1396 ita
1891 1355 2006 1396 nec
2054 1334 2397 1397 consilium

366 1425 468 1489 vel
516 1444 704 1506 opem
751 1421 919 1486 ferre
968 1423 1105 1485 sine
1155 1422 1305 1487 dolo
1353 1421 1528 1485 malo
1576 1443 1784 1505 posse.

961 1580 1238 1634 Arborum
1274 1580 1473 1644 fwrtim
1508 1594 1802 1634 caesarum.

544 1682 646 1745 34.
722 1681 799 1744 D.
845 1681 951 1761 47,
1001 1683 1060 1760 7,
1110 1681 1259 1762 7pr.
1374 1677 1695 1762 Ulpianus
1762 1679 1931 1742 libro
2004 1677 2393 1761 trigensimo

368 1773 597 1835 octavo
639 1769 717 1832 ad
758 1769 1037 1833 edictum
1076 1766 1176 1854 (P.
1214 1766 1431 1852 1073).
1459 1806 1548 1815 --
1576 1767 1825 1831 Furtim
1865 1788 2088 1831 caesae
2128 1766 2394 1831 arbores

367 1858 686 1940 videntur,
724 1879 887 1941 quae
926 1859 1267 1942 ignorante
1309 1856 1569 1920 domino
1611 1857 1982 1940 celandique
2021 1856 2156 1918 eius
2197 1876 2395 1919 causa

366 1946 736 2012 caeduntur.
808 1969 924 2010 nec
964 1968 1102 2010 esse
1138 1945 1306 2009 hanc
1344 1944 1503 2009 furti
1533 1945 1852 2010 actionem
1885 1944 2110 2009 scribit
2138 1943 2396 2028 Pedius,

367 2058 508 2101 cum
560 2040 624 2099 et,
671 2037 806 2100 sine
852 2035 1026 2100 furto
1073 2035 1213 2097 fieri
1260 2035 1494 2117 possit,
1544 2039 1619 2097 ut.
1664 2034 1804 2118 quis
1853 2036 2116 2098 arbores
2163 2033 2393 2097 furtim

369 2126 614 2190 caedat..

1108 2242 1312 2301 Libri
1357 2242 1652 2301 ‘XXV—i>

889 2350 956 2404 Si
991 2351 1211 2406 tabulae
1247 2352 1551 2404 testamenti
1589 2352 1868 2404 extabunt.

544 2453 647 2518 35.
702 2452 781 2516 D.
820 2452 923 2534 37,
969 2454 1023 2537 1,
1060 2452 1118 2530 6,
1156 2452 1213 2514 2.
1328 2450 1568 2514 Paulus
1625 2451 1794 2515 libro
1853 2450 2395 2534 quadragensimo

364 2543 576 2626 primo
625 2543 704 2606 ad
755 2541 1032 2606 edictum
1081 2537 1179 2626 (P.
1209 2536 1390 2627 577).
1449 2575 1519 2585 —
1570 2541 1759 2604 Notis
1808 2540 2085 2622 scriptae
2132 2539 2395 2605 tabulae

365 2654 496 2697 non
552 2631 968 2697 continentur
1022 2629 1259 2714 edictn,
1315 2628 1466 2714 quia
1523 2632 1712 2692 notas
1768 2629 2018 2692 litteras
2072 2649 2203 2693 non
2252 2651 2396 2693 esse

364 2721 596 2786 Pedius
643 2722 812 2786 libro
858 2720 1209 2783 vicensimo
1257 2720 1486 2803 quinto
1535 2718 1616 2781 ad
1664 2717 1940 2780 edictum
1991 2716 2232 2781 scribit.

816 2876 904 2929 De
938 2880 1119 2927 ventre
1155 2876 1217 2927 in
1245 2875 1632 2943 possessionem
1667 2874 1940 2929 mittenda

545 2976 649 3039 36.
696 2974 773 3037 D.
803 2975 911 3055 37,
939 2974 999 3055 9,
1032 2977 1087 3055 1,
1118 2974 1174 3039 5.
1262 2974 1587 3057 Ulpianus
1633 2974 1802 3038 libro
1852 2975 2399 3059 quadragensimo

363 3062 575 3147 primo
633 3062 714 3125 ad
771 3063 1049 3126 edictum
1096 3058 1194 3148 (P.
1230 3062 1449 3147 1133).
1499 3098 1582 3108 —
1632 3111 1647 3126 .
1676 3111 1692 3126 .
1749 3064 1802 3127 si
1850 3065 1970 3127 sub
2019 3064 2398 3129 condicione

363 3154 703 3234 postumus
761 3151 847 3214 sit,
902 3150 1353 3231 exheredatuS,
1408 3152 1728 3235 pendente
1783 3152 2154 3217 condicione
2211 3152 2398 3218 Pedii

366 3239 752 3303 sententiam
812 3240 1211 3304 admittimus
1270 3239 1706 3304 existimantis
1753 3262 1944 3323 posse
1990 3244 2279 3306 ventrem
2328 3243 2393 3307 in

364 3330 837 3411 possessionem
920 3329 1095 3393 mitti
1189 3330 1370 3412 [quia
1453 3329 1571 3392 sub
1657 3330 1901 3393 incerto
1984 3329 2212 3393 utilius
2295 3342 2400 3395 est

363 3421 654 3482 ventrem
700 3416 834 3501 ali].

543 3528 706 3600 Quae
752 3531 986 3606 inclusi,
1032 3530 1281 3589 Pernice
1329 3528 1545 3593 merito
1593 3529 1856 3588 eicienda
1903 3534 2123 3590 censet.
