2575 3900
815 217 865 269 6.
910 210 1327 267 IAVOLENUS
1364 209 1663 267 PRISCUS
2113 210 2244 274 481

1030 391 1129 457 De
1173 393 1446 457 iniuriis,

400 508 504 573 50.
560 507 638 572 D.
676 509 782 592 47,
822 508 924 591 10,
963 507 1066 572 21.
1160 505 1505 572 Iavolenus
1551 505 1716 571 libro
1764 528 1938 571 nono
1985 505 2248 591 Epistu-

203 595 449 661 larum.
493 633 570 643 —
609 597 1014 662 Iniuriarum
1057 597 1404 661 aestimatio
1448 616 1576 661 non
1612 597 1699 660 ad
1731 596 1802 660 id
1836 600 2083 678 tempu3‚
2128 616 2247 679 quo

207 687 555 768 iudicatur,
601 687 707 751 sed
747 687 834 750 ad
874 686 967 770 id,
1013 705 1131 766 quo
1171 685 1347 766 facta
1392 689 1505 769 est,
1548 684 1771 766 referri
1814 685 1993 749 debet.

871 861 971 926 De
1014 862 1329 925 interdicto
1373 861 1598 926 utrubi.

359 1007 362 1012 ·
396 977 500 1044 51.
554 977 634 1043 D.
663 978 770 1062 41,
799 980 864 1060 3,
890 977 998 1042 23.
1077 976 1257 1041 Idem
1299 974 1413 1062 (sc.
1451 973 1821 1064 Iavolenus)
1862 977 2027 1042 libro
2064 997 2239 1042 nono

218 1067 688 1151 Epistularum.

400 1168 445 1218 1.
508 1156 706 1235 Eum,
767 1157 877 1242 qui
927 1156 1102 1220 aedes
1154 1158 1457 1218 mercatus
1509 1158 1618 1236 est,
1680 1174 1807 1218 non
1848 1159 2004 1237 puto
2062 1155 2242 1219 aliud

207 1265 405 1326 quarn
439 1245 609 1327 ipsas
641 1246 816 1310 aedes
839 1245 1182 1326 possidere;
1221 1264 1372 1308 nam
1406 1243 1465 1308 si
1498 1243 1779 1325 sinyulas
1812 1263 1909 1308 res
1924 1244 2237 1326 possidere

212 1333 608 1416 intelleyetur,
653 1335 825 1415 ipsas
868 1332 1128 1416 (aedes)
1172 1353 1299 1396 non
1326 1332 1657 1414 possidebit
1664 1351 1687 1408 ;
1732 1334 2033 1413 separatis
2070 1333 2237 1396 enim

209 1421 591 1506 corporibus,
636 1442 712 1486 ex
755 1421 972 1503 quibus
1016 1422 1192 1486 aedes
1235 1424 1531 1502 constant,
1574 1421 1943 1486 universitas
1988 1421 2237 1486 aedium
2355 1468 2360 1473 -

213 1510 486 1593 intelleyi
535 1531 663 1575 non
704 1511 945 1591 poterit.
1035 1510 1263 1574 accedit
1305 1529 1395 1592 eo,
1446 1510 1630 1591 quod,
1674 1509 1733 1573 si
1775 1510 1913 1591 quis
1956 1510 2239 1592 sinyulas

213 1620 313 1665 res
370 1600 684 1682 possidere
752 1598 1002 1679 dixerit,
1074 1617 1303 1663 necesse
1384 1599 1500 1662 erit
1579 1598 1746 1662 dieat
1820 1597 2199 1681 usucapioni
2221 1596 2243 1634 ²

213 1688 556 1770 superficiei
619 1708 786 1751 anno
799 1683 826 1722 ²
887 1687 1083 1752 locum
1144 1706 1292 1770 esse,
1353 1687 1550 1751 solum
1611 1706 1675 1750 se
1734 1691 2061 1768 capturum
2121 1707 2245 1752 esse

217 1776 478 1841 biennio
494 1772 533 1842 ³.
603 1775 767 1858 quod
797 1775 1134 1841 absurdum
1169 1781 1227 1839 et
1251 1774 1505 1840 minime
1532 1776 1662 1839 iuri
1688 1775 1857 1839 civili
1880 1776 2240 1840 conveniens

213 1870 319 1948 est,
360 1869 433 1929 ut
470 1885 605 1929 una
647 1885 744 1931 res
789 1865 1044 1930 diversis
1088 1864 1456 1946 temporibus
1499 1865 1782 1950 capiatur
1817 1862 1977 1947 <usu
1987 1862 2121 1948 ?>[,
2171 1869 2244 1928 ut

207 1959 367 2038 puta
429 1976 568 2019 cum
629 1956 803 2020 aedes
863 1976 938 2019 ea·
990 1954 1227 2019 duabus
1277 1954 1456 2019 rebus
1508 1958 1812 2038 constant,
1874 1974 1949 2019 ex
2003 1956 2130 2019 solo
2183 1960 2241 2018 et

215 2045 556 2127 superficie,
629 2048 688 2107 et
747 2044 1116 2109 universitas
1176 2064 1393 2109 earum
1446 2044 1885 2125 possessionem
1948 2044 2236 2126 temporis

218 2134 624 2198 immobilium
665 2154 876 2197 rerum
919 2134 1196 2197 omnium
1239 2130 1466 2215 mutet]
1470 2182 1483 2197 .

391 2233 442 2281 2.
498 2220 574 2286 Si
617 2226 820 2287 autem
863 2222 1148 2286 columna
1184 2223 1377 2286 evicta
1408 2223 1614 2302 fuerit,
1650 2225 1804 2303 puto
1842 2225 1895 2285 te
1928 2240 2005 2286 ex
2038 2224 2234 2303 empto

215 2329 354 2463 {2352
413 2310 718 2375 venditore
777 2315 929 2376 recte
985 2315 1267 2375 acturum
1321 2314 1380 2374 et
1430 2330 1495 2375 eo
1543 2330 1759 2392 yenere
1810 2329 1940 2373 rem
1992 2310 2233 2376 salvam

340 2399 590 2463 iturum.

393 2498 444 2547 3.
519 2484 594 2551 Si
653 2490 856 2551 autem
916 2487 1201 2551 demolita
1261 2488 1479 2552 domus
1539 2490 1651 2569 est,
1713 2506 1789 2549 ex
1850 2487 2081 2569 inteqro
2137 2508 2237 2553 res

221 2573 463 2639 mobiles
494 2574 898 2656 possidendae
941 2580 1102 2658 sunt,
1145 2579 1217 2639 ut
1252 2571 1460 2639 anuo⁴
1497 2575 1960 2656 usucapiantur.
2043 2580 2100 2640 et
2132 2574 2236 2659 <si

222 2662 532 2728 interdicto
575 2663 786 2728 utrubi
827 2664 1102 2747 (τράπῃ)
1146 2683 1272 2727 non
1306 2668 1479 2744 potes
1522 2667 1676 2727 recte
1717 2664 1813 2727 uti
1859 2683 1924 2728 eo
1953 2668 2232 2748 tempore,

218 2772 334 2835 ,quo
385 2752 457 2815 in
509 2752 782 2835 aedificio
831 2751 1116 2832 fuerunt;
1171 2772 1323 2816 nam
1368 2752 1875 2833 quemadmodum
1918 2771 2023 2817 eas
2065 2752 2230 2818 solas

221 2844 275 2906 et
311 2844 628 2924 separatas
671 2840 748 2905 ab
791 2841 1068 2923 aedificio
1109 2854 1247 2905 'non
1279 2840 1629 2923 possedisti,
1674 2841 1762 2905 sic
1804 2861 1911 2906 nec
1942 2860 2132 2924 penes
2177 2846 2231 2907 te

219 2930 496 3102 2²32ss
556 2931 1487 3103 53253550225252523.
1503 2928 2229 3103 ⁶⁰?302r2'1552222m

221 3109 521 3173 continent
552 3106 665 3189 <de
699 3108 984 3192 aedificii,
1029 3129 1154 3173 non
1197 3108 1592 3191 sinyularum
1627 3128 1833 3172 rerum
1848 3110 2237 3189 possessione

219 3195 662 3278 interdicetur).
749 3218 937 3280 neque
980 3199 1144 3262 enim
1187 3198 1377 3280 recipi
1410 3201 1623 3279 potest,
1668 3200 1741 3261 ut
1781 3197 1989 3262 eadem
2032 3218 2130 3263 res
2173 3201 2232 3262 et

223 3290 289 3349 ut
324 3306 421 3350 res
463 3286 581 3350 soli
624 3290 682 3350 et
725 3290 1042 3369 tamquam
1087 3286 1330 3352 mobilis
1372 3288 1459 3351 sit
1491 3306 1883 3368 possessa„

365 3447 392 3496 1
439 3441 584 3496 Trib.
622 3440 988 3523 possessione.
1053 3448 1086 3497 2
1122 3443 1273 3497 Trib.
1303 3442 1545 3512 tempori
1573 3442 1642 3497 de
1670 3441 1973 3497 mobilibus
2000 3443 2238 3497 statuto.

227 3516 258 3564 3
296 3510 443 3566 Trio.
482 3511 757 3581 amphori.
830 3519 865 3567 4
904 3513 1055 3569 Trib.
1102 3514 1357 3583 tempore
1395 3512 1545 3582 quod
1580 3511 1642 3566 in
1680 3513 2019 3583 usucapione
2054 3529 2238 3568 rerum

227 3581 512 3637 mobilium
548 3530 915 3639 constitutum
953 3586 1053 3640 est.

326 3680 520 3729 Iun-pr.
549 3681 1406 3736 Muhad.11‹113me.112
1752 3678 1817 3727 31
