2575 3900
988 142 1056 235 ’3.
1094 170 1533 235 oc'rAvnnos
2139 176 2272 242 215

252 346 325 407 et
376 340 721 407 secundum
768 340 1082 408 Octaveni
1134 339 1520 407 sententiam
1575 340 1734 407 mihi
1789 340 1912 405 soli
1961 341 2273 424 competit

248 431 414 497 furti
467 431 663 513 actio,
720 450 863 495 cum
909 430 1095 496 heres
1142 452 1258 495 suo
1304 432 1567 495 nomine
1609 450 1740 495 non
1784 429 2048 511 habeat,
2103 428 2270 511 quia,

254 538 653 605 quacumque
712 520 965 584 ratione
1026 520 1384 585 dominium
1446 522 1766 583 mutatum
1833 518 1944 601 sit,
2007 516 2268 582 domino

248 613 619 692 competere
663 607 825 673 furti
870 608 1193 673 actionem
1238 610 1511 673 constat.

966 766 1069 833 De
1112 768 1233 851 leye
1275 767 1560 849 Aquilia.

432 873 535 939 14.
582 872 657 937 D.
682 873 744 958 9,
762 872 822 955 2,
842 874 945 955 27,
966 871 1071 939 25.
1157 871 1477 957 Ulpianus
1522 874 1696 938 libro
1739 875 1972 941 octavo
2019 870 2268 939 decimo

246 962 335 1027 ‘ad
397 962 678 1028 edictum
738 958 839 1048 (P.
880 959 1058 1047 625).
1126 995 1201 1011 -·-
1270 960 1341 1026 Si
1404 962 1640 1028 olivam
1705 962 2099 1026 inmaturam
2166 960 2267 1025 de-

245 1052 562 1134 cerpserit
606 1050 706 1115 vel
744 1054 1030 1136 segetem
1070 1049 1426 1116 desecuerit
1460 1050 1874 1116 immaturam
1910 1049 2012 1115 vol
2049 1049 2268 1114 vineas

247 1139 502 1223 crudas,
545 1137 810 1223 Aquilia
845 1139 1194 1224 tenebitur;
1240 1138 1411 1223 quod
1448 1140 1505 1204 si
1539 1141 1671 1204 iam
1709 1144 2016 1223 maturas,
2055 1141 2270 1203 cessat

250 1226 540 1313 Aquilia3
600 1228 781 1292 nulla
833 1226 1005 1292 enim
1057 1228 1295 1293 iniuria
1348 1232 1472 1312 est,
1527 1250 1672 1292 cum
1726 1227 1850 1292 tibi
1905 1228 2098 1291 etiam
2154 1227 2268 1291 im-

248 1334 485 1399 pensas
560 1316 921 1398 donaverit,
1002 1338 1167 1400 quae
1236 1317 1307 1381 in
1379 1316 1823 1383 collectionem
1898 1314 2270 1381 huiusmodi

246 1404 576 1471 fructuum
638 1405 1116 1489 impenduntur.
1213 1405 1326 1469 sed
1398 1406 1454 1470 si
1517 1405 1786 1470 collecta
1845 1404 2006 1469 haec
2068 1403 2265 1469 inter-

244 1494 523 1577 ceperit,
574 1492 737 1559 furti
778 1497 1051 1559 tenetur.
1142 1492 1508 1559 Octavenus
1553 1494 1620 1558 in
1667 1493 1808 1558 uvis
1855 1493 2080 1573 adicit,
2121 1494 2267 1576 nisi,

246 1582 487 1666 inquit,
529 1582 601 1646 in
644 1587 877 1647 terram
918 1602 1073 1647 uvas
1105 1584 1393 1664 proiecit,
1435 1587 1508 1647 ut
1546 1582 2024 1662 effundereutwr.

425 1674 595 1745 Quod
633 1674 969 1737 Octavenus
1008 1670 1091 1735 ‘in
1126 1676 1261 1737 uvis
1297 1669 1520 1754 adicit',
1557 1676 1636 1735 ad
1670 1675 1990 1736 Vivianum
2027 1675 2269 1735 videtur

240 1762 551 1824 adiecisse.
643 1764 915 1842 Krueger
960 1785 1016 1840 p.
1050 1767 1172 1824 158
1220 1784 1278 1823 n.
1311 1768 1410 1826 99.

424 1851 496 1911 of.
540 1850 669 1913 Gai.
710 1855 933 1931 3,182
999 1847 1075 1912 ‘si
1136 1852 1199 1911 in
1262 1854 1485 1914 oliveto
1551 1854 1872 1929 olivarum,
1935 1852 2000 1911 in
2060 1853 2263 1913 vineto

242 1960 501 2002 uvarum
542 1940 775 2000 furtum
821 1942 1049 2002 factum
1096 1936 1229 2003 ουδ’.

425 2041 525 2107 15.
588 2042 668 2108 D.
703 2043 858 2109 ibid.
894 2045 935 2122 ἓ
974 2043 1079 2108 26.
1140 2080 1229 2092 —-
1286 2043 1468 2108 Idem
1533 2047 1602 2108 et
1659 2044 1730 2107 in
1795 2044 1960 2108 silva
2023 2044 2265 2108 caedua

242 2129 474 2196 scribit
502 2127 1043 2218 (seoctavenus),
1070 2134 1242 2220 ut‚vsi
1270 2133 1634 2214 immatura,
1664 2133 1924 2216 Aquilia
1951 2136 2266 2212 teneatur,

240 2219 415 2374 Pmd
446 2220 499 2284 si
528 2224 780 2284 matura
806 2220 1234 2306 interceperit,
1264 2221 1426 2286 furti
1452 2222 1658 2286 teneri
1686 2243 1830 2286 eum
1861 2225 1928 2286 et
1955 2217 2262 2287 arborum

268 2307 468 2372 urtim
515 2323 862 2372 caesarum.

424 2393 523 2462 16.
570 2396 647 2463 D.
676 2395 824 2460 ibid.
854 2397 893 2478 ξ
920 2393 1023 2461 27.
1062 2434 1143 2444 -
1190 2395 1259 2462 Si
1307 2398 1607 2462 salictum
1652 2395 1978 2461 maturum
2025 2394 2138 2479 ita,
2180 2419 2262 2462 ne

242 2484 481 2569 stirpes
526 2483 839 2566 haederae,
884 2489 1146 2550 secueris
1160 2484 1199 2563 ¹,
1246 2507 1497 2550 cessare
1544 2483 1890 2569 Aquiliam.

420 2579 495 2639 cf.
534 2576 807 2638 Cassium
851 2579 925 2638 D.
959 2581 1061 2656 33,
1093 2581 1151 2656 7,
1182 2579 1283 2655 12,
1316 2582 1392 2638 11
1446 2571 1656 2659 (supra
1697 2600 1757 2655 p.
1784 2572 1918 2660 48).

814 2731 913 2798 De
955 2731 1286 2799 noxalz‘bus
1329 2733 1687 2798 actionibus,

286 2871 295 2878 ·
422 2831 522 2903 17.
567 2837 642 2904 D.
668 2836 727 2915 9,
746 2839 931 2921 4‚26‚
950 2839 1009 2905 5.
1100 2836 1342 2904 Paulus
1387 2839 1556 2904 libro
1605 2842 1834 2904 octavo
1882 2838 2130 2904 decimo
2179 2833 2260 2906 ad

234 2925 519 2992 edictum
565 2925 663 3010 (P.
690 2925 903 3014 289b).
954 2965 1027 2976 —
1080 2978 1094 2993 .
1124 2979 1139 2994 .
1166 2976 1183 2994 .
1241 2929 1299 2993 si
1342 2927 1683 3014 negaveris
1729 2949 1985 2992 servum
2029 2928 2098 2992 in
2145 2931 2261 2994 tua

234 3018 562 3098 potestate
620 3037 783 3095 esse,
848 3020 1076 3100 postea
1128 3015 1321 3083 fateri
1371 3011 1649 3102 poteris,
1697 3015 1826 3081 nisi
1881 3016 1937 3082 si
1990 3015 2122 3084 iam
2178 3018 2260 3082 lis

234 3102 544 3168 adversus
598 3108 663 3169 te
717 3109 1081 3171 contestata
1134 3110 1259 3188 est3
1315 3127 1468 3172 nam
1523 3109 1679 3170 tunc
1726 3104 1934 3170 audiri
1977 3127 2107 3171 non
2155 3105 2258 3170 de-

234 3191 449 3271 bebis,
504 3195 577 3258 ut
628 3191 847 3260 Labeo
905 3195 1014 3259 ait.
1104 3192 1465 3260 Octavenus
1523 3215 1599 3259 ex
1654 3215 1850 3260 causa
1904 3195 2097 3259 etiam
2144 3195 2259 3260 lite

230 3283 610 3345 contestata
663 3281 787 3347 tibi
842 3283 1365 3369 succurrendum,
1413 3283 1636 3368 utique
1693 3281 1750 3348 si
1796 3288 1976 3349 aetas
2023 3286 2139 3347 tua
2183 3305 2264 3350 ea.

230 3367 351 3453 sit,
398 3372 473 3434 ut
517 3369 770 3453 ignosci
814 3369 935 3436 tibi
982 3371 1229 3437 debeat.

379 3547 409 3596 1
448 3541 547 3600 ΕΖ.
583 3542 795 3600 tuleris.
