2575 3900
328 172 456 238 388
530 172 596 228 V.
633 171 931 228 NERVAE
967 170 1061 226 ΕΤ
1097 171 1405 226 TRAIANI
1440 170 1651 227 ἸῈΜΡ.
1688 170 1882 227 IURIS
1916 170 2274 229 CONSULTI

787 353 886 418 De
929 354 1307 436 adquirendo
1351 373 1559 418 rerum
1602 354 1891 418 dominia

504 459 609 524 45.
656 459 734 524 D.
767 460 825 544 l,
854 459 912 542 8,
944 459 1043 524 10.
1118 459 1514 543 Pomponius
1552 458 1721 524 libro
1759 464 1940 525 sexto
1980 482 2056 524 ex
2084 460 2346 526 Plautio

329 548 428 636 (P.
459 546 636 635 349).
683 585 765 595 —-
815 548 1039 612 Aristo
1086 549 1196 631 ait,
1244 549 1413 614 sicut
1459 548 1540 632 id,
1585 547 1753 632 quod
1802 548 1871 612 in
1917 570 2092 613 mare
2130 548 2345 615 aedifi·

331 640 547 704 catum
594 638 707 721 sit,
760 637 942 701 fieret
986 637 1341 722 privatum,
1394 638 1487 702 ita
1535 636 1703 722 quod
1748 638 1914 703 mari
1962 641 2345 721 occupatum

328 727 445 813 sit,
487 726 628 792 fieri
674 725 1021 811 publicum.

1045 850 1144 917 De
1187 851 1637 917 donationibua

505 959 610 1023 46.
684 957 762 1022 D.
801 957 906 1042 39,
942 957 1004 1043 5,
1046 957 1125 1022 18
1140 980 1235 1042 pr
1345 956 1525 1022 Idem
1590 960 1704 1042 (sc.
1770 957 2115 1042 Ulpianus)
2177 957 2346 1023 libro

331 1047 860 1132 septuagensimo
901 1046 1114 1129 primo
1161 1046 1243 1111 ad
1292 1046 1571 1112 edictum
1610 1045 1709 1132 (P.
1741 1042 1962 1131 1606).
2000 1081 2086 1093 —
2124 1045 2347 1111 Aristo

331 1136 451 1218 ait,
507 1157 651 1201 cum
706 1135 979 1199 mixtum
1035 1135 1121 1199 sit
1173 1136 1511 1221 negotium
1556 1157 1705 1201 cum
1751 1135 2129 1214 donatione,
2186 1134 2347 1200 obli-

331 1186 659 1307 gat’ionem
715 1245 847 1288 non
901 1224 1199 1289 contrahi
1255 1246 1333 1289 eo
1380 1246 1562 1308 casu,
1618 1247 1744 1309 quo
1792 1224 2055 1291 donatio
2104 1227 2230 1309 est,
2285 1228 2349 1288 et

329 1314 425 1378 ita
472 1316 538 1377 et
582 1313 976 1396 Pomponius
1023 1334 1169 1379 eum
1218 1312 1588 1378 existimare
1635 1312 1847 1379 refert.

506 1401 611 1466 47.
657 1401 818 1466 Ibid.
857 1404 897 1483 ξ
931 1403 984 1466 1.
1023 1438 1108 1448 -
1146 1400 1439 1486 Denique
1472 1401 1671 1466 refert
1699 1402 2072 1467 Aristonem
2099 1406 2347 1485 putare,

333 1491 388 1555 si
427 1511 683 1555 servum
719 1490 842 1554 tibi
884 1490 1360 1573 mancipavero¹
1396 1491 1478 1557 ad
1514 1491 1657 1577 hoc,
1693 1494 1768 1555 ut
1804 1513 1952 1557 eum
1986 1495 2139 1575 post
2167 1490 2347 1575 quin-

331 1580 679 1664 quennium
728 1579 1174 1664 manumittas,
1221 1601 1349 1644 non
1399 1602 1593 1664 posse
1642 1583 1792 1645 ante
1840 1580 2348 1665 quinquennium

330 1667 686 1752 (fiduciae)
757 1669 892 1753 agi,
965 1668 1119 1752 quia
1193 1668 1452 1734 donatio
1520 1669 1735 1753 aliqua
1798 1669 2005 1733 inesse
2069 1667 2347 1749 videtur3

333 1757 525 1822 aliter
563 1761 773 1841 atque,
819 1758 1046 1840 inquit,
1102 1757 1157 1821 si
1195 1758 1278 1821 ob
1316 1757 1440 1823 hoc
1476 1758 1600 1823 tibi
1644 1759 1950 1841 mancipio
1985 1754 2349 1842 dedissem2,

330 1848 405 1910 ut
442 1846 747 1912 continuo
787 1846 1232 1925 manumittas;
1270 1846 1376 1912 hic
1416 1847 1587 1935 enim
1624 1869 1743 1912 nec
1777 1846 2109 1912 donationi
2136 1808 2349 1911 locuni

331 1956 471 2000 esse
519 1937 585 1998 et
629 1933 773 1999 ideo
821 1957 960 1999 esse
1007 1934 1488 2022 obligationem.

510 2022 914 2104 48.1bid.§
943 2024 1001 2088 2.
1046 2061 1133 2072 -
1178 2023 1357 2089 Idem
1413 2024 1637 2090 Aristo
1693 2025 1813 2108 ait,
1866 2025 1923 2089 si
1977 2025 2349 2110 donationis

334 2109 706 2199 (ᾗᾶιιοίειοῖ)
771 2133 964 2177 causa
1025 2113 1095 2177 in
1155 2113 1278 2179 hoc
1333 2115 1642 2198 mancipio
1694 2109 1909 2179 detur⁸
1962 2134 2212 2192 servus,
2276 2116 2351 2178 ut

332 2205 484 2286 post
537 2202 1045 2287 quinquennium
1104 2203 1629 2285 manumittatur,
1688 2204 1775 2268 sit
1820 2205 2036 2267 autem
2082 2203 2352 2285 alienuS,

331 2312 522 2374 posse
569 2290 852 2355 dubitari
897 2313 982 2355 an
1026 2291 1461 2376 usucapiatur,
1508 2291 1658 2377 quia
1701 2290 1941 2375 aliquid
1980 2289 2349 2356 donationis

335 2379 765 2445 interveniret.

507 2473 749 2533 Pernice
793 2467 882 2532 11²
912 2475 1035 2534 339
1084 2493 1140 2534 n.
1175 2477 1230 2534 1.

910 2654 966 2711 2.
1023 2651 1123 2710 De
1169 2653 1329 2711 iure
1373 2652 1779 2712 honorario.

746 2794 796 2834 a.
852 2776 949 2835 Ad
996 2775 1256 2836 edictum
1304 2776 1584 2835 aedilium
1630 2776 1941 2837 curulium.

907 2875 1007 2942 De
1050 2879 1381 2959 mancipiis
1424 2879 1777 2944 vendundis.

512 2982 617 3047 49.
657 2983 735 3048 D.
766 2983 870 3063 21,
902 2983 958 3066 l,
989 2983 1092 3066 30,
1126 2983 1181 3047 l.
1257 2982 1495 3048 Paulus
1524 2983 1693 3050 libro
1721 2984 1930 3068 primo
1962 2984 2043 3048 ad
2072 2982 2349 3048 edictum

342 3068 643 3134 aedilium
691 3070 1008 3135 curulium
1053 3067 1154 3157 (P.
1187 3067 1364 3159 836).
1416 3109 1492 3118 —
1546 3072 1718 3149 Quas
1764 3073 2088 3158 impensas
2130 3093 2351 3138 neces-

339 3157 507 3224 sario
580 3159 649 3223 in
723 3158 1074 3224 curandum
1141 3181 1397 3224 servum
1460 3165 1610 3245 post
1671 3162 1853 3226 litem
1919 3163 2353 3228 contestatam

339 3249 591 3329 emptor
680 3245 928 3331 fecerit,
1019 3249 1395 3332 imputabit,
1485 3250 1940 3333 praecedentes
2021 3251 2350 3335 impensas

482 3407 510 3454 1
554 3401 705 3456 Trib.
742 3401 1042 3458 tradiderO.

479 3475 512 3524 2
553 3471 705 3527 Trib.
741 3471 1114 3530 tradidissem.

480 3549 512 3596 8
551 3542 701 3598 Trib.
738 3543 1009 3598 tradatur.
