2575 3900
356 159 490 224 466
561 159 628 214 V.
665 157 963 214 NERVAE
1001 158 1094 212 ΕΤ
1129 158 1435 213 TRAIANI
1469 157 1684 213 ΤΕΜΡ.
1720 156 1910 212 IURIS
1948 155 2329 248 CONSULTI·

350 323 665 404 extitisset,
707 323 1012 404 inemptus
1054 323 1240 406 fieret,
1283 328 1343 387 et
1382 323 1441 387 is
1484 321 1596 386 tibi
1640 321 1904 386 traditus
1945 325 2036 386 est
2076 325 2135 384 et
2154 325 2387 402 postea

351 413 623 477 condicio
667 413 1024 493 emptionem
1068 412 1336 495 resolvit,
1389 416 1638 492 tempus,
1681 430 1799 491 qno
1842 411 2014 492 apud
2051 414 2385 491 emptorem

348 502 497 584 fait,
532 501 804 564 accedere
836 502 1134 565 venditori
1167 501 1373 565 debere
1406 500 1706 582 existimo,
1740 499 2033 580 quoniam
2066 518 2132 564 eo
2160 519 2390 579 yenere

352 593 516 654 retro
559 594 701 653 acta
744 590 1006 653 venditio
1050 594 1200 654 esset
1240 589 1633 654 redhibitioni
1674 588 1919 666 similiS,
1966 589 2039 651 in
2080 608 2205 668 qua
2246 608 2383 652 non.

352 678 560 742 dubito
615 683 847 761 tempus
894 680 1024 742 eius
1067 679 1176 760 qui
1216 677 1590 742 redhibuerit
1630 677 1934 742 venditori
1976 696 2383 758 accessurum,

351 768 648 848 quoniam
683 766 1086 850 (quamquam
1097 766 1166 850 ,2)
1201 787 1273 830 ea
1308 766 1574 832 venditio
1592 767 1849 848 proprie
1873 766 1997 830 dici
2020 785 2147 844 non
2162 769 2383 847 potest.

926 977 1026 1044 De
1068 980 1385 1044 verboram
1430 979 1808 1061 obliyatione.

528 1103 590 1167 4.
635 1101 716 1167 D.
749 1103 849 1181 17,
880 1103 938 1185 1,
965 1102 1069 1168 52.
1149 1103 1331 1168 Idem
1378 1101 1493 1190 (sc.
1530 1101 1903 1186 Iavolenus)
1950 1101 2122 1167 libro
2160 1103 2380 1186 primo

353 1191 821 1276 Epistularum.
857 1228 945 1238 —
983 1190 1137 1273 Qui¹
1179 1194 1311 1257 sine
1346 1193 1676 1256 adiectione
1711 1192 2001 1256 bonitatis
2038 1191 2229 1256 tritici
2249 1212 2383 1272 pro

351 1281 548 1346 altero
593 1281 866 1344 triticum
908 1283 1248 1363 spopondit,
1292 1281 1596 1364 quodlibet
1638 1282 1911 1345 triticum
1954 1280 2162 1345 dando
2198 1301 2379 1344 reum

354 1369 617 1434 liberare
650 1388 829 1449 posse
871 1370 1184 1447 existimo;
1231 1390 1273 1433 a
1315 1390 1417 1435 reo
1461 1373 1668 1433 antem
1711 1390 1835 1433 non
1880 1369 2060 1434 aliud
2102 1370 2383 1434 triticum

351 1462 614 1539 repetere
658 1459 906 1541 poterit,
959 1479 1146 1540 quam
1198 1479 1316 1540 quo
1358 1459 1627 1540 pessimo
1681 1459 1881 1522 tritico
1927 1457 2183 1522 liberare
2226 1477 2292 1522 se
2334 1478 2380 1520 a

352 1547 713 1628 stipulatore
775 1547 963 1612 licuit.
1053 1549 1257 1629 itaque
1317 1549 1377 1611 si
1430 1552 1695 1628 paratus
1741 1547 1937 1628 fuerit
1984 1566 2153 1630 reus,
2216 1547 2387 1628 quod

351 1636 556 1699 dando
617 1635 745 1716 ipse
807 1637 1094 1700 creditori
1156 1636 1411 1700 liberari
1464 1637 1691 1718 potuit,
1757 1636 2051 1718 sponsori
2110 1636 2259 1700 dare
2322 1640 2383 1699 et

354 1719 658 1808 sponsor²
701 1725 771 1788 id
811 1725 972 1806 quod
1012 1725 1258 1804 dederit,
1305 1725 1373 1790 id
1414 1729 1502 1789 est
1533 1725 1752 1789 melius
1786 1725 2060 1789 triticum
2096 1725 2387 1808 condicet,

351 1813 693 1895 exceptione
737 1833 875 1877 eum
918 1813 1046 1878 doli
1089 1812 1246 1878 mali
1289 1814 1655 1880 summoveri
1696 1814 1991 1879 existimo.

528 1932 714 1993 Lenel
766 1934 964 1993 notat:
1028 1927 1212 1994 ‘haud
1266 1934 1389 1994 scio
1446 1954 1525 1993 an
1576 1933 1895 1995 Iavolenus
1949 1934 2063 1994 hoc
2116 1933 2245 1993 loco
2303 1934 2385 1993 de

353 2022 596 2099 depensi
641 2021 876 2081 actione
921 2024 1138 2099 egerit,
1183 2042 1305 2083 non
1348 2025 1424 2083 de
1468 2018 1879 2083 condictione’.

529 2132 590 2197 5.
629 2130 706 2195 D.
729 2132 830 2216 12,
854 2134 909 2215 1,
930 2132 1032 2198 36.
1102 2132 1442 2198 Iavolenus
1472 2134 1640 2199 libro
1668 2135 1878 2217 primo
1906 2133 2379 2219 Epistularum.

351 2256 438 2267 -
486 2221 850 2306 Pecuniam,
894 2242 1080 2303 quam
1125 2222 1281 2287 mihi
1324 2223 1458 2288 sine
1501 2224 1847 2288 condicione
1889 2223 2153 2301 debebas,
2198 2222 2381 2287 iussu

353 2329 481 2374 meo
527 2310 868 2391 promisisti
909 2311 1083 2376 Attio
1131 2312 1243 2377 sub
1289 2313 1648 2377 condicione.
1720 2332 1859 2376 eum
1894 2313 2190 2395 pendente
2232 2331 2377 2375 con-

351 2399 591 2463 dicione
641 2399 714 2463 in
766 2420 832 2463 eo
883 2404 1052 2464 statu
1092 2400 1179 2465 sit
1221 2400 1507 2483 obliyatio
1554 2406 1663 2466 tna
1705 2402 1998 2467 adversus
2042 2420 2162 2483 me,
2219 2404 2378 2464 tam-

352 2507 542 2570 quam
584 2488 696 2552 sub
739 2490 1116 2553 contrariam
1160 2490 1571 2554 condicionem
1614 2510 1751 2554 eam
1789 2489 1947 2554 mihi
1980 2488 2381 2572 spopondisti,

349 2576 410 2641 si
440 2578 741 2659 pendente
783 2578 1129 2642 condicione
1161 2582 1409 2662 petam,=
1441 2600 1531 2643 an
1572 2578 1736 2643 nihil
1779 2583 2031 2643 acturus
2072 2576 2257 2643 snm?

527 2666 897 2749 Respondit:
952 2687 1077 2731 non
1121 2667 1353 2748 dubito,
1407 2668 1560 2749 quin
1604 2666 1705 2751 [m
1696 2667 1819 2751 ]ea
1851 2668 2139 2750 pecunia,
2184 2686 2381 2748 quam

349 2755 480 2836 ipse
530 2758 665 2820 sine
708 2755 1056 2819 condicione
1097 2756 1433 2837 stipulatus
1476 2777 1641 2840 snm,
1693 2755 1956 2840 [etiam]
2000 2757 2059 2820 si
2101 2755 2377 2821 condicio

348 2844 421 2906 in
452 2864 726 2926 persona
761 2844 946 2929 Attii,
989 2844 1099 2925 qni
1143 2864 1218 2909 ex
1251 2865 1390 2910 mea
1425 2845 1735 2910 voluntate
1769 2846 2020 2910 eandem
2043 2845 2383 2927 pecuniam

348 2931 462 2996 sub
515 2933 862 2997 condicione
914 2932 1246 3013 stipulatus
1298 2939 1409 3017 est,
1461 2954 1588 2998 non
1634 2934 1923 3011 extiterit,
1978 2934 2210 2998 credita
2252 2952 2389 2997 esse

335 3026 735 3104 permaneat,·
768 3022 1028 3103 perinde
1070 3025 1158 3085 est
1194 3023 1378 3106 enim,
1421 3043 1499 3087 ac
1528 3022 1589 3087 si
1621 3023 1800 3088 nulla
1834 3023 2152 3104 stipulatio
2188 3023 2378 3086 inter-

348 3109 623 3175 venisset.
708 3110 1006 3191 pendente
1065 3115 1268 3174 autem
1322 3131 1514 3176 cansa
1564 3112 1936 3177 condicionis
1980 3112 2141 3176 idem
2173 3116 2385 3193 petere

347 3217 476 3262 non
507 3217 784 3281 possum,
827 3199 1140 3279 quoniam,
1184 3220 1324 3264 cum
1370 3201 1665 3265 incertum
1698 3202 1799 3281 sit,
1843 3220 1932 3264 an
1966 3220 2041 3265 ex
2075 3221 2148 3265 ea
2182 3201 2391 3281 stipu—

345 3284 584 3357 latione
626 3285 828 3350 deberi
857 3288 1082 3369 possit,
1127 3292 1268 3353 ante
1314 3292 1546 3369 tempus
1581 3294 1783 3370 petere
1824 3290 2047 3353 videor.

495 3462 523 3510 1
570 3457 724 3513 Trib.
763 3457 1140 3513 fideiussorem
1180 3458 1230 3511 ni
1265 3462 1505 3515 restituit
1541 3463 1842 3518 orationem
1876 3462 2122 3517 Pernice.

492 3534 526 3583 2
569 3528 719 3584 Trio.
759 3528 1074 3584 fideiussori
1107 3536 1160 3585 et
1194 3530 1503 3586 fideiussor.
