2575 3900
400 241 534 304 592
808 220 814 225 ’
1142 237 1698 294 ADDITAMENTA.

866 419 967 485 De
1010 420 1386 502 adwirendo
1430 439 1638 483 rerum
1683 419 1973 485 dominio.
2545 463 2547 500 {

591 546 688 610 18.
737 543 875 608 Gai.
934 546 995 628 2,
1051 545 1154 609 95.
1216 581 1292 591 -
1512 544 1707 627 vulgo
1762 541 1998 607 dicim
2056 565 2184 626 per
2243 549 2466 610 extra-
2545 525 2547 540 .

404 655 598 698 neam
646 653 990 716 personam
1038 633 1223 708 nobis
1274 632 1529 716 adquiri
1573 653 1702 695 non
1749 652 1956 715 posse.

589 721 688 786 19.
744 720 882 786 Gai.
940 723 1009 800 2,
1066 723 1168 787 70.
1224 757 1314 768 -
1369 771 1422 786 ..
1485 771 1498 784 .
1549 721 1744 806 vulgo
1799 719 2036 784 dieitur
2089 743 2215 804 per
2281 723 2468 787 adlu-

406 809 663 876 vionem
719 809 785 874 id
833 810 998 875 adici
1047 810 1247 876 videri
1295 809 1465 893 quod
1511 809 1607 874 ita
1651 809 1964 893 paulatim
2011 811 2344 894 adicitur,
2393 818 2462 875 ut

404 900 629 965 oeulos
672 904 934 964 nostros
978 899 1185 964 fallat.

895 1076 997 1142 De
1032 1076 1412 1160 possessione
1455 1081 1512 1140 et
1553 1076 1937 1157 usucapione.

526 1225 529 1228 ·
593 1201 693 1267 20.
743 1200 820 1265 D.
866 1201 972 1283 43,
1022 1201 1122 1286 16,
1164 1202 1221 1286 1,
1258 1199 1359 1266 25.
1432 1197 1749 1282 Ulpianus
1786 1198 1954 1264 libro
1989 1203 2454 1286 sexagensimo
2546 1203 2547 1266 3

406 1310 580 1354 nono
648 1287 727 1352 ad
795 1289 1090 1354 edietum.
1170 1325 1245 1335 —-
1326 1342 1339 1354 .
1384 1340 1399 1354 .
1462 1289 1658 1372 volgo
1733 1287 1964 1352 dieitur
2037 1291 2448 1355 aestivorum
2546 1353 2547 1356 ,

408 1378 953 1463 hibernorumque
983 1379 1268 1443 saltuum
1296 1398 1414 1442 nos
1443 1378 1886 1461 possessiones
1906 1377 2124 1442 animo
2147 1379 2448 1444 retinere.
2546 1403 2547 1452 ς

584 1467 691 1532 21.
757 1466 896 1532 Gai.
961 1467 1022 1550 4,
1089 1466 1234 1532 153.
1293 1503 1381 1512 -
1441 1518 1453 1531 .
1496 1519 1508 1530 .
1549 1514 1562 1530 .
1619 1466 1816 1550 vulgo
1876 1465 2110 1529 dieitur
2178 1469 2446 1533 retineri
2546 1495 2547 1518 2

406 1555 891 1640 possessionem
928 1577 1119 1640 posse
1155 1577 1270 1639 per
1319 1555 1687 1639 quemlibet,
1743 1554 1852 1638 qui
1897 1557 2123 1619 nostro
2177 1558 2444 1622 nomine
2546 1629 2547 1634 .

408 1645 498 1710 sit
542 1646 610 1710 in
656 1647 1084 1730 possessione.

585 1735 689 1799 22.
746 1732 884 1798 Gai.
941 1735 1000 1816 2,
1054 1733 1157 1797 49.
1225 1768 1300 1778 -
1353 1783 1367 1796 .
1399 1782 1457 1796 ..
1509 1731 1700 1814 vulgo
1755 1731 1986 1797 dieitur
2044 1733 2437 1799 furtivarum
2545 1769 2547 1788 1

407 1843 621 1885 rerum
669 1825 733 1886 et
775 1823 841 1886 vi
887 1843 1333 1904 possessarum
1377 1818 1836 1906 usucapionem
1883 1841 1996 1904 per
2041 1822 2266 1906 legem
2323 1821 2438 1888 XII

406 1910 777 1976 tabularum
821 1910 1218 1994 prohibitam
1264 1930 1422 1975 esse.

586 2000 688 2064 23.
737 1999 813 2062 D.
860 2001 967 2081 41,
1012 2000 1077 2084 4,
1124 2001 1224 2067 11.
1299 1999 1643 2064 Africanus
1689 1998 1856 2063 libro
1906 1999 2190 2084 septimo
2238 2000 2438 2077 Quae·

408 2088 709 2153 stionum.
761 2124 838 2135 —
890 2137 904 2152 .
934 2140 947 2153 .
996 2088 1191 2173 volgo
1238 2088 1548 2153 traditum
1595 2090 1696 2151 est
1739 2108 1906 2171 eum,
1951 2088 2064 2171 qui
2100 2089 2438 2155 existimat

410 2199 477 2241 se
542 2178 694 2260 quid
742 2177 975 2241 emisse
1021 2199 1140 2241 nee
1206 2176 1456 2253 emerit,
1518 2197 1649 2240 non
1712 2197 1905 2258 posse
1969 2198 2087 2259 pro
2152 2183 2436 2262 emptore

408 2286 774 2347 usucapere.

586 2355 688 2419 24.
738 2353 876 2439 Gai,
922 2355 983 2438 2,
1030 2355 1134 2419 61.
1315 2405 1372 2419 .,
1401 2406 1414 2420 .
1463 2353 1656 2439 vulgo
1719 2353 1954 2417 dieitur
2011 2375 2089 2418 ex
2145 2356 2438 2439 praedia-

409 2446 556 2506 tura
600 2444 1077 2526 possessionem
1124 2465 1245 2507 usu
1280 2442 1495 2544 recipi.

1127 2619 1227 2684 De
1271 2620 1717 2685 donationibus.

588 2744 691 2809 25.
738 2744 816 2809 D.
864 2744 969 2826 39,
1017 2744 1074 2825 6,
1122 2742 1226 2822 35,
1268 2745 1327 2809 2.
1401 2743 1640 2809 Paulus
1679 2744 1845 2808 libro
1885 2746 2064 2808 sexto
2106 2744 2189 2808 ad
2229 2742 2456 2831 legem'

408 2832 641 2897 Iuliam
700 2836 765 2896 et
808 2832 1095 2916 Papiam.
1148 2868 1223 2879 -·
1276 2883 1289 2897 .
1333 2885 1344 2897 .
1391 2833 1619 2898 mortis
1675 2854 1870 2897 eausa
1926 2832 2190 2897 donatio
2248 2833 2436 2918 longe

410 2920 626 2985 differt
683 2921 764 2984 ab
820 2922 938 2985 illa
990 2943 1145 2985 vera
1200 2924 1265 2985 et
1314 2922 1615 2987 absoluta
1660 2921 2006 2986 donatione
2054 2973 2067 2986 .
2097 2968 2111 2985 .
2140 2969 2155 2984 .
2206 2926 2274 2987 et
2320 2922 2436 2986 hoe

281 3008 289 3021 “
410 3012 511 3072 est
559 3030 756 3092 quare
803 3010 999 3095 vulgo
1049 3010 1318 3075 dicatur:
1375 3032 1441 3075 se
1485 3010 1700 3093 potius
1744 3010 1984 3074 habere
2031 3010 2197 3093 vult,
2247 3032 2432 3095 quam

411 3120 556 3161 eum
625 3098 726 3161 eui
793 3098 1010 3182 donat,
1069 3098 1254 3163 illum
1313 3098 1541 3163 deinde
1594 3098 1811 3182 potius
1879 3120 2071 3182 quam
2138 3098 2432 3163 heredem

411 3207 613 3249 suum.

1102 3294 1201 3359 De
1245 3294 1649 3359 servitutibus

593 3417 698 3482 26.
754 3415 833 3480 D.
890 3418 949 3501 8,
999 3418 1057 3499 1,
1107 3420 1203 3483 11..
1296 3415 1698 3481 Modestinus
1763 3417 1930 3482 libro
1995 3422 2180 3483 sexto
2245 3418 2428 3497 Diffe-

410 3506 779 3569 rentiarum.
842 3540 924 3550 -—
980 3504 1104 3569 Pro
1168 3508 1352 3588 parte
1416 3504 1679 3569 dominii
1747 3506 2121 3571 servitutem
2186 3492 2430 3591 adquiri

412 3614 544 3657 non
589 3615 781 3676 posse
827 3592 1023 3676 volgo
1070 3592 1362 3703 traditur.
