2575 3900
963 192 1013 241 7.
1048 183 1424 241 PROCULUS
2075 187 2202 250 127

363 358 413 406 2.
469 345 633 410 Item
671 367 931 430 quaere,
977 348 1051 432 si,
1088 369 1234 412 cum
1270 349 1538 434 propior
1574 349 1755 434 ripae
1791 370 1973 414 meae
2010 355 2208 416 enata

175 438 285 500 est
339 435 549 500 insula
604 438 669 498 et
721 438 949 519 postea
991 440 1206 501 totum
1250 436 1490 502 flumen
1533 438 1731 503 fluere
1775 439 1946 502 inter
1991 459 2094 502 mo
2139 442 2205 503 et

177 524 467 588 insulam
532 524 746 607 coepit
806 524 1032 590 relicto
1096 546 1213 590 suo
1280 525 1490 610 alveo,
1553 547 1680 611 quo
1735 526 1941 591 maior
1996 526 2206 594 amnis

176 612 435 696 fluerat,
472 611 780 696 numquid
819 612 1091 714 dubites,
1126 613 1279 698 quin
1319 616 1514 680 etiam
1541 615 1751 680 insula
1777 636 1920 679 mea
1947 619 2206 680 maneat

178 706 253 765 et
300 700 507 765 nihilo
556 701 771 765 minus
818 697 953 766 eius
1000 702 1154 786 soli,
1210 703 1379 788 quod
1426 703 1664 768 flumen
1709 703 1998 790 reliquit,
2051 725 2203 788 pars

179 789 308 855 fiat
352 789 538 857 mea?
629 809 789 873 rogo
799 838 818 872 ‚
864 789 1019 873 quid
1066 792 1308 857 sentias
1356 791 1600 856 scribas
1646 792 1825 858 mihi.

360 876 673 943 Proculus
736 878 1093 962 respondit.
1175 880 1260 962 si,
1331 901 1471 946 cum
1521 882 1782 963 propior
1838 879 2036 961 fundo
2101 886 2204 946 tuo

178 967 365 1032 initio
424 967 644 1048 fuisset
702 966 941 1046 insula,
1004 967 1237 1048 flumen
1299 969 1504 1035 relicto
1557 970 1724 1036 alveo
1776 970 2033 1052 maiore,
2095 970 2208 1050 qui

181 1055 343 1120 inter
402 1075 539 1120 eam
601 1055 877 1120 insulam
937 1061 1147 1134 fuerat
1199 1061 1261 1122 et
1309 1078 1446 1122 cum
1497 1057 1766 1139 fundum
1821 1058 2033 1140 vicini,
2095 1058 2208 1140 qui

182 1148 361 1209 trans
420 1144 651 1225 flumen
716 1147 877 1225 erat,
935 1144 1125 1225 fluere
1186 1147 1377 1225 coepit
1427 1147 1587 1211 inter
1640 1167 1776 1212 eam
1830 1147 2105 1212 insulam
2149 1151 2207 1211 et

178 1232 451 1335 fundum
488 1236 680 1310 tuum,
715 1231 911 1298 nihilo
945 1233 1155 1298 minus
1190 1235 1401 1300 insula
1435 1239 1544 1300 tua
1578 1240 1800 1301 manet.
1871 1239 1959 1302 set
1981 1235 2208 1316 alveus,

181 1322 292 1402 qui
349 1320 478 1402 fuit
527 1322 691 1385 inter
742 1340 879 1385 eam
931 1322 1206 1388 insulam
1258 1328 1318 1389 et
1365 1323 1634 1404 fundum
1686 1324 1903 1407 vicini,
1965 1325 2206 1389 medius

182 1410 378 1475 dividi
421 1409 610 1494 debet,
663 1409 755 1473 ita
797 1414 872 1474 ut
899 1429 1083 1512 pars
1094 1413 1355 1513 propior
1397 1413 1638 1478 insulae
1682 1416 1823 1478 tuae
1867 1417 1978 1476 tua
1991 1462 2008 1496 ,
2041 1432 2208 1495 pars

182 1503 389 1563 autem
414 1498 675 1580 propior
707 1518 859 1580 ayro
892 1499 1083 1563 vicini
1116 1501 1246 1565 eius
1282 1520 1406 1566 esse
1432 1501 1832 1584 intelleyatur.
1902 1502 2206 1584 inionem,

184 1591 256 1650 ut
296 1591 356 1652 et
396 1606 533 1651 cum
578 1605 654 1651 ecc
698 1587 897 1652 altera
929 1591 1114 1669 parte
1146 1589 1392 1654 insulae
1425 1589 1632 1654 alveus
1665 1590 1951 1672 fluminis
1985 1610 2203 1654 exaru-

182 1676 317 1760 erit,
352 1676 573 1741 desisse
600 1674 872 1740 insulam
898 1695 1040 1758 esse,
1070 1678 1179 1742 sed
1201 1697 1320 1759 quo
1341 1678 1598 1760 facilius
1623 1699 1719 1744 res
1744 1679 2204 1762 intelleyeretur‚

184 1784 423 1849 ayrum,
466 1763 575 1846 qui
618 1763 828 1829 insula
868 1763 1095 1850 fuerat,
1139 1766 1416 1830 insulam
1459 1766 1784 1852 appellavi.
1798 1765 1821 1802 ²

925 1914 1025 1980 De
1055 1916 1462 1999 postliminio,

366 2030 467 2095 33.
514 2029 593 2093 D.
622 2029 727 2114 49,
759 2030 859 2114 15,
892 2031 928 2094 7
946 2054 1043 2115 pr.
1070 2034 1152 2114 ἐξ
1189 2034 1242 2098 1.
1272 2034 1332 2100 2.
1416 2032 1723 2100 Proculus
1767 2034 1933 2099 libro
1972 2036 2204 2099 octavo

188 2117 650 2203 Epistularum.

364 2218 412 2268 1.
475 2210 618 2271 Non
675 2206 905 2291 dubita,
968 2207 1285 2291 quamvis*
1335 2211 1634 2292 foederati
1685 2215 1742 2275 et
1793 2210 1968 2276 liber-i
2028 2210 2202 2276 nobis

182 2296 421 2361 externi
471 2296 625 2378 sint,
678 2315 785 2361 nec
814 2298 996 2375 ,inter
1038 2318 1150 2363 nos
1194 2304 1376 2381 atque
1418 2320 1514 2364 eos
1558 2300 2016 2382 postliminium
2061 2319 2202 2369 esse.

183 2385 401 2450 etenim
442 2384 595 2465 quid
626 2384 787 2448 inter
819 2404 933 2450 nos
968 2390 1148 2469 atque
1181 2408 1280 2453 eos
1303 2389 1694 2470 postliminio
1729 2408 1880 2471 opus
1915 2393 2018 2471 est,
2060 2408 2200 2453 cum

184 2477 239 2539 et
291 2473 391 2537 illi
434 2473 607 2555 apud
645 2491 759 2537 nos
803 2478 861 2537 et
904 2474 1235 2540 libertatem
1278 2495 1462 2541 suam
1505 2481 1563 2541 et
1603 2477 1947 2542 dominium
1990 2496 2200 2541 rerum

182 2582 443 2627 suarum
501 2581 688 2643 aeque
740 2566 920 2644 atque
972 2565 1143 2645 apud
1191 2584 1253 2629 se
1306 2565 1611 2630 retineant
1661 2570 1718 2631 et
1768 2566 1975 2629 eadem
2028 2565 2202 2631 nobis

187 2652 358 2733 apud
398 2669 498 2715 eos
542 2650 938 2733 continyant?

358 2750 409 2799 2.
476 2736 663 2803 Liber
706 2749 908 2804 autem
940 2740 1213 2823 populus
1257 2746 1346 2806 est
1386 2742 1469 2827 is,
1514 2741 1623 2824 qui
1664 2740 1902 2806 nullius
1944 2740 2200 2806 alterius
2294 2742 2300 2747 ’

172 2828 391 2930 populi
458 2828 740 2909 potestati
801 2834 888 2893 est
950 2829 1271 2911 subiectus,
1337 2827 1430 2895 is³
1489 2831 1834 2912 foederatus
1895 2834 1982 2895 est
2037 2830 2206 2917 item,

179 2918 304 2982 sive
356 2936 549 2997 aequo
598 2916 833 2997 foedere
889 2918 959 2983 in
1014 2919 1356 2983 amicitiam
1399 2922 1563 2985 venit
1601 2920 1728 2985 sive
1767 2919 2002 3001 foedere
2045 2938 2199 2984 com-

174 3004 542 3088 prehensum
586 3008 699 3089 est,
752 3010 825 3069 ut
866 3006 922 3073 is
952 3005 1223 3091 populus
1266 3008 1523 3074 alterius
1554 3008 1778 3092 populi
1821 3009 2200 3075 maiestatem

180 3095 425 3159 comiter
476 3099 870 3161 conservaret.
968 3094 1075 3161 hoc
1126 3098 1289 3163 enim
1344 3098 1637 3177 adicitur,
1691 3102 1762 3163 ut
1812 3098 2200 3180 intelleyatur

178 3184 441 3249 alterum
491 3182 795 3267 populum
855 3186 1226 3267 superiorem
1286 3208 1436 3270 esse,
1500 3207 1625 3252 non
1686 3190 1757 3251 ut
1818 3186 2201 3269 intelleyatur

179 3273 443 3338 alterum
513 3291 639 3336 non
709 3291 833 3338 esse
906 3273 1191 3352 liberum·
1264 3281 1322 3340 et
1389 3276 1898 3359 quemadmodum
1959 3275 2202 3341 clientes

320 3416 350 3464 1
395 3410 465 3465 F.
505 3410 811 3493 appellant.

319 3488 351 3536 2
391 3480 465 3536 F.
506 3482 657 3549 quin.

320 3560 353 3607 3
394 3551 467 3609 F.
506 3551 625 3608 sivo
656 3553 725 3610 is.
