2575 3900
810 200 859 251 4.
912 194 970 249 L.
1010 194 1382 252 NERATHJS
1417 196 1712 253 PRISCUS
2141 200 2270 267 355

242 361 524 423 actorem
576 357 735 423 dari.
818 364 883 424 et
928 356 1209 425 Sabinus
1252 362 1444 444 putat
1489 382 1622 425 non
1668 382 1808 426 esse
1855 361 2133 428 dandam
2173 415 2186 429 .
2213 416 2227 430 .
2253 414 2269 430 .

236 443 549 527 Neratius
616 468 866 533 quoque
934 447 1189 513 dicebat
1253 454 1406 533 post
1469 454 1763 515 exactum
1824 450 2267 518 iusiurandum

234 558 430 620 posse
494 539 777 601 actorem
834 536 1121 604 detracta
1179 559 1388 602 noxae
1445 536 1766 604 deditione
1831 540 2106 624 experiri
2178 542 2263 623 [si

241 624 434 690 modo
481 625 603 691 hoc
652 626 1018 709 contendat,
1053 629 1480 711 posteaquam
1518 626 1802 693 iuratum
1839 631 1940 693 est
1977 631 2268 715 coepisse

249 714 321 779 in
365 718 693 798 potestate
738 714 1027 796 habere}

414 824 657 885 Inclusa
702 826 888 886 verba
935 826 1178 887 Pernice
1226 827 1441 887 merito
1488 827 1647 888 eicit.

694 1051 795 1118 De
841 1053 1219 1118 Publiciana
1263 1055 1335 1118 'in
1371 1075 1502 1120 rem
1545 1056 1799 1121 actione.

412 1177 514 1242 68.
562 1176 641 1242 Ι).
670 1177 729 1258 6,
758 1177 819 1259 2,
847 1177 907 1262 9,
936 1178 995 1242 3.
1083 1176 1399 1261 Ulpianus
1447 1178 1615 1243 libro
1662 1182 1842 1244 sexto
1891 1179 2137 1246 decimo
2182 1181 2263 1245 ad

234 1265 517 1331 edictum
555 1263 650 1351 (P.
671 1262 880 1353 570⁶).
918 1302 1007 1313 —
1043 1317 1059 1332 .
1079 1316 1093 1331 .
1143 1267 1200 1330 si
1244 1266 1672 1333 hereditatem
1711 1288 1922 1333 emero
1960 1273 2026 1333 et
2062 1270 2264 1335 tradi-

230 1358 369 1420 tam
434 1353 594 1419 mihi
658 1376 795 1419 rem
860 1355 1317 1420 hereditariam
1381 1360 1600 1440 petere
1663 1357 1884 1442 velim,
1949 1356 2260 1425 Neratius

234 1443 463 1509 scribit
510 1465 648 1508 esse
694 1442 1161 1509 Publicianam.

406 1554 479 1615 cf.
510 1553 638 1615 Gai.
670 1558 726 1629 4,
759 1557 842 1616 36
893 1549 1098 1615 ‘datur
1143 1600 1157 1613 .
1187 1603 1202 1616 .
1248 1557 1396 1615 haec
1441 1557 1599 1616 actio
1647 1550 1756 1635 (sc.
1785 1552 2167 1640 Publiciana.)
2204 1559 2261 1619 ei

234 1644 341 1723 qui
388 1663 459 1704 ex
503 1644 665 1703 iusta
712 1662 891 1703 causa
935 1643 1223 1704 traditam
1270 1645 1385 1704 sibi
1431 1664 1560 1705 rem
1605 1689 1617 1705 .
1651 1692 1662 1703 .
1696 1693 1709 1706 .
1755 1639 1954 1723 petit?

914 1869 1013 1936 De
1055 1890 1225 1936 servo
1268 1876 1570 1955 corrupto.

403 1994 506 2059 69.
553 1993 754 2077 D.11,
775 1996 836 2078 3,
855 1996 915 2079 9,
936 1997 993 2062 3.
1077 1994 1399 2081 Ulpianus
1447 1996 1617 2061 libro
1666 1996 2014 2062 vicensimo
2057 1999 2254 2063 tertio

224 2083 308 2148 ad
358 2084 638 2150 edictum
684 2082 781 2169 (P.
814 2084 1017 2169 703⁸).
1056 2121 1138 2132 —
1179 2135 1226 2150 ..
1279 2086 1678 2170 quaestionis
1725 2090 1841 2169 est,
1888 2086 2255 2153 aestimatio

224 2178 441 2237 utrum
514 2174 651 2238 eius
726 2174 1061 2239 dumtaxat
1124 2174 1265 2238 fieri
1329 2174 1586 2258 debeat,
1661 2174 1831 2259 quod
1897 2197 2120 2241 servus
2184 2177 2257 2240 in

224 2283 492 2345 corpore
538 2261 641 2326 vel
685 2261 752 2326 in
800 2261 1015 2326 animo
1063 2262 1281 2327 damni
1330 2265 1636 2346 senserit,
1690 2263 1813 2329 hoc
1862 2268 1962 2328 est
2007 2270 2252 2349 quanto

223 2350 414 2416 vilior
460 2371 680 2415 servus
726 2350 937 2416 factus
986 2352 1090 2434 sit,
1136 2373 1218 2416 an
1263 2373 1419 2417 vero
1468 2356 1533 2416 et
1570 2355 1943 2417 ceterorum.
2019 2360 2083 2417 et
2118 2351 2252 2418 Ne-

222 2438 430 2502 ratius
496 2439 588 2503 ait
645 2439 816 2503 tanti
872 2439 1428 2504 condemnandum
1484 2444 1961 2524 corruptorem,
2025 2442 2253 2527 quanti

224 2547 447 2590 servus
486 2527 569 2591 ob
606 2526 672 2590 id
712 2527 883 2610 quod
923 2527 1264 2610 subpertus
1295 2528 1382 2592 sit
1410 2525 1809 2611 (subieritP),
1846 2529 2117 2594 minoris
2147 2531 2252 2595 sit.

404 2651 503 2715 70.
540 2649 619 2714 D.
644 2651 745 2731 11,
766 2652 824 2732 3,
850 2651 926 2715 11
951 2673 1046 2735 pr.
1109 2648 1429 2736 Ulpianus
1466 2651 1638 2717 libro
1673 2652 2024 2719 vicensimo
2053 2654 2249 2718 tertio

218 2739 298 2804 ad
365 2737 642 2805 edictum
700 2737 801 2825 (P.
849 2735 1056 2823 703¹2).
1116 2775 1192 2786 --
1251 2739 1561 2805 Neratius
1628 2740 1738 2805 ait.
1782 2745 2015 2824 postea
2076 2740 2251 2808 furta

216 2827 397 2894 facta
441 2828 511 2892 in
559 2828 1077 2893 aestimationem
1122 2850 1256 2895 non
1303 2828 1540 2894 venire.

394 2939 583 3000 Lenel
656 2940 817 3016 apud
891 2939 1028 3016 Ulp.
1092 2943 1291 3000 notat:
1365 2934 1918 3018 ‘interpolationem
2001 2942 2245 3002 subesse

218 3033 484 3106 apparet.
576 3024 847 3106 suspicor
910 3028 1285 3090 scribendum
1352 3048 1510 3090 esse:
1586 3030 1870 3091 Neratius
1936 3031 2025 3091 ait
2088 3033 2246 3092 tanti

261 3163 317 3178 ..
374 3119 619 3178 minoris
666 3119 769 3196 sit,
825 3120 991 3178 furta
1035 3123 1233 3179 autem
1279 3119 1444 3178 facta
1487 3121 1550 3180 in
1598 3120 2078 3180 aestimationem
2123 3139 2245 3180 non

214 3200 461 3268 venire?

390 3296 461 3355 In
498 3295 765 3375 Digestis
812 3301 1143 3374 sequuntur
1176 3298 1350 3357 haec:
1397 3292 1601 3374 ‘quam
1639 3297 2000 3358 sententiam
2036 3316 2243 3358 veram

212 3379 401 3461 puto'.
498 3388 563 3444 at
615 3385 804 3445 Lenel
857 3386 1125 3445 oratione
1178 3387 1243 3444 in
1299 3405 1430 3446 eam
1485 3405 1640 3462 quae
1697 3405 1878 3463 supra
1929 3385 2244 3463 proposita

215 3477 307 3533 est
377 3473 633 3533 formam
695 3474 939 3534 redacta
998 3473 1328 3550 Ulpianum
1389 3475 1588 3551 potius
1655 3475 1962 3552 scripsisse
2023 3474 2240 3535 conicit

216 3555 418 3640 ‘quam
466 3563 825 3623 sententiam
869 3564 1081 3623 falsam
1129 3558 1318 3640 puto'.

1700 3668 1767 3716 23
1783 3661 1811 3693 *
