2575 3900
841 200 891 249 ὅ.
940 194 1217 250 SEXTUS
1255 195 1518 250 PEDIUS
2106 196 2190 260 93

969 447 979 454 .
1016 375 1106 430 De
1142 376 1346 444 leyatis.

343 485 449 549 37.
516 483 592 550 D.
626 484 728 563 33,
760 486 818 568 7,
851 485 951 564 18,
980 484 1037 548 3.
1130 483 1370 548 Paulus
1416 484 1584 549 libro
1637 484 1914 549 secundo
1963 485 2043 547 ad
2080 482 2193 548 Vi-

160 573 424 637 tellium
465 571 565 656 (P.
587 568 812 659 2070).
850 607 935 619 --
976 572 1162 648 Quod
1209 572 1264 636 si
1313 594 1542 636 aenum
1580 574 2009 638 instrumento
2049 594 2195 637 con-

158 663 433 745 tinetur,
470 663 645 725 urcei
685 683 955 746 quoque,
994 661 1224 744 quibus
1264 683 1434 745 aqua
1460 661 1528 726 in
1558 683 1788 726 aenum
1818 662 2192 745 infunditur,

158 751 227 814 in
285 749 464 815 idem
523 771 725 833 genus
779 751 1194 835 rediguntur,
1258 772 1333 816 ac
1390 750 1688 834 deinceps
1743 752 1812 815 in
1867 751 2193 815 infinitum

159 839 392 922 primis
424 838 786 923 quibusque
806 839 1101 924 proxima
1122 840 1428 922 copulata
1447 839 1818 922 procedunt.
1876 839 2194 924 optimum

161 949 323 1013 ergo
374 948 517 990 esse
565 926 798 991 Pedius
857 929 950 991 ait
1003 948 1135 991 non
1180 929 1511 1010 propriam
1560 928 1903 993 verborum
1951 928 2194 1013 signifi-

161 1017 488 1082 cationem
557 1016 857 1100 scrutari,
933 1015 1041 1079 sed
1108 1015 1178 1079 in
1244 1017 1468 1100 primis
1535 1017 1688 1101 quid
1750 1020 2025 1082 testator
2089 1017 2193 1081 de-

161 1107 536 1169 monstrare
583 1105 863 1169 voluerit
909 1104 1165 1189 [deinde
1203 1105 1269 1168 in
1310 1127 1437 1189 qua
1471 1106 2000 1190 praesumptione
2039 1110 2194 1171 sunt

162 1194 273 1277 qui
323 1195 395 1256 in
442 1214 691 1277 quaque
738 1194 1000 1278 regione
1048 1192 1575 1278 commorantur}

341 1313 591 1372 Inclusa
616 1314 799 1374 verba
827 1333 864 1372 a
892 1313 1253 1374 Triboniano
1281 1314 1488 1373 addita
1505 1314 1698 1374 videri
1728 1309 1912 1374 docet
1931 1313 2194 1373 Graden-

162 1403 305 1461 witz
355 1402 418 1460 Z.
450 1401 507 1460 d.
537 1401 807 1462 Sam-St.
836 1401 981 1477 VII,
1014 1405 1112 1463 73.

748 1572 833 1626 De
869 1573 1046 1640 operis
1081 1574 1213 1628 novi
1246 1573 1611 1628 nwntiacione.

343 1681 449 1746 38.
499 1679 575 1746 D.
591 1682 694 1763 39,
724 1685 775 1760 1,
796 1682 859 1764 5,
876 1683 936 1747 9.
1027 1681 1346 1764 Ulpianus
1391 1683 1561 1747 libro
1609 1682 2189 1767 quinquagensimo

162 1768 449 1834 secundo
516 1769 597 1833 ad
653 1769 934 1834 edictum
988 1769 1088 1854 (Ρ.
1127 1767 1348 1856 1266).
1405 1807 1488 1816 -
1544 1821 1558 1836 .
1596 1819 1613 1835 .
1671 1770 1900 1835 Sextus
1957 1771 2190 1836 Pedius

162 1857 419 1923 definiit
464 1858 785 1943 triplicem
824 1881 965 1923 esse
1004 1881 1263 1923 causam
1305 1859 1517 1943 operis
1554 1859 1705 1924 novi
1743 1859 2192 1943 nuntiationiS,

163 1952 280 2012 aut
299 1948 670 2012 naturalem
691 1954 803 2013 aut
822 1948 1146 2032 publicam
1170 1953 1286 2012 aut
1303 1947 1787 2033 impositiciam:
1811 1950 2193 2035 naturalem,

154 2059 315 2102 cum
369 2036 440 2100 in
491 2042 749 2101 nostras
797 2038 987 2102 aedes
1036 2038 1187 2122 quid
1235 2038 1612 2102 immittitur
1659 2044 1770 2101 aut
1817 2038 2192 2103 aedificatur

160 2127 233 2190 in
270 2130 529 2209 nostr03
567 2127 889 2209 publicam
922 2147 1201 2210 causam,
1239 2128 1535 2210 quotiens
1574 2128 1752 2212 leges
1783 2132 1895 2191 aut
1923 2130 2192 2192 senatus

162 2214 466 2279 consulta
522 2214 1144 2299 constitutionesque
1200 2216 1563 2299 principum
1620 2238 1734 2300 per
1781 2216 1992 2299 operis
2039 2218 2191 2282 novi

161 2304 640 2367 nuntiationem
689 2309 970 2386 tuemur3
1028 2304 1510 2387 impositiciam,
1558 2326 1705 2369 cum
1753 2305 1897 2390 quis
1945 2310 2193 2389 postea,

161 2413 361 2476 quam
398 2390 500 2455 ius
541 2413 727 2456 suum
762 2392 1094 2476 deminuit,
1134 2393 1402 2456 alterius
1433 2395 1628 2477 auxit,
1663 2393 1789 2458 hoc
1819 2397 1918 2456 est
1944 2399 2188 2477 postea,

164 2503 360 2565 quam
410 2480 790 2545 servitutem
838 2481 1103 2545 aedibus
1152 2483 1285 2545 suis
1332 2482 1672 2566 imposuit,
1726 2486 1952 2546 contra
1998 2484 2192 2547 servi-

159 2573 369 2634 tutem
417 2568 591 2633 fecit.

717 2664 805 2718 De
837 2664 1091 2718 incendio
1126 2665 1300 2718 ruina
1333 2663 1647 2733 naufrain.

347 2772 450 2837 39.
516 2771 595 2836 D.
623 2773 728 2854 47,
757 2774 817 2854 9,
846 2773 1003 2856 4pr.
1093 2772 1334 2836 Paulus
1384 2772 1556 2837 libro
1605 2774 2188 2859 quinquagensimo

165 2864 404 2945 quarto
466 2860 547 2923 ad
605 2860 883 2926 edictum
941 2860 1040 2945 (P.
1079 2859 1257 2947 678).
1314 2898 1400 2907 —
1454 2860 1688 2927 Pedius
1745 2884 1935 2946 posse
1993 2862 2189 2928 etiam

163 2950 291 3014 dici
350 2971 427 3013 ex
482 2949 823 3033 naufragio
878 2972 1132 3033 rapere,
1188 2950 1324 3036 qui,
1382 2952 1532 3015 dum
1586 2952 2000 3037 naufragium
2055 2953 2188 3038 fiat,

161 3039 233 3102 in
279 3039 396 3103 illa
441 3038 871 3121 trepidatione
917 3040 1146 3122 rapiat.

722 3212 809 3267 De
844 3214 1073 3268 iniuriis
1109 3232 1245 3285 quae
1278 3216 1446 3271 servis
1479 3216 1638 3283 fiunt.

347 3323 453 3388 40.
512 3321 589 3387 D.
618 3324 725 3404 47,
756 3323 857 3403 10,
890 3324 989 3387 16.
1081 3323 1322 3389 Paulus
1370 3325 1534 3389 libro
1581 3325 2184 3412 quinquagensimo¹

162 3410 395 3496 quinto
436 3410 514 3475 ad
554 3412 835 3475 edictum
872 3410 969 3497 (P.
992 3409 1171 3498 686).
1213 3449 1289 3461 -
1332 3412 1431 3499 (Si
1469 3435 1726 3479 servum
1763 3416 2186 3501 complurium

312 3573 341 3619 1
384 3566 484 3623 Fz.
525 3567 1007 3637 quadragensimo.
