2575 3900
789 207 840 254 4.
878 198 937 256 C.
965 199 1257 256 CASSIUS
1293 198 1662 256 LONGINUS
1799 199 1804 206 ’
2159 197 2237 261 71

822 361 925 428 De
965 363 1332 444 fluminibus
1363 361 1653 446 publicis.

403 487 549 553 141.
609 484 687 553 D.
714 489 821 570 43,
855 489 953 572 12,
986 487 1042 569 1,
1071 488 1131 553 3.
1220 485 1538 572 Ulpianus
1584 486 1753 552 libro
1801 490 2244 571 sexagensimo

219 581 455 642 octavo
511 575 593 641 ad
645 574 921 641 edictum
970 538 1070 663 (P.
1100 510 1350 662 1510).P
1374 611 1450 624 —-
1501 573 1871 640 Fluminum
1929 575 2244 659 quaedam

220 664 487 749 publica
551 667 725 747 sunt,
790 665 1103 749 quaedam
1166 686 1314 729 non.
1413 663 1744 748 publicum
1806 662 2044 729 flumen
2104 685 2246 730 esse

218 751 487 818 Cassius
533 752 783 838 definit,
829 752 996 837 quod
1041 775 1322 838 perenne
1369 753 1474 818 sit.

854 929 953 996 De
995 931 1293 996 bononem
1336 932 1612 996 cessione.

406 1055 551 1120 142.
587 1052 664 1119 D.
684 1055 793 1137 42,
812 1055 872 1134 3,
890 1055 954 1137 4,
978 1056 1030 1119 1.
1102 1054 1284 1120 Idem
1322 1052 1439 1140 (sc.
1480 1052 1824 1138 Ulpianus)
1865 1054 2034 1120 libro
2063 1054 2246 1139 quin-

310 1143 647 1229 agensimo
693 1164 867 1208 nono
914 1143 994 1209 ad
1030 1143 1309 1208 edictum
1348 1141 1448 1229 (P.
1483 1140 1702 1244 1380).
1741 1179 1826 1190 —
1863 1140 2142 1208 Sabinus
2180 1146 2248 1208 et

220 1165 485 1298 {assius
514 1231 835 1317 putabant
862 1252 1008 1296 eum
1037 1232 1149 1317 qui
1175 1232 1365 1296 bonis
1396 1232 1593 1297 cessit
1620 1228 1738 1318 (sc.
1769 1254 1846 1297 ex
1872 1231 2016 1315 lege
2044 1228 2245 1317 Iulia)

215 1342 295 1385 ne
345 1319 604 1404 quidem
653 1320 736 1386 ab
785 1319 959 1403 aliie,
1006 1321 1239 1406 quibus
1286 1321 1504 1404 debet,
1552 1342 1742 1405 posse
1785 1320 2157 1405 inquietari.

593 1501 699 1562 VI.
762 1501 867 1562 Ad
914 1502 1229 1563 edictum
1272 1502 1638 1580 praetoris
1685 1503 1877 1563 libri.

398 1626 771 1702 Quamquam
806 1627 919 1686 hoc
953 1644 1103 1704 opus
1138 1646 1175 1686 a
1205 1626 1702 1702 nullo-laudatur,
1738 1630 1943 1687 tamen
1972 1623 2250 1686 Cassium

219 1715 517 1776 eiusmodi
578 1715 765 1775 libros
831 1715 1139 1792 scripsisse
1205 1716 1564 1794 fragmentis
1637 1715 2017 1794 quibusdam,
2093 1735 2247 1794 quae

214 1805 367 1864 iuris
431 1803 623 1864 civilis
679 1803 851 1862 libris
906 1804 1071 1863 nullo
1125 1803 1303 1864 modo
1359 1804 1611 1864 attribui
1662 1807 1941 1882 possunt,
2005 1803 2247 1865 videtur

214 1891 488 1971 probari3
560 1910 713 1971 quae
786 1893 1127 1972 fragmenta
1202 1893 1493 1955 collocavi
1565 1893 1891 1953 secundum
1960 1892 2247 1973 ordinem,

216 2002 399 2060 quem
442 1982 717 2043 Iulianus
760 1982 825 2041 in
869 1982 1063 2043 edicto
1110 1983 1515 2059 componendo
1563 1984 1796 2043 statuit.

689 2160 784 2219 De
826 2162 1155 2221 vadimonio
1198 2160 1453 2221 Romam
1494 2162 1778 2235 faciendo.

408 2272 466 2334 1.
528 2268 609 2335 D.
638 2271 697 2354 2,
731 2271 787 2352 1,
819 2271 897 2336 11
922 2292 1015 2353 pr.
1105 2269 1306 2336 Gaius
1361 2270 1528 2335 libro
1581 2270 1792 2357 primo
1842 2270 1922 2335 ad
1969 2270 2249 2336 edictum

213 2358 621 2444 provinciale
680 2358 778 2444 (P.
808 2358 939 2442 56).
990 2393 1071 2406 --
1122 2358 1191 2424 Si
1246 2359 1416 2423 idem
1472 2381 1617 2424 cum
1672 2360 1897 2425 eodem
1951 2359 2247 2444 pluribus

217 2448 589 2513 actionibus
655 2450 836 2533 agat,
902 2469 1174 2532 quarum
1231 2448 1632 2532 singularum
1689 2449 2019 2533 quantitas
2073 2448 2248 2513 intra

216 2536 737 2601 iurisdictionem
782 2536 1125 2602 iudicantis
1174 2536 1277 2620 sit,
1326 2537 1727 2601 coacervatio
1764 2558 1916 2601 vero
1957 2536 2247 2601 omnium

221 2626 493 2691 excedat
527 2625 789 2690 modum
823 2624 1289 2689 iurisdictionis
1327 2624 1484 2708 eius,
1521 2623 1689 2709 apud
1729 2645 1872 2688 eum
1910 2625 2020 2708 agi
2056 2645 2248 2708 posse

219 2712 468 2780 Sabino
515 2712 742 2779 Cassio
788 2712 1063 2779 Proculo
1109 2710 1372 2797 placuit.

400 2832 537 2893 Pro'
602 2826 967 2893 ‘iudicantis’
1040 2832 1224 2892 Lenel
1299 2830 1516 2892 Gaium
1599 2825 1943 2893 ‘duumviri'
2018 2822 2248 2915 (potius

220 2916 702 2999 duumvirorum)
752 2923 1059 2999 scripsisse
1107 2921 1340 2981 conicit.

400 3022 461 3087 2.
532 3020 608 3086 D.
645 3023 800 3088 ibid.
837 3026 877 3104 ξ
914 3025 974 3089 2.
1032 3060 1117 3071 -
1174 3022 1244 3088 Si
1307 3045 1440 3089 una
1505 3024 1674 3088 actio
1739 3025 2094 3089 communis
2160 3025 2251 3090 sit

221 3110 507 3194 plurium
554 3132 995 3196 personarum,
1039 3112 1241 3177 veluti
1281 3111 1569 3178 familiae
1608 3112 2036 3197 erciscundae,
2082 3134 2250 3177 com-

222 3198 409 3263 muni
455 3199 833 3285 dividundO,
891 3201 1118 3266 finium
1163 3201 1626 3288 regundorum,
1679 3206 1898 3266 utrum
1953 3200 2249 3285 singulae

220 3293 443 3371 partes
502 3289 889 3373 spectandae
945 3294 1099 3355 sunt
1155 3290 1327 3355 circa
1379 3290 1888 3355 iurisdictionem
1945 3289 2082 3355 eius
2136 3290 2250 3393 qui

221 3376 623 3461 cognoscit.
724 3399 859 3456 ,an
904 3379 1123 3462 potius
1170 3383 1315 3443 tota
1357 3401 1487 3459 res,
1535 3378 1687 3465 quia
1734 3384 1799 3443 et
1845 3381 1987 3443 tota
2030 3400 2133 3443 res
2183 3380 2250 3444 in

220 3464 533 3529 iudicium
604 3426 783 3530 venit
858 3470 924 3531 et
995 3467 1098 3531 vel
1170 3466 1283 3532 uni
1349 3466 1702 3533 adiudicari
1764 3471 2006 3551 potest,
2081 3467 2249 3551 quod

222 3551 456 3619 Cassio
505 3601 520 3618 .
593 3554 882 3638 .placet.
