2575 3900
398 202 466 286 'v.
505 231 702 299 ouon
743 232 1084 288 ‘memus’
1125 232 1271 287 VEL
1314 233 1580 289 evomo
1619 231 1993 288 morrona·
2051 233 2181 298 589

723 401 946 461 11,-Λᾶ
990 401 1102 460 ius
1147 401 1607 476 praetorium.

812 579 832 588 ,
972 518 1072 586 De
1102 521 1363 603 peculio.

334 636 440 700 20.
485 575 564 700 D.
614 635 715 718 15,
764 637 821 718 1,
868 635 974 702 51.
1066 634 1376 701 Scaevola
1421 636 1587 700 libro
1646 636 1921 701 seeundo
1974 635 2181 712 Quae-

157 724 457 788 stionum.
509 759 586 770 —
727 726 1049 808 .dieitur,
1105 727 1160 788 si
1207 747 1352 790 eum
1408 747 1536 790 uno
1585 748 1663 789 ex
1710 724 1902 790 sociis
1950 729 2183 810 agatur
2241 806 2248 814 ι

155 809 270 897 (se.
293 812 371 877 de
399 810 703 901 peculio),
733 814 1099 879 universum
1129 815 1455 901 peculium
1481 814 2003 898 computandum,
2031 815 2184 898 quia

157 902 244 966 sit
289 923 433 966 cum
479 903 655 967 soeio
704 903 890 967 aetio.

720 1061 834 1127 ..De
877 1063 1171 1127 bonorum
1213 1047 1619 1148 separatione.

333 1168 437 1232 21.
483 1166 562 1233 D.
608 1169 715 1251 42,
761 1169 821 1251 6,
870 1171 927 1251 1,
977 1170 1076 1234 13.
1168 1168 1487 1254 Ulpianus
1535 1169 1703 1234 libro
1734 1169 2180 1254 sexagensimo

159 1260 387 1338 quarto
436 1256 516 1320 ad
557 1257 853 1322 edietum.
881 1295 970 1304 -
999 1306 1015 1322 .
1043 1308 1058 1322 .
1097 1257 1330 1322 dieitur
1364 1262 1516 1343 post
1555 1259 1831 1322 multum
1869 1258 2182 1342 temporis
2230 1333 2233 1336 ⁴

157 1346 630 1428 separationem
675 1347 1008 1431 impetrari
1053 1368 1184 1412 non
1230 1351 1465 1430 posse.‘

758 1505 858 1570 De
901 1505 1123 1588 duplae
1166 1506 1573 1588 stipulatione.

333 1619 438 1684 22.
493 1618 574 1684 D.
629 1620 734 1702 21,
789 1623 848 1702 2,
908 1621 1010 1702 16,
1068 1622 1125 1685 1.
1217 1620 1615 1706 Pomponius
1668 1620 1836 1685 libro
1880 1642 2053 1685 nono
2104 1621 2185 1685 ad

159 1705 486 1773 Sabinum.
531 1745 619 1756 --
666 1709 919 1792 Duplae
967 1709 1302 1793 stipulatio
1350 1709 1671 1774 committi
1718 1708 1949 1774 dieitur
2007 1713 2179 1794 tune,

155 1818 302 1862 oum
356 1817 459 1861 res
504 1796 804 1862 restituta
860 1800 961 1862 est
1011 1798 1305 1882 petitori,
1360 1799 1463 1866 vel
1510 1797 1851 1862 damnatus
1908 1793 2008 1862 est
2046 1797 2183 1862 litis

158 1884 632 1975 aestimatione,
683 1887 778 1953 vel
822 1908 1158 2007 possessor
1203 1887 1285 1952 ab
1334 1890 1623 1972 emptore
1671 1890 2021 1953 conventus
2073 1888 2186 1953 ab·

156 1975 405 2040 solutus
455 1980 570 2040 est.

863 2065 962 2131 De
1006 2066 1463 2148 exceptionibus.
1554 2070 1557 2073 ’

334 2172 437 2235 23.
474 2170 554 2238 D.
589 2172 696 2253 44,
731 2174 792 2256 4,
828 2173 889 2256 4,
919 2174 1020 2238 27.
1085 2170 1404 2257 Ulpianus
1443 2154 1614 2237 libro
1655 2169 2178 2257 septuagensimo

159 2262 339 2330 sexto
389 2259 468 2323 ad
525 2259 822 2327 edietum.
873 2296 948 2306 —-
1090 2261 1433 2325 ,traditur
1490 2260 1582 2324 rei
1639 2260 1895 2344 quidem
1952 2260 2181 2325 cohae-

160 2350 410 2411 rentem
448 2348 891 2432 exceptionem
929 2311 1124 2413 etiam
1164 2349 1442 2434 emptori
1478 2370 1727 2433 nocere,
1766 2370 1907 2413 eam
1943 2353 2181 2431 autem,

158 2457 324 2519 quae
373 2458 450 2499 ex
487 2435 717 2501 delicto
755 2457 1070 2520 personae
1110 2437 1372 2521 oriatur,
1416 2458 1647 2517 nocere
1683 2458 1817 2501 non
1855 2440 2176 2521 oportere.

451 2629 530 2703 2„
569 2626 764 2697 Quod
813 2621 1059 2705 ‘vulgo
1107 2622 1411 2687 dieitur'
1460 2628 1893 2705 similiaque.

806 2728 900 2811 ’1.
953 2751 1060 2811 Ad
1104 2753 1234 2842 ius·
1265 2752 1501 2812 eivsse.

911 2862 1014 2927 De
1057 2862 1439 2943 testamentis.

340 2971 393 3033 1.
458 2967 535 3032 D.
601 2969 713 3051 28,
783 2970 850 3047 2,
929 2970 1040 3051 14,
1118 2969 1173 3033 1.
1284 2968 1629 3033 Africanus
1703 2969 1873 3033 libro
1949 2973 2182 3052 quarto

157 3057 638 3134 Quaestionum.
691 3093 765 3103 —-
829 3107 884 3121 ..
924 3059 1115 3141 vulgo
1165 3057 1403 3122 dieitur
1449 3080 1593 3121 eum
1642 3057 1931 3142 gradum,
1979 3080 2016 3121 a
2055 3079 2180 3141 quo

155 3148 332 3211 filius
379 3146 767 3231 praeteritus
790 3147 926 3229 sit,
964 3167 1094 3210 non
1140 3148 1375 3211 valere.
1473 3163 1484 3177 ·

919 3368 930 3376 ,
980 3306 1079 3371 De
1123 3306 1350 3389 leyatts.

185 3466 193 3472 .
279 3424 284 3431 ’
336 3414 394 3477 2.
441 3410 538 3476 D.
574 3411 678 3491 35,
734 3413 794 3491 2,
856 3412 954 3495 11,
1014 3411 1072 3477 5.
1163 3412 1332 3477 Item
1380 3412 1495 3497 (se.
1543 3410 1965 3496 Papinianus)
2010 3409 2180 3474 libro

157 3499 465 3565 vicesimo
529 3522 700 3565 nono
760 3499 1245 3576 Quaestionum.
1300 3538 1383 3547 ——
1561 3501 1759 3585 vulgo
1818 3500 2050 3564 dieitur
2113 3500 2181 3562 in

155 3588 420 3653 tabulis.
449 3589 654 3671 patris
703 3592 768 3653 et
811 3590 933 3654 filii
980 3612 1175 3654 unam
1222 3588 1573 3654 Falcidiam
1621 3590 1881 3654 servari.
2194 3604 2199 3607 '
