2575 3900
318 168 447 231 212
488 168 581 224 IV.
608 168 1040 224 VESPASIANI
1067 168 1213 224 ΤΙΤΙ
1244 168 1632 224 DOMITIANI
1658 169 1874 226 TEMP.
1905 169 2097 225 IURIS
2127 169 2330 226 CONS.

322 333 391 395 in
444 334 839 396 testamento
887 332 1008 396 nub
1053 331 1345 416 qualibet
1389 332 1759 397 condicione
1802 332 2105 398 libertate
2152 354 2338 397 servo

319 420 476 483 data
537 418 629 483 ita
694 421 1055 504 scripsisset
1118 420 1294 485 ‘ante
1350 421 1787 486 condicionem
1843 421 1995 486 nolo
2053 444 2197 485 eum
2255 422 2336 486 ab

319 508 555 573 herede
610 508 884 573 liberum
939 509 1121 589 fieri',
1184 510 1348 573 nihil
1405 510 1615 575 valere
1673 510 1839 574 hanc
1895 509 2337 575 adiectionem.

497 597 558 661 4.
603 594 681 663 D.
702 598 805 673 40,
824 596 885 675 5,
907 597 1011 662 20.
1097 597 1492 680 Pomponius
1539 598 1704 663 libro
1753 597 2029 682 septimo
2077 598 2341 682 Epistu-

320 687 532 749 larum
588 686 685 770 (P.
718 682 889 772 190).
940 722 1021 732 —
1081 686 1271 771 Apud
1329 685 1647 750 Iulianum
1699 686 1794 751 ita
1850 686 2158 771 scriptum
2214 690 2341 752 est:

326 774 407 838 ‘si
458 774 643 838 heres
690 779 956 858 rogatus
1005 796 1259 840 servum
1309 776 1756 840 manumittere
1804 796 1881 839 ex
1925 774 2340 841 Trebelliano

324 866 587 927 senatus
643 863 935 927 consulto
985 862 1410 927 hereditatem
1456 864 1832 942 restituerit,
1888 863 2036 949 cogi
2084 863 2345 928 debebit

322 950 795 1036 manumittere,
839 955 923 1036 et,
967 952 1022 1015 si
1068 951 1357 1015 latitabit
1401 952 1500 1015 vel
1549 952 1605 1015 si
1649 952 1822 1015 iusta
1869 974 1947 1016 ex
1993 973 2186 1016 causa
2233 952 2341 1017 ab·

324 1040 465 1124 erit,
510 1042 769 1124 praetor
814 1061 1008 1105 causa
1053 1040 1311 1125 cognita
1358 1040 1705 1105 secundum
1744 1045 2005 1104 senatus
2044 1041 2344 1107 consulta

324 1129 403 1193 ad
447 1151 556 1193 eas
592 1150 815 1193 causas
853 1129 1246 1213 pertinentia
1282 1129 1702 1211 pronuntiare
1740 1128 2017 1193 debebit.
2093 1130 2145 1193 si
2191 1151 2340 1195 vero

324 1240 582 1282 servum
646 1217 1011 1301 usuceperit
1070 1217 1156 1300 is,
1218 1219 1321 1281 cui
1384 1216 1709 1281 hereditas
1772 1218 2075 1281 restituta
2130 1218 2346 1301 fuerit,

323 1308 536 1392 ipsum
596 1306 953 1388 [competit]
1007 1306 1459 1369 manumittere
1506 1310 1570 1370 et
1616 1306 1836 1370 eadem
1883 1307 1950 1370 in
1997 1328 2345 1389 personam

325 1396 461 1459 eius
502 1394 825 1458 observari
863 1394 1215 1478 conveniet,
1262 1415 1424 1477 quae
1462 1395 1634 1459 circa
1671 1398 1996 1477 emptores
2034 1396 2348 1460 custodiri

326 1481 579 1547 solent'.
662 1504 746 1546 an
790 1483 948 1547 haec
994 1505 1145 1547 vera
1180 1482 1412 1566 putes?
1612 1481 1834 1547 Aristo
1875 1487 1940 1546 et
1976 1482 2346 1547 Octavenus

326 1570 645 1655 putabant
714 1572 884 1635 hunc
957 1593 1240 1653 servum,
1315 1571 1392 1635 de
1465 1592 1593 1656 quo
1658 1573 2097 1655 quaereretur,
2167 1571 2348 1636 fidei-

328 1659 709 1723 commissae
754 1659 1133 1725 hereditatis
1180 1682 1310 1723 non
1354 1681 1514 1744 esse,
1557 1660 1709 1744 quia
1743 1662 2021 1724 testator
2055 1661 2346 1745 rogando

326 1748 646 1828 heredem,
691 1751 764 1810 ut
808 1769 952 1811 eum
1000 1749 1504 1830 manumitteret,
1553 1771 1683 1813 non
1730 1748 1989 1813 videtur
2025 1748 2101 1811 de
2140 1771 2213 1813 eo
2251 1772 2351 1814 re-

328 1836 655 1901 stituendo
685 1835 981 1901 sensisse.

987 1966 1080 2024 De
1123 1968 1696 2026 manumissionibus.

506 2066 565 2132 5.
610 2066 690 2130 D.
709 2067 815 2149 40,
839 2067 893 2147 1,
918 2067 1015 2132 13.
1088 2067 1484 2151 Pomponius
1524 2068 1692 2132 libro
1730 2069 1938 2151 primo
1978 2090 2055 2132 ex
2091 2069 2353 2135 Plautio

330 2154 429 2243 (P.
448 2152 627 2242 327).
663 2191 747 2201 —
788 2154 1017 2219 Servus
1062 2155 1292 2220 furiosi
1341 2157 1421 2220 ab
1466 2155 1757 2240 adgnato
1797 2161 2086 2222 curatore
2123 2179 2355 2222 manu-

331 2244 502 2310 mitti
559 2266 687 2308 non
744 2247 987 2328 potest,
1043 2245 1194 2328 quia
1247 2244 1316 2308 in
1373 2244 1926 2309 administratione
1972 2247 2356 2330 patrimonii

331 2332 751 2398 manumissio
797 2353 927 2397 non
973 2337 1088 2397 est.
1170 2333 1227 2397 si
1269 2337 1488 2398 autem
1526 2355 1603 2397 ex
1637 2333 2116 2398 fideicommissi
2153 2356 2356 2400 causa

330 2422 591 2487 deberet
669 2421 1033 2486 libertatem
1114 2421 1425 2506 furiosus,
1508 2421 1932 2488 dubitationis
2015 2423 2351 2489 tollendae

332 2532 523 2577 causa
587 2511 669 2574 ab
733 2510 1015 2595 adgnato
1076 2509 1602 2590 mancipandum1
1658 2531 1940 2594 servum,
2005 2516 2078 2576 ut
2133 2513 2213 2576 ab
2275 2533 2355 2577 eo

334 2601 436 2666 cui
482 2596 915 2681 mancipatus*
960 2601 1133 2662 esset
1178 2599 1695 2681 manumittatur,
1743 2597 2109 2664 Octavenus
2151 2602 2263 2665 ait.

510 2690 567 2754 6.
597 2687 963 2753 Fr.Dosith.
981 2688 1077 2754 12.
1114 2723 1189 2732 —
1219 2685 1602 2771 Peregrinus
1633 2690 2065 2753 manumissor
2094 2710 2356 2754 servum

330 2801 463 2843 non
516 2780 735 2862 potest
788 2777 867 2840 ad
912 2775 1333 2840 Latinitatem
1379 2776 1749 2860 perducere,
1807 2777 1957 2859 quia
2003 2778 2105 2841 lex
2148 2776 2355 2857 Iunia,

337 2888 499 2949 quae
568 2865 948 2929 Latinorum
1014 2884 1213 2948 genus
1276 2864 1665 2949 introduxit,
1727 2886 1858 2929 non
1922 2867 2208 2949 pertinet
2273 2866 2356 2930 ad

335 2953 704 3038 peregrinos
761 2952 1288 3034 manumissoreS,
1347 2953 1512 3016 sicut
1566 2957 1633 3018 et
1679 2951 2044 3018 Octavenus
2098 2955 2355 3038 probat.

970 3128 1067 3194 De
1110 3130 1308 3211 operis
1352 3130 1719 3195 libertorum.

518 3237 574 3300 7.
640 3233 715 3298 D.
743 3235 850 3318 40,
877 3236 937 3316 9,
966 3235 1068 3318 32,
1098 3236 1157 3300 2.
1245 3234 1425 3299 Idem
1484 3239 1597 3322 (ac.
1636 3236 1978 3301 Terentius
2027 3233 2352 3322 Clemens)

336 3326 506 3391 libro
563 3327 792 3389 octavo
848 3323 927 3387 ad
983 3325 1187 3409 legem
1247 3323 1479 3388 Iuliam
1536 3329 1604 3388 et
1649 3324 1914 3409 Papiam
1963 3325 2058 3410 (P.
2089 3323 2222 3411 21).
2272 3361 2347 3372 -

486 3470 513 3517 1
554 3463 705 3518 Trib.
742 3462 1091 3520 tradendum.

482 3540 515 3589 2
558 3535 708 3590 Trib.
745 3534 1001 3589 traditus.
