2575 3900
569 221 609 276 Ι.
650 220 997 276 VETERUM
1037 219 1495 276 SENTENTIAE
1531 220 1622 274 ΕΤ
1657 221 1868 277 LIBRI.
2098 222 2229 286 509

214 387 279 448 et
342 383 543 448 dividi
602 386 843 468 potest,
956 433 971 449 .
1010 433 1025 448 .
1071 388 1318 448 veteres
1367 433 1380 448 .
1420 436 1433 449 .
1490 384 1958 449 aestimandum
2015 388 2230 449 totum

213 495 412 627 pizurltlll
438 472 716 646 {feugegpgn
752 473 1070 556 putabant
1108 476 1174 537 et
1209 473 1304 537 ita
1340 472 1874 556 constituendum,
1913 476 2228 590 quantum

393 665 465 724 cf.
513 665 651 723 Vat.
698 664 767 723 fr.
819 666 920 724 68.

396 767 495 831 13.
540 764 619 830 D.
669 767 725 848 7,
764 766 823 848 8,
866 766 965 846 10,
1001 766 1059 830 3.
1108 764 1425 848 Ulpianus
1463 767 1630 830 libro
1671 766 1944 850 septimo
1985 765 2234 831 decimo

216 856 295 919 ad
352 853 683 919 Sabinum.
750 890 825 899 —
896 852 1130 918 Utrum
1184 903 1199 918 .
1239 907 1252 918 .
1309 855 1497 919 unius
1565 855 1718 918 anni
1772 856 1859 920 sit
1912 855 2233 921 habitatio

214 965 296 1007 an
342 964 545 1027 usque
594 942 671 1006 ad
718 943 941 1026 vitam,
986 942 1155 1027 apud
1203 945 1452 1007 veteres
1501 945 1864 1027 quaesitum
1910 947 2026 1008 est.

396 1033 497 1097 14.
537 1031 613 1096 D.
653 1031 757 1110 32,
796 1032 897 1113 70,
939 1031 1020 1094 12
1056 1027 1374 1116 Ulpianus
1405 1031 1568 1097 libro
1608 1033 1910 1098 vicesimo
1958 1031 2233 1098 secundo

217 1121 298 1185 ad
327 1119 655 1185 Sabinum.
690 1158 765 1167 —-
798 1169 815 1184 .
844 1170 857 1184 .
888 1121 1227 1185 constabat
1257 1121 1427 1204 apud
1454 1124 1700 1188 veteres
1729 1121 1917 1186 lanae
1947 1122 2230 1207 appella-

215 1211 389 1276 tione
436 1209 848 1273 versicoloria
891 1231 1023 1273 non
1068 1211 1407 1276 contineri.

400 1297 497 1362 15.
552 1295 630 1360 D.
679 1297 782 1381 35,
835 1300 888 1381 1,
932 1298 1036 1363 38.
1084 1297 1263 1361 Idem
1311 1295 1424 1385 (sc.
1470 1297 1742 1386 Paulus)
1799 1299 1965 1364 libro
2015 1298 2235 1383 singu-

216 1388 337 1451 lari
394 1387 470 1450 de
526 1387 661 1450 iure
711 1386 1171 1452 codicillorum.
1219 1423 1304 1433 —
1353 1436 1368 1450 .
1397 1438 1410 1452 .
1443 1438 1456 1451 .
1507 1388 1673 1471 apud
1721 1391 1968 1453 veteres
2015 1388 2235 1472 legata

217 1477 377 1540 talia
446 1475 652 1539 fuere:
732 1475 1070 1561 ‘quantum
1126 1476 1185 1540 ei
1256 1497 1373 1558 per
1451 1477 1794 1560 epistulam
1869 1475 2236 1560 scripsero’3

218 1564 553 1649 ‘quantum
603 1585 679 1626 ex
726 1563 838 1627 illa
885 1563 1136 1629 actione
1184 1563 1539 1648 detraxero,
1584 1564 1771 1628 heres
1820 1564 2012 1630 dato'.

906 1730 1007 1796 De
1050 1731 1545 1814 fideicommissis.

402 1847 501 1912 16.
549 1846 625 1911 D.
674 1845 777 1929 35,
823 1847 883 1931 2,
930 1847 1030 1911 31.
1078 1846 1471 1930 Pomponius
1501 1847 1670 1912 libro
1719 1846 1994 1912 secundo
2032 1846 2238 1912 Fidei-

222 1937 729 2004 commissorum.
768 1972 851 1983 —
890 1987 905 2001 .
935 1985 950 2000 .
980 1985 994 2001 .
1032 1936 1380 2001 secundum
1410 1986 1423 2001 .
1445 1988 1458 2001 .
1481 1988 1494 2002 .
1525 1941 1811 2001 veterum
1851 1936 2238 2020 opinionem,

222 2029 279 2092 si
325 2048 363 2090 a
408 2026 654 2110 pupillo
703 2026 1197 2090 fideicommissa
1242 2027 1600 2110 capiuntur,
1647 2030 1912 2109 propter
1959 2047 2035 2089 ea
2071 2048 2236 2109 quae

223 2140 260 2181 a
334 2115 686 2180 substituto
771 2119 957 2179 erunt
1038 2114 1291 2196 relicta,
1374 2136 1597 2179 cavere
1672 2114 1931 2179 debebit
2000 2114 2056 2178 is
2133 2114 2236 2179 cui

223 2205 530 2269 solvatur.

926 2290 1025 2356 De
1068 2293 1565 2358 manumissione.

405 2408 503 2471 17.
550 2406 804 2492 Fragm.
859 2405 1062 2470 Paris,
1118 2404 1184 2471 Z.
1232 2407 1289 2472 d.
1336 2403 1598 2471 Sav.-St.
1656 2405 1900 2488 XVIII,
1959 2404 2103 2471 176.
2150 2440 2241 2452 —

226 2494 415 2578 Apud
469 2498 714 2559 veteres
753 2542 767 2558 .
797 2544 811 2557 .
841 2544 855 2557 .
893 2498 1241 2577 antequam
1284 2493 1667 2580 <in>census
1716 2493 2098 2580 do<min>us
2143 2494 2237 2559 iu-

228 2582 611 2665 dicare<tur,
658 2582 1033 2666 liberta>tes
1080 2583 1374 2648 obtinere
1418 2584 1728 2649 constitit.

867 2749 968 2815 De
998 2752 1219 2833 patria
1253 2756 1590 2833 postestate.

407 2865 507 2930 18.
581 2864 649 2931 O.
703 2866 771 2950 5,
816 2868 885 2951 4,
932 2866 1018 2932 25
1038 2888 1131 2950 pr.
1179 2869 1235 2947 ξ.
1284 2866 1343 2931 1.
1406 2865 1598 2931 Idem'
1640 2864 1756 2954 (sc.
1804 2864 2234 2950 Iustinianus)

224 2955 303 3020 A.
352 2954 601 3020 Iuliano
648 2978 751 3040 pp.
802 2952 885 3042 (a.
932 2953 1115 3041 530).
1168 2991 1242 3001 -
1295 2954 1362 3020 Si
1407 2955 1634 3020 furiosi
1694 2956 1984 3039 parentis
2029 2955 2236 3038 liberi,

226 3046 293 3108 in
360 3045 540 3109 cuius
590 3048 912 3128 potestate
978 3044 1315 3109 constituti
1388 3048 1564 3129 sunt,
1629 3045 1890 3128 nuptias
1964 3050 2240 3128 possunt

227 3133 625 3212 contrahere,
672 3133 839 3217 apud
886 3138 1133 3197 veteres
1181 3134 1569 3219 agitabatur.
1636 3138 1701 3198 et
1735 3134 1937 3197 filiam
1965 3134 2237 3217 ¹quidem

226 3221 458 3287 furiosi
510 3222 744 3287 marito
791 3244 981 3307 posse
1029 3222 1315 3306 copulari
1364 3244 1584 3287 omnes
1630 3244 1846 3305 paene.
1872 3222 2030 3287 iuris
2070 3223 2237 3286 anti-

228 3312 339 3396 qui
386 3310 740 3376 conditores
788 3310 1209 3376 admiserunt:
1276 3311 1562 3376 sufficere
1610 3312 1782 3375 enim
1827 3314 2237 3394 putaverunt,

230 3402 285 3464 si
331 3404 515 3483 pater
557 3421 688 3465 non
736 3399 1149 3465 contradicat.

411 3488 513 3552 19.
602 3487 764 3553 Gell.
828 3488 889 3571 5,
948 3487 1050 3572 19,
1108 3490 1206 3553 13.
1268 3490 1367 3554 14.
1437 3524 1510 3536 -
1749 3488 1804 3552 si
1885 3488 2044 3553 iuris
2109 3488 2239 3551 ista

230 3575 585 3658 antiquitas
631 3581 936 3661 servetur,
992 3578 1185 3641 etiam
1233 3599 1455 3642 servus
1504 3599 1542 3641 a
1589 3577 1847 3643 domino
1896 3598 2012 3661 per
2057 3596 2238 3658 prae·
