2575 3900
1039 175 1087 227 7.
1122 170 1496 227 PROCULUS
2145 173 2270 238 119

1081 391 1300 453 Liber
1343 393 1455 454 III.

429 480 600 540 Nihil
646 483 939 558 superest.

1082 641 1298 702 Liber
1341 641 1449 705 IV.

714 777 812 842 De
843 778 1204 861 provinciae
1238 779 1550 862 praesidis
1595 777 1814 860 officie.

434 901 533 965 11.
597 899 675 964 D.
708 899 769 985 1,
797 900 899 978 18,
930 901 1032 966 12.
1131 900 1442 967 Proculus
1499 901 1668 966 libro
1726 902 1956 986 quarto
2010 899 2272 987 Epistu-

260 990 493 1054 larum.
544 1025 619 1034 —
673 987 796 1054 Sed
838 989 974 1055 lieet
1015 990 1097 1073 is,
1152 991 1261 1072 qni
1293 991 1652 1072 provinciae
1687 993 1952 1073 praeest,
1996 991 2273 1056 omnium

256 1076 499 1142 Romae
559 1078 1033 1160 mayistratnum
1086 1079 1209 1144 vice
1260 1083 1319 1143 et
1367 1079 1570 1162 officio
1619 1079 1804 1161 fnnyi
1854 1078 2085 1162 debeat,
2147 1099 2274 1144 non

250 1169 381 1230 tam
435 1163 522 1230 ei1
579 1167 973 1248 speetamdum
1025 1171 1115 1232 est
1165 1168 1320 1249 quid
1359 1167 1595 1233 Romae
1634 1167 1873 1248 factum
1918 1171 2028 1250 est,
2082 1188 2272 1250 quam

248 1255 404 1337 quid
440 1255 583 1337 fieri
624 1253 845 1320 debeat.
1413 1321 1416 1324 ,

1100 1419 1316 1478 Liber
1359 1419 1432 1480 V.

1075 1555 1175 1622 De
1218 1557 1451 1640 leqatis.

432 1679 531 1744 12.
575 1679 654 1745 D.
675 1680 777 1763 32,
798 1681 900 1745 86.
980 1680 1293 1746 Proculus
1328 1681 1496 1746 libro
1536 1682 1763 1766 quinto
1800 1680 2264 1765 Epistularum.

248 1804 338 1814 --
376 1765 444 1832 Si
491 1768 585 1832 ita
629 1767 917 1852 legatum
960 1773 1059 1833 est
1096 1767 1383 1835 domum
1421 1791 1710 1854 quaeque
1747 1792 1890 1835 mea
1925 1770 2017 1835 ibi
2054 1773 2269 1855 erunt,

253 1879 398 1922 cum
444 1855 725 1935 moriar'‚
769 1879 1067 1922 nummos
1116 1857 1193 1922 ad
1240 1856 1410 1924 diem
1457 1862 1714 1924 exactos
1761 1881 1798 1923 a
1844 1859 2266 1942 debitoribus,

251 1948 328 2011 ut
372 1944 517 2011 aliis
561 1906 929 2011 nominibus
977 1945 1465 2031 collocarentur,
1519 1967 1646 2012 non
1681 1953 1832 2031 puto
1880 1948 2099 2030 legatos
2142 1969 2272 2015 esse

246 2039 309 2099 et
357 2034 660 2100 Labeonis
712 2035 1155 2100 distinctionem
1207 2035 1384 2101 valde
1423 2035 1643 2121 probo,
1706 2037 1814 2119 qni
1867 2037 2113 2120 scripsit
2161 2058 2272 2103 nee

247 2124 416 2207 quod
454 2143 601 2188 casn
645 2123 883 2208 abesset,
928 2125 1139 2189 minus
1182 2143 1307 2190 esse
1352 2125 1616 2207 Zeyatum
1658 2145 1766 2190 nec
1803 2127 1966 2209 quod
1998 2146 2148 2191 casn
2183 2126 2274 2191 ibi

250 2213 361 2296 sit,
407 2212 606 2294 mayis
650 2232 771 2277 6336
814 2212 1094 2295 legatam.

431 2299 535 2365 13.
570 2298 650 2364 D.
662 2300 765 2384 34,
776 2301 834 2384 2,
850 2302 949 2365 11.
1013 2300 1324 2366 Proculus
1351 2300 1518 2367 libro
1548 2302 1772 2386 quinto
1801 2299 2266 2385 Epistularum.

252 2425 339 2436 —
387 2385 457 2452 Si
511 2388 655 2473 quis
705 2389 1018 2473 legaverit
1062 2411 1287 2454 aurum
1335 2409 1621 2473 gemmas
1666 2390 2054 2475 margaritas
2101 2412 2265 2475 quae

247 2476 323 2541 in
370 2498 445 2541 eo
496 2498 650 2541 auro
698 2481 939 2560 essent,
984 2479 1169 2542 etiam
1211 2478 1283 2542 id
1324 2499 1577 2562 aurum,
1623 2478 1726 2543 cni
1765 2498 1954 2561 neque
1992 2499 2268 2561 yemmae

250 2565 1768 2739 nequelZaffglzzess‚inegsszztululgffllzisgrqovffibnhto
1807 2652 2270 2737 Epistularum.

259 2779 336 2789 —
389 2739 459 2806 Si
507 2742 874 2826 scripsisset
920 2747 1031 2827 qui
1073 2742 1363 2827 legabat:
1414 2741 1749 2827 ‘quidquid
1794 2741 1954 2806 mihi
2002 2741 2270 2808 Lucium

252 2830 495 2896 Titium
532 2829 683 2895 dare
711 2830 921 2896 facere
950 2834 1223 2914 oportet,
1261 2830 1639 2915 Sempronio
1670 2829 1844 2917 lego'
1880 2851 1997 2895 nec
2037 2830 2271 2897 adiecit

176 2924 183 2931 '
250 2918 582 3003 ‘praesens
596 2920 666 2983 in
685 2918 974 3003 diemve',
1002 2940 1126 2985 non
1145 2920 1505 3000 dubitarem,
1522 2924 1822 3004 qnantum
1847 2921 1934 2986 ad
1956 2920 2271 2985 verborum

247 3008 760 3091 siqnifieationem
821 3009 1126 3092 attineret,
1188 3010 1342 3091 quin
1404 3030 1477 3074 ea
1524 3011 1794 3093 pecnnia
1846 3009 2272 3093 comprehensa

246 3117 379 3161 non
414 3102 577 3180 esset,
613 3097 791 3161 euius
825 3097 952 3162 dies
985 3098 1277 3162 moriente
1311 3119 1394 3183 eo,
1429 3100 1538 3180 qni
1572 3102 1990 3164 testamentum
2017 3099 2270 3180 fecisset,

250 3186 526 3249 nondum
580 3186 851 3251 venisset.
939 3187 1252 3251 adiciendo
1303 3192 1504 3252 antem
1547 3186 1692 3252 haec
1735 3187 1915 3252 verba
1960 3186 2270 3269 ‘praesens

249 3274 321 3338 in
383 3271 632 3339 diemve'
686 3278 902 3356 ‘aperte
962 3275 1119 3339 mihi
1178 3276 1419 3340 videtur
1474 3277 1799 3341 ostendisse
1851 3296 1988 3341 eam
2040 3296 2270 3359 quoqne

240 3362 577 3445 pectiniam
621 3362 821 3445 leyare
862 3363 1137 3428 voluisse.

401 3545 428 3589 1
468 3535 561 3591 Fl.
598 3538 802 3592 tamen.
