2575 3900
365 221 502 286 482
574 221 640 278 V.
679 220 977 276 NERVAE
1013 220 1109 275 ΕΤ
1145 220 1452 276 TRAIANI
1488 221 1703 277 ΤΕΜΡ.
1740 220 1931 276 IURIS
1970 220 2369 277 CONSULTI

545 389 730 448 Lenel
763 390 827 448 P.
857 391 936 450 ad
968 391 1091 449 Iav.
1125 391 1250 449 114
1289 394 1352 449 et
1388 390 1449 448 Z.
1478 390 1533 449 d.
1564 389 1811 449 Sav.-St.
1840 388 1992 448 VIII
2018 410 2077 465 p.
2114 392 2277 450 198.
2334 422 2449 430 —

363 478 698 538 Mommsen
725 475 765 552 ἓ
789 482 824 537 2
855 479 944 538 ita
977 479 1289 556 legendam
1327 479 1654 540 existimat:
1693 473 1855 538 ‘nam
1890 478 2445 554 quemadmodum

365 586 470 626 eas
499 566 657 626 solas
685 572 748 626 et
775 571 1082 643 separatas
1112 568 1187 628 ab
1207 567 1476 627 aedificio
1494 587 1614 627 non
1631 567 1952 644 possedisti
1969 567 2088 625 nisi
2106 567 2443 642 depositis

367 655 638 732 aedibus,
677 674 829 733 quae
866 656 979 716 hoc
1015 675 1248 733 quoque
1282 657 1479 732 ipsum
1508 657 1831 729 continent,
1868 657 1954 715 sic
1980 673 2089 714 nec
2116 673 2322 731 penes
2360 659 2437 715 te

369 745 647 822 singulae
693 749 799 804 aut
845 748 1157 820 separatae
1201 746 1452 804 fuerunt
1498 745 1953 804 cohaerentibus
1990 744 2083 803 his
2130 745 2199 802 in
2242 745 2431 802 aedi-

365 828 544 896 ficio.’
645 833 843 893 Eisele
897 835 1103 894 Jahrb.
1159 834 1199 892 f.
1255 833 1470 912 Dogm.
1518 833 1715 892 XXIV
1761 855 1819 910 p.
1869 834 1995 893 515
2042 853 2101 890 n.
2152 836 2189 892 9
2258 852 2429 892 voce

367 915 477 982 ‘et'
533 926 672 982 ante
727 917 1247 983 ‘cohaerentibus'
1306 926 1369 982 et
1422 925 1714 982 commate
1772 916 2084 997 ‘depositis
2140 921 2429 980 aedibus

365 1030 519 1088 quae
581 1013 693 1070 hoc
760 1031 994 1089 quoque
1048 1013 1248 1088 ipsum
1302 1005 1633 1071 continent'
1686 1011 1933 1070 abiectis
1987 1010 2160 1087 legit:
2236 1004 2423 1069 ‘nam

363 1100 868 1176 quemadmodum
931 1118 1031 1160 eas
1095 1101 1253 1160 solas
1320 1103 1381 1160 et
1446 1103 1753 1177 separatas
1808 1099 1885 1159 ab
1940 1097 2214 1158 aedificio
2280 1117 2421 1158 non

365 1188 706 1265 possedisti,
748 1189 834 1247 sic
867 1207 977 1248 nec
1012 1208 1195 1265 penes
1232 1192 1294 1248 te
1333 1188 1608 1264 singulae
1646 1191 1752 1247 aut
1790 1190 2102 1264 separatae
2140 1188 2421 1246 fuerunt

367 1277 823 1337 cohaerentibus
869 1278 962 1336 his
1007 1279 1071 1336 in
1115 1272 1429 1337 aedificio?

1360 1451 1395 1514 ⁴?

547 1564 652 1632 52.
710 1563 787 1629 D.
830 1565 944 1649 50,
984 1566 1093 1648 16,
1133 1566 1278 1629 117.
1378 1563 1557 1629 Idem
1624 1562 1735 1650 (so.
1795 1559 2165 1649 Iavolenus)
2220 1563 2407 1629 libro

365 1676 542 1719 nono
581 1654 1046 1738 Epistularum.
1091 1690 1165 1700 —
1209 1654 1359 1719 Non
1395 1657 1592 1737 potest
1622 1655 1818 1719 videri
1854 1652 2083 1718 ‘minus
2118 1652 2407 1719 solvisse'

366 1745 451 1826 is,
496 1745 568 1808 in
610 1763 787 1826 quem
831 1743 1155 1825 amplioris
1199 1763 1476 1808 summae
1518 1743 1678 1807 aetio
1722 1761 1849 1806 non
1891 1743 2184 1824 competit.

1208 1999 1426 2059 Liber
1471 1998 1541 2058 X.

1108 2108 1208 2173 De
1253 2115 1537 2175 testamen
1544 2110 1638 2174 tis.

546 2224 650 2291 53.
713 2222 790 2288 D.
831 2223 945 2308 50,
986 2224 1096 2308 17,
1136 2225 1283 2289 201.
1385 2222 1560 2288 Idem
1616 2219 1732 2310 (sc.
1786 2219 2157 2306 Iavolenus)
2219 2221 2393 2287 libro

365 2314 613 2379 decimo
676 2312 1135 2397 Epistularum.
1199 2350 1289 2360 -—-
1355 2312 1609 2396 Omnia,
1675 2332 1831 2394 qnae
1901 2332 1975 2375 eoe
2038 2316 2389 2377 testamento

358 2404 860 2486 proficiscuntur,
924 2404 1016 2467 ita
1077 2408 1309 2468 statum
1372 2407 1613 2467 eventus
1676 2401 1954 2483 capiunt,
2017 2401 2075 2465 si
2133 2401 2385 2466 initium

368 2512 602 2575 quoque
644 2493 776 2557 sine
819 2492 967 2557 vitio
1011 2492 1286 2575 ceperint.

1089 2669 1188 2734 De
1233 2669 1367 2734 iure
1408 2669 1659 2733 dotium.

545 2786 647 2852 54.
712 2784 789 2851 D.
845 2784 960 2866 45,
1010 2786 1080 2868 1,
1127 2785 1273 2849 108.
1381 2783 1559 2849 Idem
1627 2780 1739 2869 (sc.
1784 2777 2152 2869 Iavolenus)
2216 2780 2379 2848 libro

365 2874 609 2938 decimo
657 2874 1118 2958 Epistularum.

548 2974 593 3021 1.
649 2964 715 3025 A
763 2962 927 3027 Titio
971 2963 1065 3026 ita
1116 2963 1447 3044 stipulatus
1498 2982 1670 3028 sum:
1732 2960 1813 3026 ‘si
1856 2980 1981 3043 qua
2027 2958 2185 3023 mihi
2224 2980 2374 3041 nup-

361 3051 539 3129 serit,
599 3052 794 3115 decem
846 3052 1005 3116 dotis
1058 3052 1189 3115 eius
1239 3053 1487 3116 nomine
1531 3051 1679 3115 dare
1722 3050 1976 3131 spondes
1985 3046 2046 3111 θ’
2136 3066 2372 3130 quaere-

365 3140 574 3222 batur,
618 3160 704 3203 an
748 3141 1039 3205 consistat
1082 3140 1226 3205 talis
1269 3141 1603 3221 stipulatio.

543 3227 915 3309 Respondit:
977 3229 1037 3293 si
1079 3229 1407 3310 stipulanti
1451 3229 1607 3292 mihi
1650 3230 1759 3293 dos
1794 3229 1885 3292 ita
1908 3227 2223 3309 promissa
2258 3231 2371 3291 est:

363 3315 828 3398 ‘quamcumque
878 3336 1128 3381 uxorem
1181 3319 1434 3395 duxero,
1490 3318 1650 3382 dotis
1702 3317 1833 3381 eins
1884 3316 2130 3379 nomine
2186 3315 2364 3379 decem

363 3407 515 3470 dare
574 3403 918 3487 spondes2’,
978 3404 1139 3469 nihil
1200 3407 1272 3469 in
1332 3424 1525 3469 eausa
1581 3410 1694 3487 est,
1756 3424 1945 3486 quare
1996 3424 2069 3469 ea
2109 3404 2363 3485 pecunia

361 3492 710 3558 condicione
781 3493 1016 3572 expleta
1087 3512 1212 3556 non
1283 3492 1598 3567 debeatur;
1679 3513 1829 3556 nam
1902 3512 2041 3556 cum
2112 3492 2365 3556 condicio

359 3582 551 3645 etiam
622 3598 696 3644 ex
765 3580 1028 3643 incertae
1091 3599 1392 3661 personae
1459 3578 1623 3657 facto
1676 3600 1898 3661 parere
1960 3580 2361 3661 obli-qationm
