2575 3900
532 202 601 258 Π.
637 201 1119 258 INGERTORUM
1158 201 1624 258 SENTENTIAE
1660 202 1754 256 ΕΤ
1790 202 2000 256 LIBRI.
2146 202 2273 267 521

251 365 684 451 possessionis
751 365 1110 452 significat,
1170 364 1340 431 sieut
1401 366 1470 430 in
1537 387 1611 431 eo
1669 366 1780 450 qui
1835 365 2277 450 possessiones

254 477 404 519 suas
451 455 754 539 legasset,
798 476 1177 538 responsum
1225 459 1340 520 est.

999 620 1093 679 De
1136 619 1277 679 villa
1325 621 1529 693 leyata.

436 730 535 796 11.
583 729 661 795 D.
698 730 807 816 28,
850 730 909 814 5,
947 730 1049 815 35,
1089 731 1150 795 3.
1195 729 1516 813 Ulpianus
1554 728 1720 794 libro
1768 734 1998 815 quarto
2046 728 2278 812 Dispu-

252 819 593 883 tationum.
645 856 721 866 —
787 870 844 883 ..
873 869 889 883 .
954 820 1011 883 si
1078 840 1303 884 servus
1367 819 1563 883 fuerit
1623 819 1862 883 missus
1917 818 1983 881 in
2054 817 2280 882 villam

256 907 514 972 interim
570 907 703 972 illie
755 907 1012 972 futurus
1068 908 1218 993 quia
1272 907 1605 972 dominum
1663 907 2033 987 offenderat,
2095 907 2280 991 quasi

255 995 338 1060 ad
402 999 655 1081 tempus
721 997 1047 1080 relegatus
1058 1047 1077 1080 ,
1138 1018 1519 1080 responsum
1585 999 1685 1061 est
1747 1018 1893 1060 eum
1951 995 2031 1059 ad
2085 995 2278 1060 villae

253 1086 541 1171 legatum
586 1107 717 1150 non
764 1086 1097 1169 pertinere.

980 1250 1076 1309 De
1119 1251 1282 1309 domo
1331 1251 1534 1323 leyata.

438 1361 537 1425 12.
596 1359 672 1425 D.
722 1362 835 1442 33,
893 1362 951 1442 7,
1012 1360 1109 1440 15,
1173 1362 1227 1425 1.
1281 1359 1680 1444 Pomponius
1735 1358 1904 1424 libro
1969 1362 2146 1423 sexto
2197 1358 2279 1422 ad

256 1445 586 1513 Sabinum.
643 1483 724 1495 —
775 1447 984 1513 Domo
1032 1449 1350 1513 instructa
1403 1447 1706 1532 (legata)
1751 1469 2134 1531 responsum
2181 1450 2281 1512 est

258 1535 775 1621 suppellectilem
819 1539 1122 1621 legatam,
1176 1558 1309 1601 non
1355 1539 1549 1601 etiam
1609 1537 1778 1619 vina,
1842 1537 1995 1621 quia
2052 1536 2280 1600 domus

257 1626 427 1690 vinis
477 1630 794 1690 instructa
839 1625 1136 1710 intellegi
1180 1647 1311 1689 non
1356 1629 1590 1709 potest.

912 1791 1007 1849 De
1048 1793 1358 1864 mwncipiis
1405 1791 1621 1865 legatis,
1699 1763 1705 1770 ἣ

440 1900 567 1967 13‘?
614 1899 691 1967 D.
715 1901 818 1987 32,
842 1901 1022 1985 81,1.
1073 1900 1478 1967 Modestinus
1507 1900 1675 1966 libro
1713 1922 1885 1966 nono
1917 1898 2282 1966 Differenti-

258 2012 461 2056 arum.
530 2027 605 2037 -—
668 2042 725 2055 ..
756 2041 769 2054 .
827 1991 987 2055 viris
1052 1991 1285 2077 legatis
1353 1992 1547 2055 etiam
1610 2012 1843 2074 pueros
1910 1989 2127 2055 deberi
2187 2013 2280 2054 re·

259 2080 630 2164 spondetur.
2081 2100 2088 2106 ·

1012 2174 1107 2232 De
1150 2177 1285 2233 vino
1332 2175 1531 2248 leyaw.

445 2285 544 2347 14.
617 2283 696 2349 D.
772 2284 885 2367 32,
960 2284 1063 2348 85.
1135 2281 1531 2368 Pomponius
1606 2283 1773 2347 libro
1849 2282 2125 2347 seeundo
2202 2282 2282 2345 ad

156 2390 163 2399 ·
261 2370 573 2447 Quintum
613 2370 917 2436 Mucium.
955 2407 1026 2417 —
1072 2422 1086 2435 .
1116 2420 1131 2435 .
1169 2393 1553 2455 responsum
1585 2374 1685 2434 est
1713 2370 1907 2434 etiam
1938 2370 2108 2455 quod
2138 2392 2282 2435 coa·

259 2460 464 2524 cuerit
508 2460 734 2524 vinum
779 2460 999 2543 legato
1040 2459 1278 2543 cedere,
1328 2461 1383 2523 si
1421 2460 1487 2524 id
1525 2458 1662 2522 vini
1698 2480 1965 2522 numero
2002 2463 2282 2523 testator

259 2548 611 2612 habuisset.

996 2640 1089 2700 De
1134 2641 1296 2701 lance
1341 2643 1544 2715 leyata.

444 2749 543 2815 15.
591 2749 668 2817 D.
703 2752 807 2834 34,
845 2751 905 2835 2,
943 2752 1044 2816 31.
1084 2749 1300 2815 Labeo
1341 2752 1508 2816 libro
1548 2751 1823 2817 seeundo
1851 2751 2282 2837 posteriorum

261 2862 300 2904 a
355 2837 659 2904 Iavoleno
722 2841 1241 2924 epitomatorum.
1303 2878 1378 2887 —
1441 2839 1566 2916 Qui
1628 2842 1878 2906 lancem
1932 2841 2282 2906 maximam

260 2928 577 2993 minorem
624 2928 959 2994 minimam
1004 2929 1437 3013 relinquebat,
1487 2930 1584 2994 ita
1629 2930 1986 3016 legaverat:
2033 2929 2280 2995 lancem

262 3018 576 3082 minorem
615 3017 713 3082 illi
752 3018 917 3103 lego.
974 3017 1221 3082 mediae
1258 3018 1725 3103 magnitudinis
1762 3018 1960 3083 videri
1994 3019 2280 3103 legatam

263 3106 515 3171 lancem
552 3127 933 3191 responsum
972 3112 1089 3190 est,
1134 3108 1191 3171 si
1226 3128 1360 3172 non
1399 3110 1757 3193 appareret,
1804 3129 1996 3193 quam
2033 3108 2282 3175 lancem

262 3217 340 3259 ex
383 3195 486 3260 his
531 3199 719 3279 pater
763 3196 1047 3260 familias
1096 3196 1538 3261 demonstrare
1584 3197 1912 3264 voluisset.

1077 3361 1170 3420 De
1214 3362 1464 3422 caducia

445 3471 546 3535 16.
609 3468 687 3534 D.
736 3472 840 3555 31,
886 3472 987 3537 59.
1054 3469 1395 3535 Terentius
1470 3468 1764 3536 Clemens
1823 3470 1991 3536 libro
2056 3471 2280 3556 quinto

264 3556 512 3623 decimo
560 3559 643 3623 ad
685 3559 898 3645 legem
944 3559 1177 3624 Iuliam
1225 3563 1291 3625 et
1336 3559 1624 3643 Papiam.
1666 3596 1742 3606 —
1796 3558 1864 3624 Si
1910 3559 2070 3624 mihi
2105 3580 2280 3643 pure,
