2575 3900
838 211 888 260 6.
931 202 1349 260 IAVOLENUS
1388 204 1685 261 PRISCUS
2136 204 2265 269 427

241 366 518 449 fundum
559 367 762 433 emisti
803 387 876 432 ea
921 367 1056 450 lege,
1101 367 1198 431 uti
1241 368 1345 431 des
1378 369 1707 449 pecuniam
1745 368 2024 433 kalendis
2060 368 2267 454 Iuliis,

241 461 302 521 et
359 456 418 521 si
479 456 634 538 ipsis
695 456 966 521 calendis
1018 476 1134 538 per
1193 458 1561 521 venditorem
1623 462 1772 523 esset
1823 456 2086 541 factum,
2149 478 2267 539 quo

241 545 454 609 minus
471 546 738 626 pecunia
765 546 823 610 ei
847 546 1190 628 solveretur,
1226 546 1441 610 deinde
1463 566 1581 629 per
1608 550 1661 610 te
1694 551 1885 611 staret
1908 567 2028 628 quo
2056 546 2267 613 minus

236 633 521 716 solveres,
577 634 673 698 uti
712 653 894 717 posse
937 635 1228 698 adversus
1273 638 1329 699 te
1373 634 1496 717 leae
1538 655 1657 700 sua
1700 636 2066 700 venditorem
2111 635 2264 719 dixi,

237 723 394 804 quia
438 723 508 787 in
553 724 858 787 vendendo
901 722 1010 787 hoe
1053 727 1355 806 ayeretur,
1410 729 1503 806 ut,
1552 725 1911 806 quandoque
1948 744 2065 806 per
2106 744 2267 807 emp-

238 816 431 876 torem
467 794 737 893 ‘factum
807 813 914 893 sit,
986 832 1104 893 quo
1167 813 1379 876 minus
1428 814 1763 894 pecuniam
1824 813 2045 894 solvat,
2120 813 2267 895 leyis

225 919 500 983 poenam
539 902 845 983 patiatur.
934 899 1044 965 hoe
1099 899 1266 983 [ita]
1320 922 1530 965 verum
1571 900 1784 985 putoffi
1841 902 1973 966 nisi
2014 902 2073 967 si
2115 902 2269 984 quid

240 989 313 1053 in
357 1009 430 1053 ea
475 1009 542 1053 re
585 990 860 1054 venditor
903 989 1038 1054 dolo
1080 988 1278 1073 feeitJ.

424 1062 567 1142 104.
652 1077 729 1143 D.
780 1078 880 1159 18,
931 1079 986 1159 1,
1029 1077 1132 1142 79.
1248 1075 1592 1143 Iavolenus
1659 1078 1827 1143 libro
1893 1078 2118 1162 quinto
2184 1100 2263 1143 ex

237 1166 710 1250 posterioribus
756 1164 1094 1231 Labeonis.
1145 1203 1221 1213 —
1271 1167 1492 1232 Fundi
1522 1172 1773 1249 partem
1815 1167 2145 1232 dimidiam
2190 1188 2263 1234 ea

234 1255 363 1338 leye
397 1256 737 1341 vendidisti,
770 1260 842 1319 ut
873 1260 1106 1337 emptor
1140 1256 1403 1320 alteram
1433 1262 1693 1338 partem,
1729 1277 1918 1339 quam
1945 1256 2261 1340 retinebas,

233 1344 430 1409 annis
472 1346 669 1409 decem
713 1349 876 1409 certa
907 1345 1178 1427 pecunia
1220 1346 1293 1409 in
1338 1364 1537 1409 annos
1579 1345 1855 1427 sinyulos
1904 1346 2261 1411 conductam

233 1432 472 1497 habeat.
554 1433 756 1498 Labeo
801 1437 859 1497 et
904 1432 1224 1498 Trebatius
1265 1439 1493 1517 neqant
1521 1454 1703 1516 posse
1746 1454 1821 1498 ex
1862 1434 2101 1499 vendito
2137 1435 2261 1517 aqi,

235 1526 309 1586 ut
367 1522 439 1586 id
493 1523 656 1605 quod
703 1522 1042 1586 convenerit
1089 1523 1222 1605 fiat.
1322 1543 1425 1605 eqo
1481 1527 1694 1586 eontra
1738 1526 1920 1607 puto,
1974 1523 2033 1587 si
2085 1524 2261 1589 modo

235 1611 370 1675 ideo
433 1611 621 1675 vilius
678 1609 949 1691 fundum
1009 1610 1363 1692 vendidisti,
1436 1615 1509 1675 ut
1565 1610 1713 1675 haee
1774 1611 1886 1676 tibi
1947 1613 2260 1678 conductio

227 1704 684 1781 praestem-etum
718 1718 901 1762 ·nam
960 1698 1070 1763 hoe
1129 1700 1337 1781 ipsum
1380 1699 1651 1781 pretium
1701 1698 1891 1781 fundi
1945 1701 2262 1781 videretur,

233 1789 402 1870 quod
441 1808 507 1852 eo
545 1793 724 1870 paeto
770 1788 1048 1852 venditus
1089 1788 1326 1870 fuerat,
1372 1809 1554 1871 eoque
1596 1789 1731 1853 iure
1774 1790 2029 1854 utimur.

419 1877 565 1941 105.
622 1876 702 1942 D.
736 1877 836 1961 18,
880 1877 934 1959 1,
974 1877 1060 1942 80
1087 1899 1179 1962 pr.
1262 1876 1481 1942 Labeo
1522 1877 1689 1942 libro
1727 1877 1952 1962 quinto
1989 1878 2260 1964 posteri-

232 1987 425 2031 orum
483 1989 520 2030 a
573 1966 876 2032 Iavoleno
934 1966 1453 2050 epitomatorum.
1518 2002 1591 2012 —
1654 1965 1809 2032 Cum
1872 1987 2067 2032 manu
2119 1974 2262 2033 sata

236 2056 306 2120 in
360 2056 700 2120 venditione
747 2056 936 2136 fundi
987 2056 1403 2138 excipiuntur,
1469 2076 1594 2120 non
1647 2075 1801 2137 quae
1855 2057 1925 2120 in
1966 2062 2259 2139 perpetuo

237 2149 381 2209 sata
407 2149 555 2208 sunt
580 2145 780 2227 excipi
814 2142 1252 2227 vide[re]ntur‚
1287 2146 1395 2209 sed
1426 2165 1582 2226 Quae
1615 2144 1879 2227 singulis
1914 2146 2103 2210 annis
2137 2147 2261 2209 seri

232 2233 454 2318 solent,
509 2234 602 2297 ita
653 2238 725 2297 ut
771 2233 1011 2313 fruetus
1067 2253 1277 2297 eorum
1324 2233 1608 2309 tonatim·
1654 2253 1806 2297 nam
1851 2233 2032 2298 aliter
2074 2234 2258 2298 inter-

221 2321 617 2404 pretantibus
679 2323 830 2386 vites
884 2325 944 2386 et
996 2321 1242 2386 arbores
1296 2342 1503 2387 omnes
1553 2327 1830 2404 exceptae
1878 2322 2259 2387 videbuntur.

417 2409 563 2474 106.
634 2407 713 2473 D.
761 2409 866 2491 33,
911 2410 972 2486 2,
1016 2410 1122 2474 42.
1226 2409 1408 2474 Idem
1472 2408 1587 2496 (sc.
1652 2407 2025 2494 Iavolenus)
2088 2411 2257 2477 libro

235 2497 466 2581 quinto
515 2520 592 2561 ex
628 2499 1095 2582 posterioribus
1141 2497 1484 2564 LabeoniS.
1521 2535 1605 2544 —
1642 2499 1729 2563 In
1769 2498 1980 2578 fructu
2022 2501 2093 2564 id
2136 2520 2261 2565 esse

235 2585 632 2668 intelleqitur,
678 2588 841 2669 quod
881 2588 969 2651 ad
1007 2607 1189 2651 usum
1232 2587 1501 2652 hominis
1544 2588 1860 2652 inductum
1905 2592 2022 2665 est,·
2068 2609 2260 2670 neque

229 2675 400 2739 enim
453 2677 784 2739 maturitas
833 2675 1146 2740 naturalis
1189 2675 1291 2740 hie
1331 2677 1659 2759 spectanda
1701 2680 1813 2754 est,
1856 2677 1962 2740 sed
2002 2677 2074 2742 id
2115 2682 2256 2742 tem-

223 2783 351 2846 pus
364 2813 382 2846 ,
446 2784 563 2845 quo
623 2765 824 2845 mayis
885 2765 1090 2829 colono
1152 2765 1466 2829 dominove
1526 2785 1665 2830 eum
1723 2764 1995 2844 fructum
2055 2766 2258 2831 tollere

231 2853 490 2934 expedit.
569 2853 777 2933 itaque
819 2873 958 2917 eum
1003 2853 1136 2916 olea
1177 2854 1521 2918 immatura
1554 2854 1705 2935 plus
1748 2853 1968 2918 habeat
2008 2855 2257 2934 reditus,

227 2963 424 3023 quam
468 2943 526 3006 si
569 2945 820 3007 matura
865 2941 1118 3025 leyatur,
1162 2961 1288 3006 non
1320 2946 1521 3024 potest
1560 2943 1772 3023 videri,
1816 2943 1875 3008 si
1914 2944 2257 3009 immatura

231 3030 386 3096 lecta
429 3037 540 3113 est,
587 3032 658 3095 in
699 3031 908 3111 fructu
951 3050 1078 3095 non
1121 3050 1260 3096 esse.

709 3213 802 3273 De
844 3215 974 3272 iwre
1017 3215 1190 3287 fundi
1234 3215 1534 3273 aediumve
1580 3217 1780 3288 empto.

415 3324 558 3389 107.
632 3322 708 3388 D.
767 3325 834 3404 8,
884 3324 947 3404 1,
997 3323 1098 3387 20.
1215 3322 1555 3387 Iavolenus
1626 3324 1795 3388 libro
1870 3323 2097 3407 quinto
2174 3345 2252 3387 ex

231 3412 699 3496 posterioribus
747 3411 1085 3476 Labeonis.
1121 3447 1210 3458 ——-
1255 3410 1546 3491 Quotiens
1590 3414 1703 3477 via·
1740 3417 1853 3476 aut
1894 3409 2107 3476 ιῑῑὶαά1
2153 3413 2256 3477 ius

376 3580 405 3628 1
448 3553 540 3631 Fi.
578 3574 810 3643 aliquid.
