2575 3900
2126 181 2209 236 IX

180 353 569 426 veteremque
617 349 982 429 elegantiam
1027 349 1395 426 praeferunt,
1441 369 1623 428 quam
1667 350 1807 409 novi
1851 349 2211 426 interpretes

177 440 238 498 in
280 441 528 498 tantum
573 438 750 508 abest
792 442 864 498 ut
909 439 1190 516 consequi
1222 438 1546 515 potuerint,
1594 441 1663 497 ut
1702 458 1812 515 per
1845 439 2213 516 imperitiam

176 529 422 604 linguae
463 545 646 604 saepe
678 546 928 587 numero
956 546 1031 586 ne
1065 528 1411 604 intelligant
1438 521 1746 604 quidem'.¹
1818 529 2210 604 Maphaeus

175 619 384 676 autem
421 615 700 694 Vegius
742 611 819 698 (†
853 609 1050 694 1458)
1091 610 1240 676 ‘tam
1275 609 1637 693 vehemens',
1671 616 1887 694 inquit,
1926 610 2012 676 ‘et
2046 620 2213 677 recta

174 705 327 764 iuris
366 705 784 764 consultorum
823 708 886 764 et
913 705 1149 764 dicendi
1175 707 1238 764 et
1264 704 1514 764 docendi
1548 705 1723 780 ratio,
1750 709 1877 764 tam
1904 706 2211 783 integrum

175 797 238 854 et
263 813 424 871 pene
449 793 723 853 divinum
751 797 844 853 est
870 794 1174 868 iudicium,
1203 797 1275 853 ut
1301 793 1367 851 in
1392 794 1505 853 hoc
1532 812 1643 853 suo
1674 794 1973 854 scribendi
1992 813 2210 872 genere

171 882 481 942 neminem
528 901 737 942 eorum
781 883 1118 942 existimem
1164 882 1268 958 qui
1315 882 1658 958 eloquentia
1707 883 1961 960 gloriam
2007 883 2212 958 adepti

177 974 339 1046 sunt,
387 989 598 1046 parem
643 971 790 1048 ipsis
833 990 911 1030 ne
957 971 1151 1030 dicam
1197 971 1566 1046 superiorem
1613 989 1762 1031 esse.
1836 971 1941 1047 ,ita
1984 973 2212 1031 factum

176 1063 290 1136 est,
325 1063 402 1118 ut
445 1060 552 1136 qui
588 1062 767 1118 antea
804 1059 1020 1119 auditu
1057 1059 1242 1119 etiam
1278 1061 1443 1138 leges
1482 1059 1881 1136 abhorrerem,
1916 1061 2213 1137 coeperim

175 1149 332 1210 miro
409 1147 733 1208 admodum
791 1167 992 1209 amore
1046 1148 1407 1208 inflammari
1460 1149 1784 1226 degustata
1842 1149 2215 1225 sapientissi-

174 1256 421 1297 morum
455 1237 875 1314 legislatorum
913 1238 1248 1298 eruditione
1287 1240 1350 1296 et
1386 1238 1704 1314 elegantia.
1767 1238 1927 1297 inter
1963 1241 2211 1315 poetan-

177 1327 322 1384 dum
389 1325 582 1402 igitur
641 1326 1079 1386 transferebam
1133 1344 1228 1385 me
1285 1344 1711 1402 saepenumero
1769 1326 1847 1386 ad
1899 1328 2213 1386 lectionem

174 1414 602 1492 Digestorum,
658 1416 819 1492 quod
865 1417 928 1474 et
973 1434 1132 1474 nunc
1177 1415 1333 1475 facio
1378 1461 1393 1474 .
1424 1462 1439 1477 .
1468 1459 1485 1474 .
1529 1415 1822 1491 pellectus
1870 1434 2107 1475 summa
2149 1415 2213 1475 vi

173 1502 444 1585 dicendi,
501 1522 733 1563 summo
779 1503 1101 1564 verborum
1148 1507 1365 1563 ornatu
1413 1505 1475 1562 et
1522 1504 1835 1579 splendore
1882 1505 2209 1564 sententia-

173 1611 434 1668 rumque
478 1593 815 1670 maiestate,
864 1593 1192 1669 plurimum
1239 1592 1422 1651 etiam
1460 1593 1973 1668 maximarumque
2010 1612 2212 1652 rerum

170 1680 526 1740 traditione.
610 1682 884 1756 persuasi
937 1681 1087 1740 mihi
1142 1680 1463 1758 aliquando
1518 1681 1671 1740 nihil
1733 1682 1955 1742 tersius
1968 1727 1981 1752 ,
2057 1681 2213 1741 nihil

169 1769 546 1844 praeclarius
600 1774 663 1828 et
717 1771 1082 1846 sempiterna
1136 1770 1316 1829 laude
1372 1770 1611 1848 dignius
1666 1771 1922 1830 inveniri
1966 1763 2212 1846 posse'.²

176 1857 436 1936 denique
483 1857 926 1919 Laurentius
961 1859 1179 1918 Valla
1215 1851 1718 1940 (1407—1457)
1764 1859 1829 1918 in
1865 1859 2210 1936 Elegantia-

173 1966 308 2007 rum
369 1946 540 2008 libris
589 1940 882 2026 ‘perlegi',
929 1948 1155 2027 inquit,
1209 1941 1497 2025 ‘proxime
1544 1947 1981 2027 quinquaginta
2026 1948 2211 2027 Dige-

177 2039 412 2096 storum
456 2035 646 2096 libros
692 2056 765 2096 ex
809 2038 1112 2113 plerisque
1158 2038 1309 2097 iuris
1356 2038 1769 2097 consultorum
1804 2038 2210 2098 voluminibus

176 2128 488 2201 excerptos
536 2127 600 2184 et
645 2126 834 2203 relegi
880 2145 1016 2185 cum
1061 2126 1347 2203 libenter,
1402 2129 1534 2185 tum
1579 2145 1724 2187 vero·
1770 2127 2029 2204 quadam
2074 2145 2211 2186 cum

180 2212 604 2273 admiratione:
647 2215 910 2291 primum
957 2215 1121 2291 quod
1159 2215 1393 2275 nescias
1439 2218 1645 2274 utrum
1696 2214 2085 2293 diligentiane
2132 2236 2209 2276 an

119 2297 137 2311 “
173 2303 465 2379 gravitaS,
518 2304 846 2379 prudentia
897 2322 975 2362 an
1031 2303 1330 2381 aequitas,
1386 2304 1639 2364 scientia
1690 2323 1897 2363 rerum
1951 2323 2029 2363 an
2076 2324 2209 2365 ora-

177 2390 357 2451 tionis
403 2391 670 2469 dignitas
715 2395 986 2468 praestet
1030 2396 1092 2452 et
1133 2393 1349 2453 maiori
1395 2392 1564 2451 laudi
1602 2393 1799 2453 danda
1840 2412 1971 2454 esse
2006 2393 2207 2453 videa-

177 2482 304 2555 tur3
361 2480 618 2557 denique
675 2481 835 2559 quod
888 2481 1036 2541 haec
1089 2481 1223 2557 ipsa
1275 2482 1365 2541 ita
1418 2482 1485 2541 in
1537 2501 1658 2541 uno
1716 2500 1955 2561 quoque
2002 2500 2209 2541 eorum

181 2569 380 2627 omnia
433 2571 578 2629 sunt
634 2570 880 2648 egregia
934 2572 998 2629 et
1050 2571 1347 2647 perfecta,
1408 2573 1477 2629 ut
1530 2572 1914 2631 vehementer
1967 2570 2207 2631 dubites

185 2674 360 2733 quem
426 2658 524 2717 eui
594 2658 1058 2735 praeferendum
1120 2662 1299 2735 putes
1360 2704 1374 2719 .
1418 2705 1431 2719 .
1482 2703 1496 2717 .
1560 2658 1911 2735 utinamque
1984 2659 2209 2736 integri

179 2745 398 2805 forent!
437 2789 455 2805 .
483 2794 500 2811 .
537 2747 700 2823 quod
747 2747 824 2806 ad
869 2766 1070 2806 meum
1115 2748 1228 2807 hoc
1273 2765 1425 2823 opus
1473 2746 1712 2821 attinet,
1756 2764 1877 2806 non
1911 2746 2206 2808 fraudabo

179 2832 326 2893 iuris
363 2835 704 2895 conditores
742 2835 946 2895 debita
982 2836 1163 2896 laude
1193 2882 1206 2897 .
1227 2883 1276 2895 ..
1306 2855 1414 2911 per
1451 2836 1861 2913 quotidianam
1889 2836 2210 2896 lectionem

177 2922 573 3000 Digestorum
628 2928 690 2983 et
743 2942 977 3001 semper
1031 2925 1237 3003 aliqua
1287 2944 1361 2984 ex
1422 2929 1597 3001 parte
1652 2926 1975 2986 incolumis-
2022 2928 2207 3003 atque

175 3010 236 3069 in
278 3013 508 3073 honore
553 3013 671 3072 fuit
713 3013 927 3091 lingua
970 3014 1258 3091 Romana,
1306 3017 1369 3073 et
1411 3014 1583 3075 brevi
1630 3033 1801 3074 suam
1845 3014 2206 3092 dignitatem

177 3102 359 3178 atque
403 3102 863 3178 amplitudinem
907 3096 1326 3178 recuperabit'.
1350 3094 1375 3134 ³

322 3220 371 3271 1.
411 3215 659 3288 Savigny
693 3218 733 3271 1.
771 3234 819 3274 c.
857 3216 938 3271 V1
972 3236 1026 3288 p.
1055 3223 1178 3273 423.

322 3292 374 3343 2.
415 3286 666 3358 Savigny
702 3288 740 3343 1.
777 3305 824 3345 c.
861 3306 917 3358 p.
945 3294 1067 3345 430.

316 3362 366 3411 3.
402 3356 566 3413 Hunc
600 3359 788 3414 locum
825 3377 860 3414 a
897 3359 1179 3431 Savigni0‚
1217 3360 1317 3415 ubi
1352 3362 1423 3416 de
1451 3358 1619 3416 Valla
1655 3359 1882 3416 disserit
1910 3360 2025 3443 (VI,
2055 3364 2201 3431 433),

180 3444 287 3483 non
324 3430 564 3483 allatum
598 3430 895 3500 proposuit
932 3429 1098 3501 Hugo
1137 3432 1196 3485 in
1231 3448 1325 3501 eo,
1363 3449 1529 3499 quem
1565 3430 1808 3500 primum
1850 3432 2027 3487 edidit
2060 3432 2205 3486 libro

183 3514 227 3553 a.
272 3504 437 3555 17892
498 3500 747 3556 ‘Eduard
808 3500 1058 3558 Gibbons
1123 3502 1459 3575 historische
1524 3490 1825 3567 Ubersicht
1894 3503 1992 3556 des
2065 3507 2205 3555 rom.

186 3570 408 3626 Rechts’
449 3588 506 3641 p.
535 3577 732 3641 211sq.
1213 3572 1258 3579 ’”
1321 3573 1326 3579 ’
1577 3574 1579 3576 ’
