2575 3900
794 185 1308 268 6.1AV01',ENUS
1345 210 1638 266 muscus
2089 181 2253 274 485⁶

197 375 405 440 missa
456 374 846 456 stipulatione
897 374 1100 439 heredi
1151 374 1243 438 vel
1294 374 1560 477 fundum
1612 374 1705 439 vel
1750 374 1969 456 quanti
2012 393 2084 438 ea
2126 393 2224 438 res

197 467 298 528 est
356 464 630 528 restituet
687 484 867 545 eoque
926 483 1074 528 casu
1124 462 1294 527 heres
1345 464 1426 541 ei,
1488 463 1591 528 cui
1642 483 1718 529 ex
1768 464 2038 545 sequenti
2088 482 2225 528 con-

199 553 446 618 dicione
488 552 750 635 1690166666
792 552 1075 637 debuerit,
1119 553 1403 617 restituet.

897 711 998 776 De
1039 712 1537 794 fideicommissis.

389 827 489 892 60.
559 825 635 892 D.
672 827 778 910 31,
813 827 918 893 42.
1022 825 1203 892 Idem
1265 823 1383 914 (sc.
1444 824 1815 911 Iavolenus)
1878 825 2044 889 libro
2108 846 2227 889 un-

201 915 456 981 decimo
501 914 966 998 Epistularum.
1019 951 1095 963 —-
1151 912 1309 981 Cum
1335 917 1441 995 66,
1495 917 1604 998 9666
1648 919 1893 998 partem
1937 913 2225 998 capiebat,

203 1005 476 1088 1690166666
529 1009 702 1088 66661,
754 1009 826 1070 ut
864 1005 982 1069 alii
1025 980 1386 1090 restitueret,
1427 1005 1673 1087 placuit
1712 1003 1977 1070 solidum
2020 1022 2229 1085 capere

193 1113 395 1176 posse.

804 1181 905 1247 De
946 1183 1242 1265 emptione
1284 1183 1640 1248 venditione.

391 1298 495 1362 61.
541 1296 622 1362 D.
647 1297 746 1382 19,
764 1298 824 1382 2,
843 1298 946 1362 21.
1019 1297 1365 1363 Iavolenus
1403 1298 1570 1362 libro
1600 1296 1934 1362 undecimo
1962 1295 2227 1380 Epistu-

209 1385 443 1450 larum.
489 1421 574 1432 —-
626 1383 784 1451 Cum
836 1386 1148 1451 venderem
1195 1386 1494 1470 fundum,
1547 1387 1845 1468 convenit,
1896 1390 1994 1470 ut,
2046 1386 2229 1449 donec

204 1475 476 1556 pecunia
513 1475 714 1539 omnis
735 1475 1197 1559 persolveretur,
1233 1480 1397 1540 certa
1421 1475 1683 1540 mercede
1709 1478 1940 1556 emptor
1959 1473 2229 1554 fumidum

209 1562 573 1628 conductum
608 1562 864 1629 haberet.
917 1584 1005 1628 an
1041 1564 1241 1630 soluta
1267 1564 1534 1645 pecunia
1568 1583 1791 1629 merces
1825 1567 2067 1645 accepta
2090 1563 2232 1645 fieri

211 1651 463 1716 debeat?

392 1738 755 1822 Respondit:
825 1740 983 1805 bona
1016 1741 1167 1823 fides
1204 1740 1409 1823 exiyit,
1450 1746 1522 1805 ut
1562 1741 1725 1823 quod
1764 1741 2039 1806 convenit
2077 1740 2229 1821 fiat,-

212 1830 321 1894 sed
360 1848 487 1893 non
529 1829 800 1911 amplius
830 1833 1111 1911 praestat
1141 1830 1198 1895 is
1231 1831 1547 1912 venditori,
1590 1850 1778 1912 9660666
1800 1850 1923 1912 pro
1949 1830 2231 1911 portione

215 1918 348 1983 eius
392 1918 700 2001 temporis,
744 1938 861 2000 9660
892 1918 1160 2001 pecunia
1203 1923 1534 1985 numerata
1574 1936 1701 1984 non
1744 1924 1905 1985 esset.

393 2007 497 2073 62.
551 2006 629 2072 D.
662 2006 766 2091 18,
795 2010 851 2090 1,
879 2007 983 2074 65.
1080 2006 1257 2073 Idem
1313 2007 1431 2095 (sc.
1474 2006 1841 2093 Iavolenus)
1896 2008 2063 2073 libro
2118 2031 2230 2073 un-

218 2095 463 2161 decimo
500 2095 966 2179 Epistularum.
1008 2134 1084 2143 —
1126 2096 1421 2163 Convenit
1453 2097 1609 2162 mihi
1645 2102 1854 2181 tecum,
1897 2102 1971 2162 ut
2002 2101 2230 2161 certum

217 2205 541 2250 numerum
576 2184 921 2267 teyularum
955 2185 1113 2250 mihi
1145 2187 1326 2251 dares
1360 2191 1517 2251 certo
1544 2187 1743 2268 pretio
1779 2206 1934 2267 quas
1981 2189 2051 2249 tu
2066 2182 2088 2220 ¹
2128 2185 2229 2266 fa-

219 2294 390 2339 ceres.
469 2278 683 2339 utrum
727 2276 948 2357 emptio
990 2276 1076 2339 sit
1114 2295 1202 2339 an
1248 2274 1508 2340 locatio?

395 2361 761 2443 Respondit:
823 2363 883 2427 si
925 2383 1000 2427 ex
1043 2383 1172 2428 meo
1220 2363 1417 2443 fundo
1472 2363 1704 2445 16966106
1757 2362 1868 2427 tibi
1915 2363 2119 2443 factas
2162 2367 2235 2426 ut

220 2451 429 2515 darem
473 2451 764 2532 convenit,
806 2452 1166 2533 emptionem
1199 2456 1355 2532 puto
1396 2470 1537 2534 esse,
1580 2471 1705 2515 non
1748 2452 2229 2528 conductionem;

225 2538 436 2603 totiens
477 2539 643 2603 enim
685 2540 995 2604 conductio
1041 2540 1307 2603 alicuius
1349 2540 1441 2603 rei
1484 2543 1585 2623 est,
1634 2540 1909 2621 quotiens
1950 2541 2232 2624 materia,

222 2628 290 2691 666
323 2647 447 2708 qua
481 2626 725 2708 aliquid
745 2631 1120 2709 praestatur,
1156 2629 1226 2691 in
1261 2628 1461 2693 eodem
1494 2631 1662 2693 statu
1694 2628 1959 2693 eiusdem
1993 2632 2231 2704 manet,·

223 2716 492 2797 quotiens
548 2735 684 2781 vero
738 2721 797 2781 et
846 2716 1214 2781 immutatur
1265 2721 1325 2781 et
1374 2716 1698 2801 alienatur,
1762 2718 1980 2800 emptio
2032 2717 2234 2800 6660966

225 2825 408 2886 9660666
454 2804 667 2869 locatio
711 2798 976 2887 6661611696
1017 2804 1194 2870 debet.

795 2964 894 3029 De
941 2964 1232 3030 locatione
1275 2966 1672 3031 conductione.

398 3080 501 3145 63.
572 3077 651 3145 D.
696 3080 802 3165 19,
838 3081 908 3161 2,
945 3079 1026 3145 51
1050 3102 1143 3163 pr.
1248 3079 1593 3145 Iavolenus
1661 3080 1831 3145 libro
1896 3079 2230 3146 undecimo

228 3166 688 3252 Epistularum.
740 3204 816 3216 -
865 3167 973 3233 Ea
1017 3169 1137 3253 1696
1174 3168 1444 3251 fundum
1489 3168 1708 3253 locavi,
1760 3176 1854 3253 ut,
1898 3170 1956 3235 si
1990 3190 2115 3234 non
2158 3190 2234 3235 ex

232 3257 343 3340 1696
395 3258 699 3343 coleretur,
754 3258 1017 3323 relocare
1069 3279 1208 3323 eum
1258 3258 1416 3322 mihi
1470 3258 1671 3323 liceret
1710 3263 1767 3323 et
1810 3278 1927 3340 9660
1972 3258 2234 3323 6666660666

232 3346 523 3426 locassem,
559 3346 669 3411 1600
701 3347 860 3411 mihi
886 3352 1323 3430 praestaretur,
1356 3367 1464 3412 nec
1498 3348 1789 3431 convenit,
1822 3348 1909 3430 ut,
1941 3348 2001 3413 si
2024 3346 2234 3428 pluris

233 3435 535 3520 locassem,
597 3434 708 3500 1600
769 3435 879 3500 tibi
931 3440 1369 3523 praestaretur,
1430 3441 1488 3500 et
1547 3457 1685 3501 cum
1740 3456 1915 3501 nemo
1963 3435 2233 3516 fundum

367 3589 393 3637 1
435 3582 528 3638 ΡΙ.
565 3581 716 3650 quod
751 3584 831 3637 ut.
