2575 3900
536 216 603 272 Π.
641 215 1128 272 INOERTORUM
1167 192 1628 271 SENTENTIAE
1663 217 1758 272 ET
1793 216 2002 273 mem.
2148 219 2278 283 537

256 379 459 443 videri
532 379 819 464 legatum
886 401 1050 458 esse,
1126 380 1215 443 si.
1244 379 1486 444 malam
1551 402 1809 445 causam
1874 380 2276 446 adversarius

258 469 587 532 testatoris
642 469 895 549 habuit,
951 474 1025 533 ut
1084 469 1389 552 litigante
1444 468 1676 532 herede
1732 470 1902 533 vinci
1959 469 2280 554 debuerit3

256 559 412 622 tuno
458 557 623 621 enim
671 579 804 623 non
848 561 1103 622 tantum
1149 557 1285 622 litis
1334 557 1870 642 emolumentum,
1923 558 2035 622 sed
2081 558 2279 622 etiam

258 649 557 729 sumptus
620 647 806 710 heres
871 646 1186 731 legatario
1252 651 1581 730 praestare
1636 646 1904 731 cogitur.
2003 668 2153 711 nam
2208 648 2279 710 in

258 735 429 799 bona
485 756 679 799 eausa
731 734 898 799 nihil
954 734 1209 799 videtur
1262 756 1403 799 esse
1457 735 1525 799 in
1580 736 1799 819 legato
1854 757 1974 800 nee
2018 738 2280 818 propter

258 824 580 907 sumptus,
626 824 797 909 quod
843 822 1102 909 quidam
1149 823 1700 889 existimaverunt.

666 1007 756 1062 De
791 1023 850 1062 eo
886 1007 1033 1076 quod
1067 1007 1285 1061 sinendi
1319 1007 1478 1061 modo
1515 1007 1748 1076 legatum
1784 1011 1875 1061 est.

434 1117 539 1182 27.
587 1115 729 1181 Gai.
758 1117 819 1200 2,
846 1117 993 1182 212.
1054 1152 1131 1162 -
1190 1165 1206 1180 .
1241 1167 1256 1182 .
1315 1115 1372 1180 si
1425 1119 1575 1199 post
1626 1119 1899 1180 mortem
1946 1117 2280 1182 testatoris

257 1226 333 1268 ea
406 1227 511 1269 res
575 1203 693 1292 (se.
740 1227 931 1290 quam
994 1207 1271 1270 testator
1335 1209 1410 1269 ut
1465 1226 1646 1269 suam
1700 1202 1969 1290 legavit)
2021 1204 2282 1270 heredis

256 1315 396 1357 esse
466 1295 776 1377 eoeperit,
850 1294 1206 1378 quaeritur,
1270 1316 1354 1358 an
1422 1294 1581 1357 utile
1645 1294 1733 1358 sit
1797 1295 2104 1378 legatum.
2215 1299 2280 1358 et

255 1382 546 1467 plerique
591 1385 825 1466 putant
869 1383 1097 1447 inutile
1143 1404 1304 1447 esse.

434 1490 539 1555 28.
587 1487 722 1554 Gai.
752 1490 813 1571 2,
832 1489 979 1553 214.
1015 1525 1091 1535 —
1127 1485 1294 1552 Sunt
1319 1539 1334 1554 .
1357 1537 1372 1552 .
1401 1488 1512 1573 qui
1543 1493 1778 1573 putant
1807 1510 1881 1552 ex
1909 1489 2033 1553 hoo
2060 1490 2282 1572 legato

257 1598 389 1642 non
455 1576 657 1641 videri
721 1576 1081 1662 obligatum
1137 1577 1467 1658 heredem,
1525 1581 1600 1640 ut
1653 1576 1975 1660 mancipet
2032 1583 2145 1642 aut
2206 1578 2276 1641 in

258 1666 397 1730 iure
445 1665 628 1730 cedat
672 1669 786 1729 aut
831 1666 1068 1751 tradat,
1113 1666 1224 1729 sed
1272 1663 1564 1730 sufficere
1605 1670 1681 1729 ut
1715 1665 2101 1748 legatarium
2141 1688 2278 1731 rem

261 1775 513 1818 sumere
549 1754 854 1838 patiatur,
902 1755 1054 1837 quia
1091 1754 1258 1818 nihil
1299 1754 1468 1817 ultra
1507 1755 1567 1818 ei
1604 1757 1881 1819 testator
1917 1755 2282 1837 imperavit,

258 1864 451 1926 quam
508 1849 583 1907 ut
636 1843 834 1922 sinat,
888 1842 955 1907 id
1011 1850 1109 1908 est
1161 1843 1478 1926 patiatur,
1529 1843 1918 1927 legatarium
1964 1865 2098 1907 rem
2151 1843 2278 1907 sibi

253 1932 510 1999 habere.

433 2041 536 2105 29.
586 2038 724 2105 Gai.
755 2040 982 2125 2‚215.
1016 2076 1091 2087 —
1126 2040 1338 2105 Maior
1364 2090 1379 2105 .
1409 2091 1422 2103 .
1453 2039 1768 2104 dissensio
1806 2040 1873 2103 in
1910 2040 2034 2105 hoe
2060 2040 2280 2123 legato

257 2129 629 2212 intervenit,
677 2129 732 2193 si
778 2128 1045 2193 eandem
1090 2150 1227 2193 rem
1275 2127 1525 2193 duobus
1571 2128 1946 2212 pluribusve
1994 2128 2276 2193 disiunc-

256 2217 377 2280 tim
430 2216 683 2300 legasti.
776 2217 1036 2303 quidam
1098 2222 1332 2301 putant
1376 2218 1664 2302 utrisque
1713 2217 1987 2281 solidam
2034 2216 2282 2300 deberi3

255 2306 551 2370 nonnulli
608 2306 980 2388 occupantis
1029 2328 1167 2369 esse
1222 2305 1553 2369 meliorem
1605 2305 2043 2369 condicionem
2090 2306 2280 2369 aesti-

257 2398 464 2476 mant,
532 2395 683 2476 quia
752 2416 897 2457 eum
966 2415 1040 2458 eo
1096 2404 1342 2476 ‘genere
1406 2393 1608 2477 legati
1680 2392 2020 2457 damnetur
2089 2394 2278 2458 heres

257 2482 638 2565 patientiam
698 2486 1056 2565 praestare,
1119 2486 1194 2547 ut
1247 2482 1603 2568 legatarius
1661 2502 1795 2544 rem
1849 2481 2114 2561 habeat,
2179 2504 2276 2546 se-

258 2569 475 2653 quitur
520 2574 591 2633 ut
620 2620 633 2633 .
664 2620 677 2633 .
708 2620 721 2634 .

740 2736 827 2791 De
863 2736 1053 2806 legatis
1086 2736 1188 2790 sub
1225 2736 1540 2790 condicione
1574 2736 1794 2790 relictis,

435 2844 538 2909 30.
596 2844 673 2909 D.
704 2844 817 2927 35,
849 2846 914 2926 1,
947 2845 1029 2908 72
1049 2865 1145 2928 pr.
1224 2843 1404 2909 Idem
1463 2842 1576 2927 (se.
1622 2843 2050 2930 Papinianus)
2105 2845 2279 2911 libro

260 2936 489 2998 octavo
528 2932 775 2998 decimo
807 2932 1282 3009 Quaestionum.
1311 2969 1386 2979 —
1414 2931 1577 2998 Cum
1612 2935 1744 2998 tale
1783 2935 2068 3019 legatum
2108 2940 2277 2999 esset

256 3022 555 3087 relietum
591 3021 803 3086 Titiae
843 3021 925 3086 ‘si
962 3045 1001 3086 a
1037 3022 1259 3087 liberis
1299 3044 1430 3086 non
1470 3022 1849 3102 discesserit,
1878 3028 2274 3109 negaverunt

257 3133 401 3175 eam
447 3114 620 3175 recte
668 3132 908 3194 cavere,
956 3112 1107 3197 quia
1154 3111 1254 3175 vel
1302 3111 1576 3177 mortuis
1614 3112 1832 3176 liberis
1879 3112 2082 3199 legati
2129 3135 2276 3178 eon·

256 3199 421 3265 dicio
467 3201 679 3284 possit
722 3201 1049 3265 exsistere.

432 3308 534 3373 31.
594 3307 667 3371 D.
698 3307 801 3389 35,
838 3309 893 3386 1,
920 3308 1028 3391 44,
1057 3308 1115 3373 8.
1187 3306 1365 3372 Idem
1415 3302 1529 3393 (se.
1567 3304 1836 3395 Paulus)
1883 3308 2051 3373 libro
2097 3328 2270 3371 nono

256 3394 337 3458 ad
399 3394 745 3461 Plautium.
800 3432 877 3443 —
935 3395 1003 3461 Si
1068 3395 1339 3460 duorum
1401 3418 1587 3462 servo
1651 3397 1938 3481 legatum
2002 3396 2088 3459 sit
2151 3394 2276 3459 sub

258 3483 630 3549 condicione
704 3485 925 3569 dandi,
997 3506 1128 3549 non
1190 3506 1384 3569 posse
1452 3507 1567 3569 per
1628 3490 1846 3570 partes
1913 3483 2276 3550 condicioni

252 3572 470 3655 pareri
516 3572 775 3657 quidam
822 3574 1021 3658 aiunt,
1067 3573 1179 3638 sed
1226 3574 1421 3638 semel
1471 3574 1746 3638 dandam
1788 3572 2146 3658 pecuniam.
