2575 3900
1012 302 1061 352 τ.
1098 293 1476 353 PROGULUS
2124 296 2250 363 167

232 474 333 542 De
358 477 439 543 iis
462 476 574 559 qni
599 476 669 541 in
696 476 1033 559 municipio
1052 476 1293 542 colonia
1313 477 1454 560 fero
1472 476 1604 543 iuri
1629 478 1890 545 dicundo
1910 478 2254 562 praesunt?

414 590 468 657 1.
533 590 609 655 D.
638 592 791 677 2,1‚
818 594 898 657 11
922 615 1013 676 pr.
1107 590 1305 658 Gaius
1359 590 1526 658 libro
1582 592 1793 678 primo
1847 594 1925 659 ad
1975 593 2251 661 edictum

228 680 627 765 provinciale
682 676 780 766 (P.
818 676 953 767 56).
1000 718 1084 728 —
1133 679 1202 745 Si
1256 681 1429 746 idem
1483 703 1630 747 cum
1685 680 1908 748 eodem
1960 682 2256 767 pluribus

233 768 594 834 actionibus
659 776 841 854 agat,
904 791 1176 854 quarum
1239 769 1646 857 singularum
1701 770 2027 855 quantitas
2083 772 2258 838 intra

228 858 739 924 iurisdictionem
776 856 1158 923 iudicantis²
1196 858 1300 938 sit,
1336 859 1740 925 coacervatio
1775 882 1926 925 vero
1964 859 2256 926 omnium

230 946 493 1011 excedat
529 946 790 1012 modum
827 944 1294 1013 iurisdictionis
1333 948 1494 1033 eius,
1535 948 1705 1032 apud
1741 970 1888 1015 eum
1923 948 2031 1044 agi
2063 970 2258 1033 posse

232 1034 477 1101 Sabino
522 1032 746 1101 Cassio
790 1032 1062 1107 Proculo
1108 1034 1377 1119 placuit.

409 1127 599 1189 Gaius
662 1124 854 1189 addit:
918 1120 1094 1207 ‘quae
1158 1128 1458 1191 sententia
1518 1130 1806 1209 rescripto
1867 1129 2250 1211 imperatoris

228 1216 525 1282 Antonini
570 1216 922 1277 confirmata
968 1212 1102 1279 est'.

410 1320 473 1387 2.
537 1316 615 1385 D.
652 1318 805 1383 ibid.
842 1320 882 1401 ξ
919 1320 980 1383 2.
1045 1356 1129 1366 -
1193 1317 1265 1383 Si
1329 1341 1460 1385 una
1521 1320 1688 1385 actio
1751 1323 2107 1389 communis
2173 1321 2262 1386 eit

230 1410 516 1493 plurium
560 1428 1005 1491 personarum,
1046 1407 1247 1473 veluti
1292 1407 1578 1473 familiae
1615 1410 2042 1493 erciscundae,
2083 1432 2260 1476 com·

228 1497 415 1563 muni
471 1495 849 1578 dividundo,
900 1495 1128 1561 finium
1180 1497 1646 1583 regundorum,
1700 1504 1918 1579 utrum
1965 1500 2261 1583 singulae

229 1589 453 1671 partes
516 1584 903 1669 spectandae
958 1588 1114 1650 sunt
1167 1585 1340 1651 circa
1393 1585 1908 1663 iurisdictionem,
1957 1588 2093 1653 eius
2149 1586 2264 1671 qui

231 1674 601 1761 cognoscit,
652 1673 824 1757 quod
870 1672 1061 1739 Ofilio
1118 1677 1185 1738 et
1226 1672 1508 1739 Proculo
1559 1674 1806 1759 placet,
1859 1676 2011 1759 quia
2064 1698 2261 1743 unus-

231 1764 502 1849 quisque
559 1762 637 1827 de
690 1766 876 1845 parte
934 1784 1051 1827 sua
1105 1762 1354 1848 litigat,
1405 1784 1488 1827 an
1542 1764 1761 1848 potius
1815 1768 1956 1829 tota
2007 1784 2110 1829 res
2153 1812 2173 1830 .
2201 1814 2216 1832 .
2245 1814 2262 1828 .

738 1903 838 1970 De
868 1905 1077 1988 pactis
1120 1908 1179 1969 et
1218 1902 1758 1972 conventionibus?

413 2013 472 2077 3.
518 2010 596 2075 D.
626 2011 688 2095 2,
716 2010 817 2093 14,
837 2011 941 2094 21,
959 2012 1022 2076 2.
1109 2010 1354 2076 Paulus
1401 2011 1567 2078 libro
1614 2013 1806 2078 tertio
1855 2013 1934 2077 ad
1982 2013 2261 2079 edictum

234 2099 336 2188 (P.
369 2097 568 2187 127⁰).
605 2136 693 2146 —
729 2098 868 2165 Nos
914 2149 965 2164 ..
1012 2099 1133 2182 his,
1178 2100 1289 2185 qui
1334 2099 1408 2166 in
1451 2105 1680 2165 nostra
1724 2104 2046 2184 potestate
2089 2105 2263 2186 sunt,

236 2187 619 2275 paciscendo
665 2188 969 2273 prodesse
1015 2210 1144 2253 non
1190 2205 1550 2273 possumus.
1624 2189 1736 2253 sed
1780 2189 1972 2254 nobis
2010 2189 2074 2254 id
2110 2212 2260 2276 pro-

235 2277 545 2359 futurum,
590 2276 646 2342 si
691 2276 950 2342 nomine
998 2299 1219 2341 eorum
1267 2277 1741 2362 conveniamur,
1785 2275 2096 2345 Proculus
2145 2279 2262 2345 ait.

931 2417 1033 2484 De
1074 2419 1331 2502 neyotiis
1368 2419 1568 2502 yestis.

415 2527 477 2590 4.
521 2521 601 2591 D.
638 2523 708 2609 3,
744 2523 813 2600 5,
853 2526 954 2590 17.
1031 2524 1294 2590 Paulus
1367 2524 1536 2590 libro
1600 2545 1774 2590 nono
1839 2524 1920 2590 ad
1984 2527 2264 2592 edictum

239 2613 338 2702 (P.
370 2615 546 2700 190).
580 2649 657 2660 -
684 2613 997 2678 Proculus
1026 2617 1092 2676 et
1120 2613 1408 2698 Pegasus
1447 2614 1682 2677 bonam
1718 2611 1910 2678 fidem
1949 2633 2113 2698 eum,
2151 2615 2267 2698 qui

240 2704 306 2768 in
346 2703 656 2769 servitute
694 2723 915 2785 gerere
952 2703 1183 2786 coepit,
1219 2705 1548 2786 praestare
1587 2701 1816 2766 debere
1851 2703 2058 2785 aiunt3
2096 2703 2266 2769 ideo-

236 2815 363 2876 que
410 2795 751 2877 quantum,
807 2791 862 2855 si
908 2790 1075 2855 alius
1122 2791 1260 2855 eius
1305 2789 1572 2874 negotia
1623 2791 1960 2874 gessisset,
2012 2801 2264 2855 servare

240 2880 581 2965 potuisset,
617 2883 873 2944 tantum
918 2900 1082 2962 eum,
1126 2879 1241 2963 qui
1282 2899 1326 2944 a
1372 2881 1576 2943 semet
1617 2879 1764 2961 ipso
1797 2899 1930 2943 non
1965 2879 2267 2964 exegerit,

234 2970 651 3124 {egoi-{iorum
697 2971 1029 3122 gffitomm
1054 2968 1320 3120 oetion?
1356 2969 1883 3120 ptriaestatgrumss
1927 2967 1986 3070 si
2023 2967 2266 3123 ahssutid

288 3081 329 3122 ⁵
374 3075 911 3212 mmfflflssfflssss’
930 3078 1181 3212 P‘Zffl.
1198 3077 1577 3210 Ἠὲοωῖω
1603 3077 2046 3210 'essffffissff
2051 3079 2087 3122 ⁰
2157 3081 2188 3123 ⁵
2219 3061 2268 3139 ³·

418 3285 543 3369 Qui
584 3287 912 3354 arbitrium
955 3287 1309 3370 receperint,
1352 3292 1426 3352 ut
1463 3279 1826 3355 sententiam
1869 3287 2097 3356 dicant.

418 3403 479 3471 ὃ.
525 3403 603 3470 D.
628 3404 690 3485 4,
710 3403 897 3487 8,21,
912 3404 975 3469 9.
1064 3399 1388 3486 Ulpianus
1433 3403 1600 3468 libro
1647 3403 1842 3468 tertio
1890 3404 2136 3468 decimo
2185 3403 2269 3468 ad

236 3494 521 3560 edictum
563 3490 665 3578 (P.
689 3490 871 3580 460).
908 3529 992 3540 -
1034 3491 1102 3560 Si
1149 3492 1292 3576 quis
1339 3513 1416 3558 ex
1452 3491 1896 3578 litigatoribus
1943 3492 2087 3558 ideo
2133 3513 2268 3558 non

388 3655 418 3704 1
458 3649 853 3720 magistratus?
890 3647 1304 3705 duumvirorum
1317 3656 1342 3704 ⁸?
