2575 3900
368 174 452 238 36
508 176 602 232 III.
632 175 785 232 (ΞΔ-ΙΙ
813 177 1105 233 CLAUDII
1136 179 1409 236 NERON.
1431 179 1720 235 GALBAE
1738 181 1951 237 ΤΕΜΡ.
1970 183 2162 237 IURIS
2183 181 2328 240 CON
2333 183 2388 238 S.

782 386 876 443 De
918 386 1143 444 heredis
1185 387 1540 445 institutione
1585 388 1979 446 condicionali.

546 510 604 575 3.
654 507 730 572 D.
752 505 857 585 35,
879 507 934 584 1,
958 505 1017 589 6,
1040 503 1098 568 l.
1180 503 1579 588 Pomponius
1625 505 1793 569 libro
1841 505 2034 570 tertio
2081 506 2162 570 ad
2209 505 2393 571 Sabi-

366 619 522 662 num
560 594 659 683 (P.
684 591 866 681 423).
908 629 983 640 ——
1027 589 1153 678 (³Si
1199 615 1421 658 servos
1467 597 1677 658 certos
1715 593 1856 677 quis
1894 595 2393 679 manumisisset,

366 686 556 751 heres
596 708 737 751 esse
772 686 987 749 iussus
1025 686 1181 746 erat.
1256 682 1642 767 quibusdam
1681 704 1756 746 ex
1797 683 1898 747 his
1936 688 2088 748 ante
2126 685 2391 749 mortuis

422 825 437 840 .
476 825 491 840 .
552 797 697 840 cum
751 775 843 837 ita
902 774 1076 837 esset
1130 771 1471 854 scriptum:
1537 769 1619 834 ‘si
1673 771 1812 834 filia
1867 775 1931 835 et
1986 777 2196 836 mater
2250 794 2394 836 mea

366 863 609 929 vivent'
665 864 870 928 altera
922 861 1055 925 iam
1111 865 1375 923 mortua
1425 910 1439 924 .
1469 856 1537 945 .')
1589 857 1863 925 Sabinus
1913 910 1927 923 .
1954 910 1969 924 .
2015 867 2081 925 et
2127 859 2390 927 Cassius

368 953 553 1038 quasi
588 951 1024 1037 impossibiles
1054 970 1162 1012 eas
1191 947 1598 1014 condiciones
1627 949 1695 1012 in
1724 953 2117 1014 testamento
2145 951 2391 1034 positas

365 1064 485 1128 pro
530 1064 664 1108 non
710 1039 970 1124 scriptis
1018 1058 1177 1102 esse.

822 1245 827 1250 ·
939 1223 1033 1280 De
1077 1222 1473 1280 substitutione
1505 1221 1815 1294 pupillari.

539 1345 601 1408 4.
640 1342 717 1407 D.
736 1342 844 1426 42,
862 1339 924 1422 5,
942 1339 1049 1406 28.
1109 1337 1458 1403 Iavolenus
1487 1338 1657 1404 libro
1685 1339 1896 1422 primo
1924 1338 2392 1422 Epistularum.

364 1469 448 1481 -
495 1431 693 1498 Pater
747 1430 1032 1496 familias
1086 1427 1406 1510 impuberi
1460 1427 1626 1512 filio,
1683 1427 1738 1491 si
1794 1435 1942 1492 ante
1989 1428 2392 1512 pubertatem

366 1523 774 1599 decessisset,
830 1517 1168 1583 substituit
1220 1515 1524 1581 heredem
1577 1562 1594 1581 .
1625 1565 1641 1580 .
1670 1568 1683 1581 .
1744 1538 1846 1580 me
1899 1516 2062 1581 illud
2113 1517 2394 1583 maxime

364 1614 606 1691 movet,
677 1608 850 1694 quod
920 1605 1451 1692 praeceptoribus
1515 1606 1646 1668 tuis
1711 1606 1923 1689 placet
1985 1628 2184 1670 unum
2249 1629 2393 1672 esse

363 1703 845 1764 testamentum.

539 1809 743 1869 Verba
787 1812 927 1867 sunt
972 1806 1099 1865 eius
1145 1806 1248 1881 qui
1294 1806 1334 1863 J
1336 1805 1654 1865 avolenum
1702 1806 2017 1865 consuluit.

877 2003 971 2061 De
1003 2006 1274 2075 postwmo
1319 2002 1520 2060 herede
1563 2004 1875 2061 scribenda

543 2125 603 2188 5.
658 2122 737 2187 D.
766 2123 880 2203 28,
908 2122 977 2203 2,
1007 2121 1047 2185 6
1067 2142 1163 2204 pr.
1255 2118 1574 2202 Ulpianus
1628 2121 1795 2186 libro
1842 2121 2037 2186 tertio
2086 2122 2164 2186 ad
2214 2121 2396 2188 Sabi-

367 2235 524 2277 num
563 2209 665 2298 (P.
686 2207 910 2295 2445).
953 2244 1028 2255 ——
1064 2258 1079 2273 .
1100 2257 1115 2271 .
1152 2211 1252 2271 est
1291 2210 1671 2291 quaesitum,
1709 2231 1791 2274 an
1829 2211 1903 2294 is,
1940 2210 2044 2294 qui
2085 2232 2396 2296 generare

365 2301 554 2366 facile
619 2322 754 2364 non
819 2298 1052 2383 possit,
1115 2300 1491 2381 postumum
1546 2298 1846 2363 heredem
1899 2299 2109 2365 facere
2163 2302 2397 2386 possit,

368 2396 434 2455 et
492 2389 717 2454 scribit
765 2385 1027 2451 Cassius
1084 2434 1100 2449 .
1126 2436 1142 2451 .
1174 2435 1187 2449 .
1242 2406 1458 2471 posse3
1517 2408 1668 2450 nam
1725 2393 1791 2451 et
1842 2408 2108 2452 uxorem
2163 2390 2398 2456 ducere

369 2483 434 2543 et
473 2478 781 2562 adoptare
818 2479 1053 2559 potest.
1128 2474 1477 2558 spadonem
1517 2496 1770 2559 quoque
1797 2498 1988 2559 posse
2017 2479 2395 2560 postumum

364 2567 666 2631 heredem
697 2566 975 2631 scribere
1005 2567 1071 2628 et
1098 2562 1316 2629 Labeo
1347 2567 1412 2628 et
1441 2561 1702 2629 Cassius
1732 2565 2036 2646 scribunt,
2085 2567 2397 2650 quoniam

367 2677 487 2721 nec
535 2660 713 2721 aetas
760 2676 879 2719 nec
927 2654 1237 2720 sterilitas
1284 2652 1344 2718 ei
1388 2653 1482 2717 rei
1528 2652 1989 2737 impedimento
2038 2661 2154 2719 est.

1210 2888 1427 2946 Liber
1471 2888 1547 2947 Π.

922 3022 1023 3088 De
1066 3022 1395 3088 hereditate
1438 3026 1838 3107 adquirenda.

1177 3154 1272 3212 De
1317 3157 1572 3215 cretione.

546 3273 604 3337 6.
650 3271 728 3336 D.
749 3273 854 3354 22,
874 3272 931 3358 6,
953 3274 1013 3357 3,
1036 3273 1092 3337 1.
1183 3272 1577 3357 Pomponius
1623 3274 1791 3340 libro
1839 3275 2032 3340 tertio
2081 3276 2160 3340 ad
2209 3274 2393 3342 Sabi-

368 3383 524 3426 num
564 3356 663 3448 (P.
702 3358 881 3447 416).
932 3398 1009 3407 ——
1061 3413 1074 3427 .
1105 3410 1121 3426 .
1160 3360 1423 3427 Cassius
1461 3363 1896 3446 ignorantiam
1936 3362 2246 3429 Sabinum
2293 3366 2394 3431 ita

370 3450 1241 3605 αξὲιίιῖἰὶθῑέἶζῐίιῃῗέἱεὴὶωαεεθ
1278 3452 1474 3516 refert
1509 3474 1641 3517 non
1682 3452 1996 3537 deperditi
2025 3458 2090 3519 et
2115 3454 2393 3579 nimium
