2575 3900
432 207 527 263 IV.
569 207 763 275 QUAE
801 206 1136 262 RECEPTA
1175 207 1387 275 SUNT,
1424 205 1907 262 PLAGUERUN'I'
1945 205 2097 284 ETQ.
2143 207 2269 272 581
2311 212 2317 216 '

254 371 435 436 verbi
472 372 686 457 gratia
716 374 1028 452 trecenta,
1072 371 1288 436 utrum
1337 370 1577 454 emptio
1626 374 1691 434 et
1728 370 2009 435 venditio
2056 370 2145 434 sit
2191 391 2275 434 an

257 461 493 527 locatio
541 466 607 524 et
653 459 1036 525 conductio?
1095 458 1206 523 sed
1250 459 1466 542 placet
1510 481 1707 524 unum
1754 480 1895 523 esse
1939 459 2274 543 negotium
2316 479 2325 489 ·

259 556 324 614 et
370 550 576 633 magis
625 550 997 632 emptionen
1042 550 1108 612 et
1155 547 1587 612 venditionem
1635 569 1788 612 esse.

357 640 362 646 ’
434 638 538 703 35.
587 636 729 702 Gai.
775 638 835 720 3,
886 636 1028 703 145.
1087 672 1171 683 —
1229 684 1245 700 .
1274 687 1288 700 .
1339 640 1394 700 si
1449 658 1575 720 qua
1631 657 1732 701 res
1780 638 1847 701 in
1892 639 2274 721 perpetuum

256 728 471 792 locata
501 731 616 809 est,
645 727 816 812 quod
847 726 1062 790 evenit
1087 725 1156 789 in
1183 724 1462 808 praediis
1492 727 1906 809 municipum,
1946 775 1961 790 .
1980 774 1995 789 .
2018 776 2031 789 .
2062 724 2274 809 magis
2338 728 2345 735 '

256 815 502 897 placuit
547 816 935 881 locationem
983 813 1579 898 conductionenque
1628 835 1782 880 esse.
1934 861 1938 866 .

435 904 537 969 36.
611 903 754 969 Gai.
818 903 1085 986 3‚146.
1282 951 1298 968 .
1338 956 1352 970 .
1418 903 1474 966 si
1538 903 1927 987 gladiatores
1994 924 2069 967 ea
2132 903 2275 986 lege

257 992 376 1057 tibi
412 992 804 1076 tradiderim,
849 996 923 1056 ut
959 993 1024 1056 in
1066 991 1357 1076 singulos
1396 991 1509 1076 qui
1546 992 1781 1077 integri
1819 991 2108 1072 exierint,
2154 1011 2274 1074 pro

258 1081 489 1146 sudore
535 1081 784 1146 denarii
809 1080 934 1144 XX
983 1080 1144 1145 mihi
1182 1081 1506 1166 darentur,
1541 1081 1610 1145 in
1646 1102 1755 1146 eos
1793 1102 1943 1145 vero
1982 1079 2275 1173 singulos

259 1170 367 1252 qui
423 1171 617 1236 occisi
673 1174 786 1234 aut
831 1170 1151 1234 debilitati
1197 1170 1467 1251 fuerint,
1523 1168 1771 1234 denarii
1817 1169 2030 1254 mille,
2083 1189 2277 1251 quae-

256 1259 439 1342 ritur,
476 1261 689 1323 utrum
729 1259 972 1343 emptio
1011 1263 1077 1323 et
1113 1259 1400 1323 venditio
1441 1281 1524 1324 an
1563 1259 1799 1323 locatio
1838 1263 1906 1322 et
1935 1256 2275 1322 conductio

257 1346 696 1412 contrahatur.
736 1355 800 1412 et
832 1347 1042 1431 magis
1071 1346 1318 1431 placuit
1346 1369 1565 1412 eorum
1596 1347 1706 1432 qui
1736 1346 1973 1430 integri
2006 1345 2278 1414 exierint

257 1435 648 1501 locationem
682 1439 748 1500 et
783 1436 1248 1501 conductionen
1276 1439 1675 1501 contractam
1703 1434 1922 1518 videri,
1959 1439 2027 1500 at
2055 1455 2277 1500 eorum

257 1525 368 1607 qui
425 1523 617 1588 occisi
683 1528 792 1589 aut
821 1561 826 1566 ·
857 1523 1171 1594 debilitati
1229 1528 1401 1606 sunt,
1466 1524 1866 1608 emptionem·
1935 1527 1999 1588 et
2062 1523 2277 1588 vendi-

256 1612 500 1677 tionem
545 1634 701 1677 esse.

980 1732 1076 1791 De
1119 1727 1554 1793 communione.

435 1842 536 1906 37.
628 1841 705 1906 D.
780 1842 882 1923 10,
945 1842 1006 1930 3,
1071 1843 1130 1926 2,
1204 1845 1257 1910 1.
1349 1842 1549 1908 Graius
1622 1843 1788 1908 libro
1855 1843 2131 1928 septimo
2196 1842 2278 1907 ad

258 1930 537 1998 edictum
591 1931 1004 2016 provinciale.
1068 1969 1143 1980 —-
1207 1930 1288 1996 In
1342 1932 1551 1998 tribus
1609 1932 1970 2017 duplicibus
2026 1931 2278 1997 iudiciis

256 2020 541 2086 familiae
604 2020 1031 2104 erciscundae,
1079 2021 1404 2087 communi
1461 2019 1831 2105 dividundo,
1891 2021 2117 2086 finium
2182 2043 2278 2084 re-

258 2110 621 2194 gundorum
669 2114 1017 2196 quaeritur,
1065 2111 1208 2196 quis
1256 2115 1439 2176 actor
1485 2112 1917 2197 intellegatur,
1963 2110 2115 2194 quia
2159 2130 2279 2191 par

259 2221 455 2263 causa
501 2200 788 2264 omnium
835 2200 1106 2265 videtur.
1177 2199 1286 2263 sed
1334 2200 1542 2283 magis
1589 2200 1835 2283 placuit
1882 2222 2028 2265 eum
2078 2198 2278 2263 videri

260 2291 564 2370 actorem,
613 2288 724 2372 qui
771 2287 853 2351 ad
897 2287 1206 2353 iudicium
1251 2294 1687 2371 provocasset.

435 2400 508 2460 of.
553 2399 626 2457 D.
676 2401 735 2477 5,
786 2402 840 2476 1,
892 2401 992 2459 13.

985 2562 1086 2628 De
1129 2565 1265 2628 iure
1308 2564 1561 2628 dotium.

438 2677 540 2745 38.
608 2678 682 2742 D.
750 2676 854 2756 24,
910 2678 969 2760 2,
1026 2679 1086 2761 2,
1143 2679 1200 2744 2.
1295 2677 1494 2743 Gaius
1558 2678 1729 2743 libro
1796 2677 2131 2743 undecimo
2197 2677 2279 2742 ad

259 2766 534 2833 edictum
581 2765 996 2851 provinciale.
1045 2802 1122 2813 —
1170 2766 1248 2831 In
1298 2767 1712 2850 sponsalibus
1759 2818 1772 2832 .
1802 2816 1815 2831 .
1864 2766 2279 2831 discutiendis

258 2856 502 2938 placuit
544 2855 1088 2920 renuntiationem
1137 2856 1524 2920 intervenire
1572 2859 1888 2939 oportere,
1936 2855 2003 2918 in
2047 2877 2171 2939 qua
2210 2878 2279 2920 re

257 2946 418 3010 haec
465 2944 662 3008 verba
707 2943 984 3028 probata
1030 2949 1206 3010 sunt:
1255 2943 1625 3010 condicione
1672 2949 1785 3010 tua
1830 2966 1962 3009 non
2006 2948 2170 3010 utor.

437 3032 541 3099 39.
589 3030 729 3098 Gai.
779 3034 848 3117 1,
897 3032 1127 3117 146sq.
1191 3070 1265 3080 —-
1324 3032 1689 3117 Nepotibus
1738 3084 1751 3097 .
1790 3084 1805 3099 .
1851 3033 2278 3118 neptibusque

206 3199 211 3207 Ι
258 3124 357 3196 ἰίθ,
395 3121 649 3186 demum
696 3142 1040 3207 possumus
1086 3126 1480 3188 testamento
1527 3127 1775 3187 tutores
1823 3123 1990 3206 dare,
2036 3123 2092 3186 si
2130 3125 2280 3206 post

260 3214 537 3276 mortem
583 3214 874 3275 nostram
921 3211 991 3275 in
1023 3213 1229 3294 patris
1279 3212 1378 3277 sui
1423 3215 1815 3295 potestatem
1867 3211 2055 3291 [iure]
2104 3229 2278 3274 reca-

261 3299 395 3364 suri
456 3321 587 3364 non
653 3300 784 3364 sint
829 3347 846 3364 .
886 3349 899 3363 .
940 3350 954 3364 .
1001 3321 1144 3364 cum
1208 3304 1426 3364 tamen
1492 3300 1559 3365 in
1624 3300 2064 3384 compluribus
2131 3297 2323 3372 aliis

260 3388 475 3453 causis
531 3389 819 3472 postumi
873 3410 990 3472 pro
1049 3388 1176 3453 iam
1236 3390 1410 3454 natis
1464 3388 1851 3473 habeantur,
1914 3392 1979 3452 et
2032 3387 2099 3451 in
2154 3385 2277 3450 hac

213 3556 217 3559 ι
260 3498 454 3541 causa
521 3477 766 3561 placuit
832 3499 966 3542 non
1023 3478 1233 3544 minus
1292 3478 1608 3561 postumis
1664 3500 1856 3563 quam
1915 3478 2047 3542 iam
2104 3474 2277 3539 natis

259 3568 650 3630 testamento
708 3569 956 3631 tutores
1015 3566 1153 3630 dari
1206 3588 1426 3651 posse,
1480 3568 1535 3632 si
1589 3568 1779 3632 modo
1833 3566 1903 3630 in
1959 3586 2033 3629 ea
2084 3584 2278 3628 causa
