2575 3900
379 221 518 285 494
586 221 653 276 V.
692 219 992 275 NERVAE
1027 219 1124 274 ET
1155 219 1457 274 TRAIANI
1490 218 1708 275 TEMP.
1742 217 1935 274 IURIS
1972 217 2351 273 CONSULTI

976 409 1077 476 De
1117 411 1418 492 emptione
1458 410 1814 474 venditione.

562 525 648 589 7?
710 523 789 588 D.
816 527 922 608 41,
947 527 1013 608 4,
1039 527 1100 607 2,
1131 525 1189 590 6.
1291 523 1530 588 Paulus
1590 524 1762 589 libro
1825 523 2421 609 quinquagensimo

383 618 618 698 quarto
666 614 747 678 ad
793 613 1087 678 edictum.
1131 650 1221 660 —
1266 611 1430 679 Cum
1478 610 1774 678 Stichum
1820 614 2135 691 emissem,
2192 611 2419 676 Dama

383 724 500 787 per
544 703 982 788 ignorantiam
1030 702 1190 767 mihi
1226 723 1345 787 pro
1385 724 1461 766 eo
1497 702 1775 766 traditus
1814 708 1930 767 est.
2012 701 2277 766 Priscus
2315 702 2416 766 ait

383 813 506 856 usu
543 813 646 855 me
684 813 828 855 eum
865 792 998 855 non
1036 794 1395 874 capturum,
1442 793 1593 875 quia
1630 791 1695 855 id
1734 793 1905 874 quod
1944 795 2234 874 emptum
2268 811 2413 854 non

385 881 501 964 sit,
553 903 673 965 pro
721 886 1008 963 emptore
1062 880 1333 962 usucapi
1388 901 1518 944 non
1573 883 1817 963 potest-3
1883 880 1997 945 sed
2052 878 2108 942 si
2162 878 2411 942 fundus

382 973 638 1053 emptus
686 971 775 1033 sit
811 972 877 1032 et
915 968 1261 1052 ampliores
1298 967 1460 1040 fines
1498 969 1782 1052 possessi
1820 969 1967 1048 sint,
2013 972 2225 1032 totum
2262 987 2411 1031 usu-

383 1057 591 1142 capi¹,
645 1058 950 1142 quoniam
997 1057 1383 1121 universitas
1432 1057 1571 1122 eius
1615 1057 2045 1140 possideatur,
2093 1078 2223 1120 non
2273 1057 2407 1119 sin-

383 1148 574 1234 gulae
621 1151 858 1230 partes.

708 1305 809 1370 De
852 1306 1286 1388 interroyation
1294 1305 1431 1370 ibus
1472 1307 1545 1371 in
1586 1307 1723 1370 iure
1762 1305 2081 1386 faciendis.

562 1423 620 1487 8.
687 1420 766 1486 D.
808 1423 910 1503 11,
950 1423 1006 1501 1,
1042 1421 1148 1506 20,
1189 1423 1244 1485 1.
1345 1420 1585 1486 Paulus
1638 1420 1807 1485 libro
1864 1420 2140 1485 secundo
2198 1417 2404 1492 Quae-

387 1512 669 1577 stionum
713 1547 788 1556 —
830 1509 906 1574 In
942 1510 1080 1573 iure
1118 1514 1573 1594 interrogatus,
1618 1531 1700 1573 an
1740 1508 2008 1573 fundum
2054 1507 2405 1592 possideat,

384 1621 621 1684 quaero
677 1621 761 1663 an
806 1598 1192 1682 respondere
1239 1599 1564 1684 cogendus
1611 1597 1698 1662 sit
1742 1601 1809 1661 et
1852 1602 2051 1682 quota
2094 1618 2175 1660 ex
2215 1601 2402 1680 parte

381 1687 648 1753 fundum
689 1687 1031 1771 possideat.
1112 1687 1447 1771 respondi:
1488 1685 1833 1750 Iavolenus
1880 1685 2108 1751 scribit
2150 1706 2402 1769 posses-

384 1798 596 1841 sorem
643 1776 826 1840 fundi
875 1777 1022 1860 cogi
1075 1776 1304 1840 debere
1358 1775 1771 1858 respondere,
1827 1778 2027 1858 quota
2080 1796 2159 1838 ex
2214 1778 2401 1858 parte

384 1865 653 1929 fundum
694 1864 1050 1950 possideat,
1091 1869 1168 1928 nt
1213 1864 1270 1928 si
1315 1865 1566 1928 minore
1611 1886 1689 1928 ex
1733 1871 1917 1947 parte
1964 1863 2289 1947 possidere
2330 1884 2403 1926 se

383 1954 582 2038 dicat,
641 1954 712 2017 in
773 1953 971 2017 aliam
1034 1958 1313 2037 partem,
1375 1975 1539 2037 quae
1601 1975 1732 2017 non
1797 1952 2269 2037 defenderetur,
2330 1952 2399 2015 in

381 2043 858 2127 possessionem
905 2046 1085 2107 actor
1131 2043 1447 2107 mittatur.

966 2200 1066 2266 De
1102 2202 1356 2283 ylandis
1398 2202 1817 2284 amellatione.

561 2319 619 2383 9.
693 2316 773 2381 D.
818 2317 930 2400 50,
975 2316 1085 2401 16,
1126 2317 1283 2400 236,
1326 2316 1382 2380 1.
1495 2315 1677 2381 Idem
1748 2314 1864 2403 (sc.
1929 2314 2126 2380 Gaius
2231 2314 2397 2378 libro

384 2411 614 2491 quarto
679 2406 757 2471 ad
823 2407 1036 2492 legem
1101 2406 1434 2470 duodecim
1498 2406 1867 2470 tabularum
1936 2442 2011 2451 —
2077 2403 2095 2432 ‘
2166 2403 2399 2468 landis'

384 2495 818 2581 appellatione
881 2493 1092 2560 omnis
1157 2494 1404 2559 fructus
1470 2494 1862 2578 continetur,
1923 2498 1999 2558 nt
2055 2492 2397 2557 Iavolenus

384 2590 501 2670 ait,
559 2585 850 2668 exemplo
907 2582 1136 2647 Graeci
1192 2584 1537 2668 sermoniS,
1592 2581 1763 2666 apud
1817 2605 1977 2667 quos
2036 2602 2257 2646 omnes
2305 2603 2397 2645 ar-

382 2676 613 2740 borum
659 2674 904 2758 species
949 2670 1288 2758 ἀκρόδρυα
1332 2672 1760 2755 appellantur.

393 2988 472 3072 ¹7.
529 2995 609 3068 P.
663 2992 1185 3068 IUVENTIUS
1233 2993 1579 3068 CELSUS
1628 2992 1903 3067 TITUS
1954 2991 2397 3065 AUFIDIUS

849 3117 1273 3191 HOENIUS
1330 3116 1932 3193 SEVERIANUS

558 3263 822 3322 Iuventii
840 3262 998 3321 Celsi
1023 3256 1127 3343 (de
1155 3281 1273 3338 quo
1304 3281 1485 3338 supra
1510 3283 1567 3339 p.
1590 3254 1748 3343 256)
1776 3262 1953 3338 filius,
1982 3280 2118 3321 cum
2139 3279 2293 3320 anno
2314 3261 2393 3320 95

383 3354 593 3411 contra
661 3351 1062 3409 Domitianum
1136 3352 1598 3427 conspiravisset
1669 3344 1814 3431 (Dio
1876 3348 2040 3409 Cass.
2094 3352 2204 3426 67,
2268 3341 2394 3429 13),

385 3458 496 3501 sua
531 3438 859 3499 calliditate
893 3439 1156 3515 periculo
1192 3438 1485 3498 liberatus
1513 3457 1668 3499 anno
1702 3441 1825 3499 106
1857 3439 1953 3499 vel
1984 3441 2109 3498 107
2138 3441 2395 3514 praetor,

527 3595 557 3644 1
598 3589 752 3644 Tra».
787 3588 957 3658 longo
992 3590 1243 3658 tempore
1280 3587 1423 3656 capi.
