<?xml version="1.0" encoding="UTF-8"?>
<!DOCTYPE html PUBLIC "-//W3C//DTD XHTML 1.0 Transitional//EN"
    "http://www.w3.org/TR/xhtml1/DTD/xhtml1-transitional.dtd">
<html xmlns="http://www.w3.org/1999/xhtml" xml:lang="en" lang="en">
 <head>
  <title>
</title>
<meta http-equiv="Content-Type" content="text/html;charset=utf-8" />
  <meta name='ocr-system' content='tesseract 3.04.00' />
  <meta name='ocr-capabilities' content='ocr_page ocr_carea ocr_par ocr_line ocrx_word'/>
</head>
<body>
  <div class='ocr_page' id='page_1' title='image "./iurisprudentiae00unkngoog_0630.png"; bbox 0 0 2575 3900; ppageno 0'>
   <div class='ocr_carea' id='block_1_1' title="bbox 360 167 2551 260">
    <p class='ocr_par' dir='ltr' id='par_1_1' title="bbox 360 149 2551 260">
     <span class='ocr_line' id='line_1_1' title="bbox 360 167 2551 260; baseline 0.011 -48"><span class='ocrx_word' id='word_1_1' title='bbox 360 168 495 232; x_wconf 81' lang='lat'><strong>572</strong></span> <span class='ocrx_word' id='word_1_2' title='bbox 1098 167 1657 224; x_wconf 80' lang='lat' dir='ltr'><strong>ADDITAMENTA.</strong></span> <span class='ocrx_word' id='word_1_3' title='bbox 2549 175 2551 260; x_wconf 44' lang='grc' dir='ltr'>ψ</span> 
     </span>
    </p>
   </div>
   <div class='ocr_carea' id='block_1_2' title="bbox 919 349 1833 434">
    <p class='ocr_par' dir='ltr' id='par_1_2' title="bbox 919 349 1833 434">
     <span class='ocr_line' id='line_1_2' title="bbox 919 349 1833 434; baseline -0.001 -19"><span class='ocrx_word' id='word_1_4' title='bbox 919 349 1018 415; x_wconf 85' lang='lat' dir='ltr'><strong>De</strong></span> <span class='ocrx_word' id='word_1_5' title='bbox 1064 350 1416 414; x_wconf 69' lang='lat' dir='ltr'><strong>litterarum</strong></span> <span class='ocrx_word' id='word_1_6' title='bbox 1457 350 1833 434; x_wconf 73' lang='lat' dir='ltr'><strong>obliqatione.</strong></span> 
     </span>
    </p>
   </div>
   <div class='ocr_carea' id='block_1_3' title="bbox 362 473 2553 742">
    <p class='ocr_par' dir='ltr' id='par_1_3' title="bbox 362 473 2553 742">
     <span class='ocr_line' id='line_1_3' title="bbox 544 473 2462 560; baseline 0.002 -22"><span class='ocrx_word' id='word_1_7' title='bbox 544 475 647 538; x_wconf 90' lang='lat'><strong>22.</strong></span> <span class='ocrx_word' id='word_1_8' title='bbox 696 473 837 539; x_wconf 79' lang='lat' dir='ltr'><strong>Gai.</strong></span> <span class='ocrx_word' id='word_1_9' title='bbox 885 474 949 558; x_wconf 85' lang='lat'><strong>3,</strong></span> <span class='ocrx_word' id='word_1_10' title='bbox 998 475 1142 540; x_wconf 85' lang='lat'><strong>133.</strong></span> <span class='ocrx_word' id='word_1_11' title='bbox 1195 511 1268 521; x_wconf 91' lang='lat'>—</span> <span class='ocrx_word' id='word_1_12' title='bbox 1321 473 1881 560; x_wconf 80' lang='lat' dir='ltr'><strong>Transscripticiis</strong></span> <span class='ocrx_word' id='word_1_13' title='bbox 1931 524 1947 540; x_wconf 92' lang='lat'><strong>.</strong></span> <span class='ocrx_word' id='word_1_14' title='bbox 1980 526 1996 540; x_wconf 94' lang='lat'><strong>.</strong></span> <span class='ocrx_word' id='word_1_15' title='bbox 2035 477 2462 542; x_wconf 87' lang='lat' dir='ltr'><strong>nominibus</strong></span> 
     </span>
     <span class='ocr_line' id='line_1_4' title="bbox 362 563 2553 742; baseline 0.001 -115"><span class='ocrx_word' id='word_1_16' title='bbox 362 585 447 627; x_wconf 78' lang='lat' dir='ltr'><strong>an</strong></span> <span class='ocrx_word' id='word_1_17' title='bbox 497 563 866 647; x_wconf 85' lang='lat' dir='ltr'><strong>obligentur</strong></span> <span class='ocrx_word' id='word_1_18' title='bbox 908 563 1251 649; x_wconf 85' lang='lat' dir='ltr'><strong>peregrini,</strong></span> <span class='ocrx_word' id='word_1_19' title='bbox 1299 613 1314 627; x_wconf 92' lang='lat'><strong>.</strong></span> <span class='ocrx_word' id='word_1_20' title='bbox 1343 613 1358 628; x_wconf 95' lang='lat'><strong>.</strong></span> <span class='ocrx_word' id='word_1_21' title='bbox 1404 565 1734 648; x_wconf 78' lang='lat' dir='ltr'><strong>quaeritur</strong></span> <span class='ocrx_word' id='word_1_22' title='bbox 1780 615 1794 628; x_wconf 90' lang='lat'><strong>.</strong></span> <span class='ocrx_word' id='word_1_23' title='bbox 1825 613 1842 629; x_wconf 94' lang='lat'><strong>.</strong></span> <span class='ocrx_word' id='word_1_24' title='bbox 1871 614 1886 629; x_wconf 95' lang='lat'><strong>.</strong></span> <span class='ocrx_word' id='word_1_25' title='bbox 2551 610 2553 742; x_wconf 45' lang='grc'>1</span> 
     </span>
    </p>
   </div>
   <div class='ocr_carea' id='block_1_4' title="bbox 541 675 1702 752">
    <p class='ocr_par' dir='ltr' id='par_1_4' title="bbox 541 675 1702 752">
     <span class='ocr_line' id='line_1_5' title="bbox 541 675 1702 752; baseline 0.002 -18"><span class='ocrx_word' id='word_1_26' title='bbox 541 675 614 735; x_wconf 87' lang='lat' dir='ltr'><strong>cf.</strong></span> <span class='ocrx_word' id='word_1_27' title='bbox 663 675 741 752; x_wconf 92' lang='lat' dir='ltr'><strong>II,</strong></span> <span class='ocrx_word' id='word_1_28' title='bbox 792 677 825 733; x_wconf 92' lang='lat'><strong>1</strong></span> <span class='ocrx_word' id='word_1_29' title='bbox 876 695 931 750; x_wconf 90' lang='lat' dir='ltr'><strong>p.</strong></span> <span class='ocrx_word' id='word_1_30' title='bbox 981 675 1107 734; x_wconf 84' lang='lat'><strong>308</strong></span> <span class='ocrx_word' id='word_1_31' title='bbox 1157 677 1220 734; x_wconf 86' lang='lat' dir='ltr'><strong>ct</strong></span> <span class='ocrx_word' id='word_1_32' title='bbox 1264 693 1450 750; x_wconf 85' lang='lat' dir='ltr'><strong>supra</strong></span> <span class='ocrx_word' id='word_1_33' title='bbox 1494 695 1552 751; x_wconf 91' lang='lat' dir='ltr'><strong>p.</strong></span> <span class='ocrx_word' id='word_1_34' title='bbox 1600 677 1702 736; x_wconf 88' lang='lat'><strong>60.</strong></span> 
     </span>
    </p>
   </div>
   <div class='ocr_carea' id='block_1_5' title="bbox 936 845 1820 931">
    <p class='ocr_par' dir='ltr' id='par_1_5' title="bbox 936 845 1820 931">
     <span class='ocr_line' id='line_1_6' title="bbox 936 845 1820 931; baseline 0 -19"><span class='ocrx_word' id='word_1_35' title='bbox 936 845 1037 912; x_wconf 81' lang='lat' dir='ltr'><strong>De</strong></span> <span class='ocrx_word' id='word_1_36' title='bbox 1081 848 1401 914; x_wconf 78' lang='lat' dir='ltr'><strong>verborum</strong></span> <span class='ocrx_word' id='word_1_37' title='bbox 1445 849 1820 931; x_wconf 72' lang='lat' dir='ltr'><strong>obliyatione.</strong></span> 
     </span>
    </p>
   </div>
   <div class='ocr_carea' id='block_1_6' title="bbox 360 972 2438 1235">
    <p class='ocr_par' dir='ltr' id='par_1_6' title="bbox 360 972 2438 1235">
     <span class='ocr_line' id='line_1_7' title="bbox 543 972 2438 1058; baseline 0 -21"><span class='ocrx_word' id='word_1_38' title='bbox 543 973 648 1039; x_wconf 86' lang='lat'><strong>23.</strong></span> <span class='ocrx_word' id='word_1_39' title='bbox 695 972 833 1037; x_wconf 77' lang='lat' dir='ltr'><strong>Gai.</strong></span> <span class='ocrx_word' id='word_1_40' title='bbox 880 974 941 1056; x_wconf 88' lang='lat'><strong>3,</strong></span> <span class='ocrx_word' id='word_1_41' title='bbox 981 972 1127 1037; x_wconf 85' lang='lat'><strong>103.</strong></span> <span class='ocrx_word' id='word_1_42' title='bbox 1165 1009 1252 1019; x_wconf 92' lang='lat'><strong>—</strong></span> <span class='ocrx_word' id='word_1_43' title='bbox 1291 1021 1306 1036; x_wconf 95' lang='lat'><strong>.</strong></span> <span class='ocrx_word' id='word_1_44' title='bbox 1335 1022 1350 1037; x_wconf 92' lang='lat'><strong>.</strong></span> <span class='ocrx_word' id='word_1_45' title='bbox 1388 972 1554 1037; x_wconf 92' lang='lat' dir='ltr'><strong>illud</strong></span> <span class='ocrx_word' id='word_1_46' title='bbox 1592 973 1961 1057; x_wconf 79' lang='lat' dir='ltr'><strong>quaesitum</strong></span> <span class='ocrx_word' id='word_1_47' title='bbox 2003 977 2130 1055; x_wconf 87' lang='lat' dir='ltr'><strong>est,</strong></span> <span class='ocrx_word' id='word_1_48' title='bbox 2175 974 2239 1039; x_wconf 88' lang='lat' dir='ltr'><strong>si</strong></span> <span class='ocrx_word' id='word_1_49' title='bbox 2281 975 2438 1058; x_wconf 86' lang='lat' dir='ltr'><strong>quis</strong></span> 
     </span>
     <span class='ocr_line' id='line_1_8' title="bbox 362 1061 2435 1147; baseline 0 -21"><span class='ocrx_word' id='word_1_50' title='bbox 362 1062 492 1126; x_wconf 92' lang='lat' dir='ltr'><strong>sibi</strong></span> <span class='ocrx_word' id='word_1_51' title='bbox 539 1067 606 1126; x_wconf 90' lang='lat' dir='ltr'><strong>et</strong></span> <span class='ocrx_word' id='word_1_52' title='bbox 652 1061 711 1125; x_wconf 90' lang='lat' dir='ltr'><strong>ei</strong></span> <span class='ocrx_word' id='word_1_53' title='bbox 759 1061 941 1126; x_wconf 89' lang='lat' dir='ltr'><strong>cuius</strong></span> <span class='ocrx_word' id='word_1_54' title='bbox 980 1061 1106 1125; x_wconf 92' lang='lat' dir='ltr'><strong>iuri</strong></span> <span class='ocrx_word' id='word_1_55' title='bbox 1142 1061 1472 1126; x_wconf 88' lang='lat' dir='ltr'><strong>subiectus</strong></span> <span class='ocrx_word' id='word_1_56' title='bbox 1507 1083 1639 1127; x_wconf 86' lang='lat' dir='ltr'><strong>non</strong></span> <span class='ocrx_word' id='word_1_57' title='bbox 1679 1066 1798 1142; x_wconf 89' lang='lat' dir='ltr'><strong>est,</strong></span> <span class='ocrx_word' id='word_1_58' title='bbox 1843 1061 1983 1125; x_wconf 85' lang='lat' dir='ltr'><strong>dari</strong></span> <span class='ocrx_word' id='word_1_59' title='bbox 2033 1062 2435 1147; x_wconf 72' lang='lat' dir='ltr'><strong>stipuletur,</strong></span> 
     </span>
     <span class='ocr_line' id='line_1_9' title="bbox 360 1150 1461 1235; baseline 0 -21"><span class='ocrx_word' id='word_1_60' title='bbox 360 1151 431 1215; x_wconf 88' lang='lat' dir='ltr'><strong>in</strong></span> <span class='ocrx_word' id='word_1_61' title='bbox 477 1154 791 1235; x_wconf 85' lang='lat' dir='ltr'><strong>quantum</strong></span> <span class='ocrx_word' id='word_1_62' title='bbox 846 1150 1060 1213; x_wconf 79' lang='lat' dir='ltr'><strong>valeat</strong></span> <span class='ocrx_word' id='word_1_63' title='bbox 1104 1150 1461 1233; x_wconf 74' lang='lat' dir='ltr'><strong>stipulatio,</strong></span> 
     </span>
    </p>
   </div>
   <div class='ocr_carea' id='block_1_7' title="bbox 539 1251 2555 1342">
    <p class='ocr_par' dir='ltr' id='par_1_7' title="bbox 539 1251 2555 1342">
     <span class='ocr_line' id='line_1_10' title="bbox 539 1251 2555 1342; baseline 0 -30"><span class='ocrx_word' id='word_1_64' title='bbox 539 1253 612 1312; x_wconf 90' lang='lat' dir='ltr'><strong>cf.</strong></span> <span class='ocrx_word' id='word_1_65' title='bbox 657 1251 737 1327; x_wconf 90' lang='lat' dir='ltr'><strong>II,</strong></span> <span class='ocrx_word' id='word_1_66' title='bbox 788 1254 821 1310; x_wconf 92' lang='lat'><strong>1</strong></span> <span class='ocrx_word' id='word_1_67' title='bbox 871 1270 933 1331; x_wconf 90' lang='lat' dir='ltr'><strong>p.</strong></span> <span class='ocrx_word' id='word_1_68' title='bbox 982 1253 1108 1312; x_wconf 87' lang='lat'><strong>535</strong></span> <span class='ocrx_word' id='word_1_69' title='bbox 1158 1256 1221 1312; x_wconf 86' lang='lat' dir='ltr'><strong>et</strong></span> <span class='ocrx_word' id='word_1_70' title='bbox 1265 1271 1451 1330; x_wconf 79' lang='lat' dir='ltr'><strong>supra</strong></span> <span class='ocrx_word' id='word_1_71' title='bbox 1494 1274 1552 1329; x_wconf 90' lang='lat' dir='ltr'><strong>p.</strong></span> <span class='ocrx_word' id='word_1_72' title='bbox 1602 1255 1704 1314; x_wconf 88' lang='lat'><strong>61.</strong></span> <span class='ocrx_word' id='word_1_73' title='bbox 2554 1278 2555 1342; x_wconf 43' lang='lat'><em>5</em></span> 
     </span>
    </p>
   </div>
   <div class='ocr_carea' id='block_1_8' title="bbox 362 1343 2555 1606">
    <p class='ocr_par' dir='ltr' id='par_1_8' title="bbox 362 1343 2555 1606">
     <span class='ocr_line' id='line_1_11' title="bbox 540 1343 2555 1450; baseline -0 -22"><span class='ocrx_word' id='word_1_74' title='bbox 540 1364 647 1429; x_wconf 95' lang='lat'><strong>24.</strong></span> <span class='ocrx_word' id='word_1_75' title='bbox 713 1361 851 1429; x_wconf 80' lang='lat' dir='ltr'><strong>Gai.</strong></span> <span class='ocrx_word' id='word_1_76' title='bbox 912 1363 972 1446; x_wconf 86' lang='lat'><strong>3,</strong></span> <span class='ocrx_word' id='word_1_77' title='bbox 1043 1364 1213 1429; x_wconf 69' lang='lat'><strong>167⁸.</strong></span> <span class='ocrx_word' id='word_1_78' title='bbox 1275 1400 1360 1410; x_wconf 90' lang='lat'>—</span> <span class='ocrx_word' id='word_1_79' title='bbox 1426 1361 1595 1427; x_wconf 89' lang='lat' dir='ltr'><strong>Illud</strong></span> <span class='ocrx_word' id='word_1_80' title='bbox 1671 1363 2000 1447; x_wconf 82' lang='lat' dir='ltr'><strong>quaeritur</strong></span> <span class='ocrx_word' id='word_1_81' title='bbox 2075 1387 2169 1428; x_wconf 82' lang='lat' dir='ltr'><strong>an</strong></span> <span class='ocrx_word' id='word_1_82' title='bbox 2241 1364 2420 1450; x_wconf 87' lang='lat' dir='ltr'><strong>quod</strong></span> <span class='ocrx_word' id='word_1_83' title='bbox 2554 1343 2555 1400; x_wconf 50' lang='grc' dir='ltr'><strong>Ῠ</strong></span> 
     </span>
     <span class='ocr_line' id='line_1_12' title="bbox 362 1450 2417 1533; baseline 0 -18"><span class='ocrx_word' id='word_1_84' title='bbox 362 1451 607 1517; x_wconf 86' lang='lat' dir='ltr'><strong>domini</strong></span> <span class='ocrx_word' id='word_1_85' title='bbox 670 1474 909 1517; x_wconf 85' lang='lat' dir='ltr'><strong>nomen</strong></span> <span class='ocrx_word' id='word_1_86' title='bbox 966 1451 1286 1517; x_wconf 82' lang='lat' dir='ltr'><strong>adiectum</strong></span> <span class='ocrx_word' id='word_1_87' title='bbox 1345 1451 1562 1533; x_wconf 84' lang='lat' dir='ltr'><strong>efficit,</strong></span> <span class='ocrx_word' id='word_1_88' title='bbox 1617 1450 1787 1516; x_wconf 90' lang='lat' dir='ltr'><strong>idem</strong></span> <span class='ocrx_word' id='word_1_89' title='bbox 1832 1450 2032 1516; x_wconf 86' lang='lat' dir='ltr'><strong>faciat</strong></span> <span class='ocrx_word' id='word_1_90' title='bbox 2081 1453 2290 1518; x_wconf 87' lang='lat' dir='ltr'><strong>unius</strong></span> <span class='ocrx_word' id='word_1_91' title='bbox 2343 1476 2417 1518; x_wconf 82' lang='lat' dir='ltr'><strong>ex</strong></span> 
     </span>
     <span class='ocr_line' id='line_1_13' title="bbox 362 1540 1405 1606; baseline -0.002 0"><span class='ocrx_word' id='word_1_92' title='bbox 362 1541 644 1606; x_wconf 87' lang='lat' dir='ltr'><strong>dominis</strong></span> <span class='ocrx_word' id='word_1_93' title='bbox 689 1542 937 1606; x_wconf 89' lang='lat' dir='ltr'><strong>iussum</strong></span> <span class='ocrx_word' id='word_1_94' title='bbox 984 1540 1405 1605; x_wconf 84' lang='lat' dir='ltr'><strong>intercedens.</strong></span> 
     </span>
    </p>
   </div>
   <div class='ocr_carea' id='block_1_9' title="bbox 539 1643 1127 1721">
    <p class='ocr_par' dir='ltr' id='par_1_9' title="bbox 539 1643 1127 1721">
     <span class='ocr_line' id='line_1_14' title="bbox 539 1643 1127 1721; baseline -0.002 -17"><span class='ocrx_word' id='word_1_95' title='bbox 539 1645 615 1705; x_wconf 88' lang='lat' dir='ltr'><strong>cf.</strong></span> <span class='ocrx_word' id='word_1_96' title='bbox 659 1643 738 1721; x_wconf 86' lang='lat' dir='ltr'><strong>II,</strong></span> <span class='ocrx_word' id='word_1_97' title='bbox 790 1646 823 1702; x_wconf 92' lang='lat'><strong>1</strong></span> <span class='ocrx_word' id='word_1_98' title='bbox 873 1664 932 1719; x_wconf 91' lang='lat' dir='ltr'><strong>p.</strong></span> <span class='ocrx_word' id='word_1_99' title='bbox 980 1644 1127 1703; x_wconf 83' lang='lat'><strong>480.</strong></span> 
     </span>
    </p>
   </div>
   <div class='ocr_carea' id='block_1_10' title="bbox 360 1741 2404 2461">
    <p class='ocr_par' dir='ltr' id='par_1_10' title="bbox 360 1741 2404 2007">
     <span class='ocr_line' id='line_1_15' title="bbox 541 1741 2404 1829; baseline 0 -18"><span class='ocrx_word' id='word_1_100' title='bbox 541 1746 645 1812; x_wconf 82' lang='grc'><strong>25.</strong></span> <span class='ocrx_word' id='word_1_101' title='bbox 692 1743 833 1809; x_wconf 85' lang='lat' dir='ltr'><strong>Gai.</strong></span> <span class='ocrx_word' id='word_1_102' title='bbox 880 1745 939 1828; x_wconf 86' lang='lat'><strong>3,</strong></span> <span class='ocrx_word' id='word_1_103' title='bbox 989 1744 1135 1809; x_wconf 88' lang='grc'><strong>119.</strong></span> <span class='ocrx_word' id='word_1_104' title='bbox 1190 1781 1279 1791; x_wconf 92' lang='lat'><em>-</em></span> <span class='ocrx_word' id='word_1_105' title='bbox 1335 1793 1350 1808; x_wconf 93' lang='lat'><strong>.</strong></span> <span class='ocrx_word' id='word_1_106' title='bbox 1394 1791 1410 1808; x_wconf 93' lang='lat'><strong>.</strong></span> <span class='ocrx_word' id='word_1_107' title='bbox 1455 1741 1616 1807; x_wconf 88' lang='lat' dir='ltr'><strong>illud</strong></span> <span class='ocrx_word' id='word_1_108' title='bbox 1665 1743 2012 1829; x_wconf 84' lang='lat' dir='ltr'><strong>quaeritur,</strong></span> <span class='ocrx_word' id='word_1_109' title='bbox 2063 1744 2120 1810; x_wconf 90' lang='lat' dir='ltr'><strong>si</strong></span> <span class='ocrx_word' id='word_1_110' title='bbox 2173 1767 2404 1812; x_wconf 82' lang='lat' dir='ltr'><strong>servus</strong></span> 
     </span>
     <span class='ocr_line' id='line_1_16' title="bbox 362 1832 2403 1918; baseline 0.001 -20"><span class='ocrx_word' id='word_1_111' title='bbox 362 1837 478 1898; x_wconf 82' lang='lat' dir='ltr'><strong>aut</strong></span> <span class='ocrx_word' id='word_1_112' title='bbox 539 1834 919 1918; x_wconf 87' lang='lat' dir='ltr'><strong>peregrinus</strong></span> <span class='ocrx_word' id='word_1_113' title='bbox 986 1832 1432 1918; x_wconf 85' lang='lat' dir='ltr'><strong>spoponderit,</strong></span> <span class='ocrx_word' id='word_1_114' title='bbox 1499 1853 1579 1896; x_wconf 84' lang='lat' dir='ltr'><strong>an</strong></span> <span class='ocrx_word' id='word_1_115' title='bbox 1643 1853 1759 1916; x_wconf 88' lang='lat' dir='ltr'><strong>pro</strong></span> <span class='ocrx_word' id='word_1_116' title='bbox 1817 1854 1891 1897; x_wconf 91' lang='lat' dir='ltr'><strong>eo</strong></span> <span class='ocrx_word' id='word_1_117' title='bbox 1955 1854 2243 1916; x_wconf 89' lang='lat' dir='ltr'><strong>sponsor</strong></span> <span class='ocrx_word' id='word_1_118' title='bbox 2290 1841 2403 1902; x_wconf 78' lang='lat' dir='ltr'><strong>aut</strong></span> 
     </span>
     <span class='ocr_line' id='line_1_17' title="bbox 360 1921 1229 2007; baseline 0.002 -21"><span class='ocrx_word' id='word_1_119' title='bbox 360 1921 844 2007; x_wconf 89' lang='lat' dir='ltr'><strong>fidepromissor</strong></span> <span class='ocrx_word' id='word_1_120' title='bbox 887 1921 1229 2007; x_wconf 83' lang='lat' dir='ltr'><strong>obligetur.</strong></span> 
     </span>
    </p>

    <p class='ocr_par' dir='ltr' id='par_1_11' title="bbox 360 2018 2396 2461">
     <span class='ocr_line' id='line_1_18' title="bbox 540 2018 2396 2107; baseline 0.001 -21"><span class='ocrx_word' id='word_1_121' title='bbox 540 2021 644 2086; x_wconf 89' lang='grc'><strong>26.</strong></span> <span class='ocrx_word' id='word_1_122' title='bbox 693 2019 833 2085; x_wconf 82' lang='lat' dir='ltr'><strong>Gai.</strong></span> <span class='ocrx_word' id='word_1_123' title='bbox 870 2020 929 2101; x_wconf 89' lang='lat'><strong>3,</strong></span> <span class='ocrx_word' id='word_1_124' title='bbox 982 2021 1125 2085; x_wconf 88' lang='lat'><strong>122.</strong></span> <span class='ocrx_word' id='word_1_125' title='bbox 1180 2058 1263 2067; x_wconf 92' lang='lat'><em>-</em></span> <span class='ocrx_word' id='word_1_126' title='bbox 1323 2070 1336 2083; x_wconf 93' lang='lat'><strong>.</strong></span> <span class='ocrx_word' id='word_1_127' title='bbox 1378 2069 1394 2086; x_wconf 95' lang='lat'><strong>.</strong></span> <span class='ocrx_word' id='word_1_128' title='bbox 1443 2018 1772 2104; x_wconf 82' lang='lat' dir='ltr'><strong>quaeritur</strong></span> <span class='ocrx_word' id='word_1_129' title='bbox 1832 2041 1916 2083; x_wconf 79' lang='lat' dir='ltr'><strong>an</strong></span> <span class='ocrx_word' id='word_1_130' title='bbox 1970 2024 2122 2104; x_wconf 91' lang='lat' dir='ltr'><strong>post</strong></span> <span class='ocrx_word' id='word_1_131' title='bbox 2181 2022 2396 2107; x_wconf 82' lang='lat' dir='ltr'><strong>legem</strong></span> 
     </span>
     <span class='ocr_line' id='line_1_19' title="bbox 360 2108 2396 2194; baseline 0 -20"><span class='ocrx_word' id='word_1_132' title='bbox 360 2109 627 2175; x_wconf 82' lang='lat' dir='ltr'><strong>Furiam</strong></span> <span class='ocrx_word' id='word_1_133' title='bbox 665 2109 872 2173; x_wconf 82' lang='lat' dir='ltr'><strong>adhuc</strong></span> <span class='ocrx_word' id='word_1_134' title='bbox 911 2110 1078 2193; x_wconf 88' lang='lat' dir='ltr'><strong>legis</strong></span> <span class='ocrx_word' id='word_1_135' title='bbox 1118 2109 1477 2194; x_wconf 84' lang='lat' dir='ltr'><strong>Appuleiae</strong></span> <span class='ocrx_word' id='word_1_136' title='bbox 1518 2108 1894 2173; x_wconf 85' lang='lat' dir='ltr'><strong>beneficium</strong></span> <span class='ocrx_word' id='word_1_137' title='bbox 1933 2110 2239 2194; x_wconf 84' lang='lat' dir='ltr'><strong>supersit.</strong></span> <span class='ocrx_word' id='word_1_138' title='bbox 2333 2115 2396 2175; x_wconf 85' lang='lat' dir='ltr'><strong>et</strong></span> 
     </span>
     <span class='ocr_line' id='line_1_20' title="bbox 360 2196 2393 2281; baseline 0 -19"><span class='ocrx_word' id='word_1_139' title='bbox 360 2200 585 2281; x_wconf 86' lang='lat' dir='ltr'><strong>utique</strong></span> <span class='ocrx_word' id='word_1_140' title='bbox 660 2202 841 2262; x_wconf 80' lang='lat' dir='ltr'><strong>extra</strong></span> <span class='ocrx_word' id='word_1_141' title='bbox 912 2197 1170 2263; x_wconf 82' lang='lat' dir='ltr'><strong>Italiam</strong></span> <span class='ocrx_word' id='word_1_142' title='bbox 1246 2201 1542 2281; x_wconf 83' lang='lat' dir='ltr'><strong>superest</strong></span> <span class='ocrx_word' id='word_1_143' title='bbox 1613 2244 1631 2261; x_wconf 93' lang='lat'><strong>.</strong></span> <span class='ocrx_word' id='word_1_144' title='bbox 1687 2246 1702 2262; x_wconf 96' lang='lat'><strong>.</strong></span> <span class='ocrx_word' id='word_1_145' title='bbox 1747 2246 1763 2262; x_wconf 92' lang='lat'><strong>.</strong></span> <span class='ocrx_word' id='word_1_146' title='bbox 1838 2196 1949 2261; x_wconf 88' lang='lat' dir='ltr'><strong>sed</strong></span> <span class='ocrx_word' id='word_1_147' title='bbox 2034 2220 2120 2261; x_wconf 83' lang='lat' dir='ltr'><strong>an</strong></span> <span class='ocrx_word' id='word_1_148' title='bbox 2196 2200 2393 2265; x_wconf 77' lang='lat' dir='ltr'><strong>etiam</strong></span> 
     </span>
     <span class='ocr_line' id='line_1_21' title="bbox 362 2283 2388 2372; baseline 0.001 -21"><span class='ocrx_word' id='word_1_149' title='bbox 362 2287 523 2371; x_wconf 89' lang='lat' dir='ltr'><strong>&lt;in&gt;</strong></span> <span class='ocrx_word' id='word_1_150' title='bbox 570 2286 764 2351; x_wconf 84' lang='lat' dir='ltr'><strong>Italia</strong></span> <span class='ocrx_word' id='word_1_151' title='bbox 798 2286 1179 2352; x_wconf 86' lang='lat' dir='ltr'><strong>beneficium</strong></span> <span class='ocrx_word' id='word_1_152' title='bbox 1227 2283 1394 2371; x_wconf 86' lang='lat' dir='ltr'><strong>legis</strong></span> <span class='ocrx_word' id='word_1_153' title='bbox 1436 2286 1794 2370; x_wconf 80' lang='lat' dir='ltr'><strong>Appuleiae</strong></span> <span class='ocrx_word' id='word_1_154' title='bbox 1847 2286 2145 2372; x_wconf 84' lang='lat' dir='ltr'><strong>supersit,</strong></span> <span class='ocrx_word' id='word_1_155' title='bbox 2203 2290 2388 2355; x_wconf 72' lang='lat' dir='ltr'><strong>valde</strong></span> 
     </span>
     <span class='ocr_line' id='line_1_22' title="bbox 360 2376 705 2461; baseline 0.006 -23"><span class='ocrx_word' id='word_1_156' title='bbox 360 2376 705 2461; x_wconf 89' lang='lat' dir='ltr'><strong>quaeritur.</strong></span> 
     </span>
    </p>
   </div>
   <div class='ocr_carea' id='block_1_11' title="bbox 1117 2481 1633 2548">
    <p class='ocr_par' dir='ltr' id='par_1_12' title="bbox 1117 2481 1633 2548">
     <span class='ocr_line' id='line_1_23' title="bbox 1117 2481 1633 2548; baseline 0 -2"><span class='ocrx_word' id='word_1_157' title='bbox 1117 2481 1217 2546; x_wconf 82' lang='lat' dir='ltr'><strong>De</strong></span> <span class='ocrx_word' id='word_1_158' title='bbox 1262 2482 1633 2548; x_wconf 76' lang='lat' dir='ltr'><strong>liberatione.</strong></span> 
     </span>
    </p>
   </div>
   <div class='ocr_carea' id='block_1_12' title="bbox 358 2606 2387 2870">
    <p class='ocr_par' dir='ltr' id='par_1_13' title="bbox 358 2606 2387 2870">
     <span class='ocr_line' id='line_1_24' title="bbox 539 2606 2387 2691; baseline 0.001 -20"><span class='ocrx_word' id='word_1_159' title='bbox 539 2608 645 2671; x_wconf 83' lang='lat'><strong>27.</strong></span> <span class='ocrx_word' id='word_1_160' title='bbox 692 2606 831 2673; x_wconf 82' lang='lat' dir='ltr'><strong>Gai.</strong></span> <span class='ocrx_word' id='word_1_161' title='bbox 880 2608 939 2691; x_wconf 88' lang='lat'><strong>3,</strong></span> <span class='ocrx_word' id='word_1_162' title='bbox 989 2607 1133 2672; x_wconf 88' lang='lat'><strong>168.</strong></span> <span class='ocrx_word' id='word_1_163' title='bbox 1184 2642 1260 2653; x_wconf 89' lang='lat'><strong>-—</strong></span> <span class='ocrx_word' id='word_1_164' title='bbox 1316 2656 1374 2671; x_wconf 92' lang='lat'><strong>..</strong></span> <span class='ocrx_word' id='word_1_165' title='bbox 1420 2606 1771 2691; x_wconf 84' lang='lat' dir='ltr'><strong>quaeritur,</strong></span> <span class='ocrx_word' id='word_1_166' title='bbox 1824 2606 1882 2672; x_wconf 89' lang='lat' dir='ltr'><strong>si</strong></span> <span class='ocrx_word' id='word_1_167' title='bbox 1929 2606 2072 2691; x_wconf 89' lang='lat' dir='ltr'><strong>quis</strong></span> <span class='ocrx_word' id='word_1_168' title='bbox 2121 2628 2387 2673; x_wconf 82' lang='lat' dir='ltr'><strong>consen-</strong></span> 
     </span>
     <span class='ocr_line' id='line_1_25' title="bbox 358 2694 2386 2782; baseline 0.001 -22"><span class='ocrx_word' id='word_1_169' title='bbox 358 2695 560 2762; x_wconf 87' lang='lat' dir='ltr'><strong>tiente</strong></span> <span class='ocrx_word' id='word_1_170' title='bbox 626 2696 940 2761; x_wconf 83' lang='lat' dir='ltr'><strong>creditore</strong></span> <span class='ocrx_word' id='word_1_171' title='bbox 1002 2694 1176 2760; x_wconf 80' lang='lat' dir='ltr'><strong>aliud</strong></span> <span class='ocrx_word' id='word_1_172' title='bbox 1231 2716 1352 2780; x_wconf 90' lang='lat' dir='ltr'><strong>pro</strong></span> <span class='ocrx_word' id='word_1_173' title='bbox 1418 2694 1549 2761; x_wconf 84' lang='lat' dir='ltr'><strong>alio</strong></span> <span class='ocrx_word' id='word_1_174' title='bbox 1611 2695 1905 2779; x_wconf 81' lang='lat' dir='ltr'><strong>solverit,</strong></span> <span class='ocrx_word' id='word_1_175' title='bbox 1967 2701 2186 2760; x_wconf 88' lang='lat' dir='ltr'><strong>utrum</strong></span> <span class='ocrx_word' id='word_1_176' title='bbox 2247 2697 2386 2782; x_wconf 89' lang='lat' dir='ltr'><strong>ipso</strong></span> 
     </span>
     <span class='ocr_line' id='line_1_26' title="bbox 358 2784 2387 2870; baseline 0 -21"><span class='ocrx_word' id='word_1_177' title='bbox 358 2786 500 2850; x_wconf 90' lang='lat' dir='ltr'><strong>iure</strong></span> <span class='ocrx_word' id='word_1_178' title='bbox 566 2786 875 2850; x_wconf 88' lang='lat' dir='ltr'><strong>liberetur</strong></span> <span class='ocrx_word' id='word_1_179' title='bbox 929 2834 944 2850; x_wconf 96' lang='lat'><strong>.</strong></span> <span class='ocrx_word' id='word_1_180' title='bbox 976 2832 993 2850; x_wconf 94' lang='lat'><strong>.</strong></span> <span class='ocrx_word' id='word_1_181' title='bbox 1021 2834 1035 2849; x_wconf 94' lang='lat'><strong>.</strong></span> <span class='ocrx_word' id='word_1_182' title='bbox 1073 2832 1091 2866; x_wconf 89' lang='lat'><strong>,</strong></span> <span class='ocrx_word' id='word_1_183' title='bbox 1148 2806 1231 2847; x_wconf 85' lang='lat' dir='ltr'><strong>an</strong></span> <span class='ocrx_word' id='word_1_184' title='bbox 1306 2784 1450 2867; x_wconf 91' lang='lat' dir='ltr'><strong>ipso</strong></span> <span class='ocrx_word' id='word_1_185' title='bbox 1514 2784 1652 2847; x_wconf 90' lang='lat' dir='ltr'><strong>iure</strong></span> <span class='ocrx_word' id='word_1_186' title='bbox 1718 2787 1983 2849; x_wconf 82' lang='lat' dir='ltr'><strong>maneat</strong></span> <span class='ocrx_word' id='word_1_187' title='bbox 2045 2784 2387 2870; x_wconf 76' lang='lat' dir='ltr'><strong>obligatuS,</strong></span> 
     </span>
    </p>
   </div>
   <div class='ocr_carea' id='block_1_13' title="bbox 360 2872 2384 3028">
    <p class='ocr_par' dir='ltr' id='par_1_14' title="bbox 360 2872 2384 3028">
     <span class='ocr_line' id='line_1_27' title="bbox 360 2872 2384 3026; baseline 0 -88"><span class='ocrx_word' id='word_1_188' title='bbox 360 2874 483 3026; x_wconf 55' lang='lat' dir='ltr'><strong>siocli)</strong></span> <span class='ocrx_word' id='word_1_189' title='bbox 540 2874 844 3026; x_wconf 53' lang='lat' dir='ltr'><strong>aglversus</strong></span> <span class='ocrx_word' id='word_1_190' title='bbox 899 2876 1228 2956; x_wconf 88' lang='lat' dir='ltr'><strong>petentem</strong></span> <span class='ocrx_word' id='word_1_191' title='bbox 1294 2873 1670 2957; x_wconf 81' lang='lat' dir='ltr'><strong>exceptione</strong></span> <span class='ocrx_word' id='word_1_192' title='bbox 1727 2872 1856 2937; x_wconf 89' lang='lat' dir='ltr'><strong>doli</strong></span> <span class='ocrx_word' id='word_1_193' title='bbox 1919 2874 2070 2937; x_wconf 83' lang='lat' dir='ltr'><strong>mali</strong></span> <span class='ocrx_word' id='word_1_194' title='bbox 2131 2874 2384 2941; x_wconf 82' lang='lat' dir='ltr'><strong>defendi</strong></span> 
     </span>
     <span class='ocr_line' id='line_1_28' title="bbox 406 2984 742 3028; baseline 0 -1"><span class='ocrx_word' id='word_1_195' title='bbox 406 2984 438 3027; x_wconf 88' lang='lat' dir='ltr'><strong>e</strong></span> <span class='ocrx_word' id='word_1_196' title='bbox 488 2984 562 3027; x_wconf 82' lang='lat' dir='ltr'><strong>ea</strong></span> <span class='ocrx_word' id='word_1_197' title='bbox 640 3014 654 3027; x_wconf 91' lang='lat'><strong>.</strong></span> <span class='ocrx_word' id='word_1_198' title='bbox 682 3012 699 3028; x_wconf 95' lang='lat'><strong>.</strong></span> <span class='ocrx_word' id='word_1_199' title='bbox 728 3014 742 3027; x_wconf 91' lang='lat'><strong>.</strong></span> 
     </span>
    </p>
   </div>
   <div class='ocr_carea' id='block_1_14' title="bbox 535 3065 1898 3142">
    <p class='ocr_par' dir='ltr' id='par_1_15' title="bbox 535 3065 1898 3142">
     <span class='ocr_line' id='line_1_29' title="bbox 535 3065 1898 3142; baseline 0 -18"><span class='ocrx_word' id='word_1_200' title='bbox 535 3066 608 3125; x_wconf 88' lang='lat' dir='ltr'><strong>cf.</strong></span> <span class='ocrx_word' id='word_1_201' title='bbox 652 3065 733 3141; x_wconf 85' lang='lat' dir='ltr'><strong>II,</strong></span> <span class='ocrx_word' id='word_1_202' title='bbox 790 3071 821 3125; x_wconf 94' lang='lat'><strong>1</strong></span> <span class='ocrx_word' id='word_1_203' title='bbox 872 3085 926 3142; x_wconf 87' lang='lat' dir='ltr'><strong>p.</strong></span> <span class='ocrx_word' id='word_1_204' title='bbox 979 3066 1105 3126; x_wconf 82' lang='lat'><strong>539</strong></span> <span class='ocrx_word' id='word_1_205' title='bbox 1156 3069 1218 3125; x_wconf 85' lang='lat' dir='ltr'><strong>ct</strong></span> <span class='ocrx_word' id='word_1_206' title='bbox 1262 3082 1448 3140; x_wconf 78' lang='lat' dir='ltr'><strong>supra.</strong></span> <span class='ocrx_word' id='word_1_207' title='bbox 1492 3084 1548 3141; x_wconf 89' lang='lat' dir='ltr'><strong>p.</strong></span> <span class='ocrx_word' id='word_1_208' title='bbox 1600 3066 1700 3125; x_wconf 83' lang='lat'><strong>62.</strong></span> <span class='ocrx_word' id='word_1_209' title='bbox 1754 3066 1898 3124; x_wconf 90' lang='lat'><strong>161.</strong></span> 
     </span>
    </p>
   </div>
   <div class='ocr_carea' id='block_1_15' title="bbox 357 3165 2378 3612">
    <p class='ocr_par' dir='ltr' id='par_1_16' title="bbox 358 3165 2378 3341">
     <span class='ocr_line' id='line_1_30' title="bbox 537 3165 2378 3251; baseline 0 -19"><span class='ocrx_word' id='word_1_210' title='bbox 537 3167 641 3232; x_wconf 90' lang='lat'><strong>28.</strong></span> <span class='ocrx_word' id='word_1_211' title='bbox 690 3165 827 3231; x_wconf 81' lang='lat' dir='ltr'><strong>Gai.</strong></span> <span class='ocrx_word' id='word_1_212' title='bbox 876 3167 936 3248; x_wconf 93' lang='grc'><strong>3,</strong></span> <span class='ocrx_word' id='word_1_213' title='bbox 987 3166 1131 3231; x_wconf 84' lang='grc'><strong>172.</strong></span> <span class='ocrx_word' id='word_1_214' title='bbox 1175 3202 1251 3212; x_wconf 92' lang='lat'><strong>-—</strong></span> <span class='ocrx_word' id='word_1_215' title='bbox 1296 3216 1310 3230; x_wconf 93' lang='lat'><strong>.</strong></span> <span class='ocrx_word' id='word_1_216' title='bbox 1339 3214 1353 3229; x_wconf 99' lang='lat'><strong>.</strong></span> <span class='ocrx_word' id='word_1_217' title='bbox 1383 3216 1396 3229; x_wconf 95' lang='lat'><strong>.</strong></span> <span class='ocrx_word' id='word_1_218' title='bbox 1429 3188 1512 3230; x_wconf 84' lang='lat' dir='ltr'><strong>an</strong></span> <span class='ocrx_word' id='word_1_219' title='bbox 1561 3216 1618 3231; x_wconf 91' lang='lat'><strong>..</strong></span> <span class='ocrx_word' id='word_1_220' title='bbox 1657 3166 1725 3229; x_wconf 89' lang='lat' dir='ltr'><strong>in</strong></span> <span class='ocrx_word' id='word_1_221' title='bbox 1761 3173 2015 3251; x_wconf 80' lang='lat' dir='ltr'><strong>partem</strong></span> <span class='ocrx_word' id='word_1_222' title='bbox 2053 3171 2378 3251; x_wconf 84' lang='lat' dir='ltr'><strong>acceptum</strong></span> 
     </span>
     <span class='ocr_line' id='line_1_31' title="bbox 358 3254 1415 3341; baseline -0.003 -20"><span class='ocrx_word' id='word_1_223' title='bbox 358 3257 500 3321; x_wconf 89' lang='lat' dir='ltr'><strong>fieri</strong></span> <span class='ocrx_word' id='word_1_224' title='bbox 538 3257 765 3341; x_wconf 83' lang='lat' dir='ltr'><strong>possit,</strong></span> <span class='ocrx_word' id='word_1_225' title='bbox 812 3255 1174 3339; x_wconf 85' lang='lat' dir='ltr'><strong>quaesitum</strong></span> <span class='ocrx_word' id='word_1_226' title='bbox 1212 3254 1415 3339; x_wconf 79' lang='lat' dir='ltr'><strong>(est).</strong></span> 
     </span>
    </p>

    <p class='ocr_par' dir='ltr' id='par_1_17' title="bbox 357 3349 2378 3612">
     <span class='ocr_line' id='line_1_32' title="bbox 536 3349 2376 3438; baseline -0.001 -19"><span class='ocrx_word' id='word_1_227' title='bbox 536 3353 641 3419; x_wconf 87' lang='lat'><strong>29.</strong></span> <span class='ocrx_word' id='word_1_228' title='bbox 688 3352 766 3417; x_wconf 93' lang='lat' dir='ltr'><strong>D.</strong></span> <span class='ocrx_word' id='word_1_229' title='bbox 803 3352 907 3433; x_wconf 89' lang='lat'><strong>46,</strong></span> <span class='ocrx_word' id='word_1_230' title='bbox 944 3354 1005 3437; x_wconf 87' lang='lat'><strong>4,</strong></span> <span class='ocrx_word' id='word_1_231' title='bbox 1044 3354 1083 3417; x_wconf 89' lang='lat'>8</span> <span class='ocrx_word' id='word_1_232' title='bbox 1121 3375 1218 3436; x_wconf 92' lang='lat' dir='ltr'><strong>pr.</strong></span> <span class='ocrx_word' id='word_1_233' title='bbox 1256 3351 1439 3417; x_wconf 86' lang='lat' dir='ltr'><strong>Idem</strong></span> <span class='ocrx_word' id='word_1_234' title='bbox 1486 3349 1864 3438; x_wconf 81' lang='lat' dir='ltr'><strong>(Ulpianus)</strong></span> <span class='ocrx_word' id='word_1_235' title='bbox 1902 3352 2071 3418; x_wconf 89' lang='lat' dir='ltr'><strong>libro</strong></span> <span class='ocrx_word' id='word_1_236' title='bbox 2118 3353 2376 3437; x_wconf 80' lang='lat' dir='ltr'><strong>quadra·</strong></span> 
     </span>
     <span class='ocr_line' id='line_1_33' title="bbox 358 3438 2378 3528; baseline 0 -21"><span class='ocrx_word' id='word_1_237' title='bbox 358 3443 654 3528; x_wconf 85' lang='lat' dir='ltr'><strong>gensimo</strong></span> <span class='ocrx_word' id='word_1_238' title='bbox 695 3444 921 3505; x_wconf 83' lang='lat' dir='ltr'><strong>octavo</strong></span> <span class='ocrx_word' id='word_1_239' title='bbox 960 3440 1041 3505; x_wconf 83' lang='lat' dir='ltr'><strong>ad</strong></span> <span class='ocrx_word' id='word_1_240' title='bbox 1070 3438 1398 3506; x_wconf 77' lang='lat' dir='ltr'><strong>Sabinum.</strong></span> <span class='ocrx_word' id='word_1_241' title='bbox 1437 3478 1522 3489; x_wconf 90' lang='lat'><strong>--</strong></span> <span class='ocrx_word' id='word_1_242' title='bbox 1553 3442 1659 3505; x_wconf 87' lang='lat' dir='ltr'><strong>An</strong></span> <span class='ocrx_word' id='word_1_243' title='bbox 1696 3441 1951 3507; x_wconf 89' lang='lat' dir='ltr'><strong>inutilis</strong></span> <span class='ocrx_word' id='word_1_244' title='bbox 1981 3440 2378 3526; x_wconf 77' lang='lat' dir='ltr'><strong>acceptilatio</strong></span> 
     </span>
     <span class='ocr_line' id='line_1_34' title="bbox 357 3529 1524 3612; baseline 0.001 -20"><span class='ocrx_word' id='word_1_245' title='bbox 357 3531 515 3593; x_wconf 88' lang='lat' dir='ltr'><strong>utile</strong></span> <span class='ocrx_word' id='word_1_246' title='bbox 561 3529 800 3591; x_wconf 85' lang='lat' dir='ltr'><strong>habeat</strong></span> <span class='ocrx_word' id='word_1_247' title='bbox 824 3532 1129 3611; x_wconf 81' lang='lat' dir='ltr'><strong>pactum,</strong></span> <span class='ocrx_word' id='word_1_248' title='bbox 1175 3530 1524 3612; x_wconf 82' lang='lat' dir='ltr'><strong>quaeritur.</strong></span> 
     </span>
    </p>
   </div>
  </div>
 </body>
</html>
