2575 3900
358 193 488 260 508
1095 192 1646 249 ADDITAMENTA.

360 359 557 436 mitti,
596 380 738 424 cum
768 361 1038 441 uterque
1064 357 1237 422 filius
1266 356 1402 421 eius
1430 357 1498 421 in
1535 356 1748 440 prima
1777 359 1988 421 aetate
2017 356 2396 439 decesserit,

365 447 810 602 ζὲοέἐὲἰιέυὲτο
849 445 1193 512 decedente
1227 446 1378 510 ilico
1419 446 1810 511 substitutus
1848 446 1918 509 in
1946 445 2081 509 eius
2126 448 2394 528 partem

548 640 619 698 ef.
666 638 728 696 11
774 639 807 696 1
857 659 913 714 p.
962 638 1108 698 425.

543 741 602 806 8.
659 738 727 804 C.
786 740 845 822 6,
892 739 996 821 29,
1044 740 1084 804 3
1140 738 1565 824 (Iustinianus
1612 761 1668 804 a.
1715 735 1894 822 530).
1958 774 2032 784 —
2094 787 2109 802 .
2138 788 2150 802 .
2183 787 2200 802 .
2255 758 2396 802 cer·

366 831 579 892 tatum
647 831 747 892 est
812 827 980 910 apud
1047 832 1291 892 veteres
1363 879 1376 892 .
1415 877 1483 892 ..
1548 849 1692 893 cum
1765 827 1966 911 igitur
2027 825 2085 890 is
2145 825 2256 910 qui
2321 827 2390 890 in

364 920 589 982 ventre
645 916 1027 1000 portabatur
1072 917 1462 1000 praeteritus
1508 916 1738 995 fuerat,
1792 915 1901 998 qui
1950 915 2006 979 si
2050 914 2130 979 ad
2176 915 2392 979 lucem

368 1005 604 1070 fuisset
663 1005 979 1083 redactuS,
1033 1025 1186 1069 suus
1249 1004 1437 1068 heres
1484 1004 1659 1090 patri
1723 1005 2052 1086 existeret,
2126 1003 2184 1068 si
2252 1024 2390 1068 non

364 1093 529 1158 alius
572 1116 722 1160 eum
750 1093 1156 1159 antecederet
1194 1097 1259 1156 et
1284 1093 1605 1159 nascendo
1634 1097 1894 1176 ruptum
1922 1094 2392 1156 testamentum

364 1182 667 1266 faciebat,
715 1183 771 1246 si
815 1187 1155 1266 postumus
1191 1183 1261 1246 in
1301 1181 1471 1247 hunc
1508 1181 1767 1266 quidem
1796 1181 2019 1246 orbem
2046 1179 2390 1245 devolutus

368 1280 483 1355 est,
541 1293 695 1335 voce
757 1273 972 1335 autem
1028 1291 1158 1335 non
1214 1271 1451 1335 emissa
1507 1271 1588 1336 ab
1643 1272 1766 1335 hac
1822 1270 1962 1334 luce
2010 1270 2386 1334 subtractus

367 1364 484 1443 est,
532 1360 969 1443 dubitabatur,
1023 1358 1080 1423 si
1126 1360 1182 1422 is
1229 1363 1568 1442 postumus
1616 1363 1877 1442 ruptum
1927 1358 2136 1423 facere
2182 1360 2392 1423 testa-

364 1454 653 1514 mentum
716 1451 949 1531 potest.
1004 1451 1256 1512 veteres
1312 1448 1511 1512 animi
1564 1447 1810 1513 turbati
1866 1452 2038 1530 sunt,
2091 1445 2250 1530 quid
2309 1446 2390 1510 de

365 1542 635 1622 paterno
684 1537 894 1620 elogio
943 1536 1352 1600 statuendum
1399 1536 1503 1601 sit.

544 1641 616 1699 cf.
663 1638 725 1698 11
777 1642 808 1698 1
858 1659 917 1716 p.
964 1641 1113 1698 426.

545 1743 605 1806 9.
653 1738 719 1805 C.
768 1741 830 1818 6,
889 1739 992 1822 29,
1038 1741 1082 1804 4
1137 1739 1567 1818 (Iustinianus
1614 1762 1669 1806 a.
1714 1736 1890 1826 530).
1949 1775 2033 1786 —-
2090 1737 2390 1823 Quidam,

367 1853 513 1897 cum
542 1833 1003 1894 testamentum
1035 1828 1332 1910 faciebat,
1367 1829 1471 1892 his
1500 1827 1712 1895 verbis
1749 1851 1903 1893 usus
1934 1832 2060 1894 est:
2098 1827 2177 1892 ‘si
2210 1827 2388 1891 filius

366 1920 471 1987 vel
515 1920 653 1984 filia
697 1917 869 1982 intra
919 1917 1133 1982 decem
1190 1939 1526 1983 mensuum
1573 1918 1851 2003 spatium
1908 1922 2058 2002 post
2113 1919 2389 1981 mortem

368 2031 581 2075 meam
628 2007 869 2071 fuerint
910 2006 1081 2089 editi,
1117 2006 1381 2071 heredes
1421 2006 1633 2072 sunto'
1684 2007 1784 2071 vel
1831 2007 1928 2072 ita
1963 2006 2152 2071 dixit:
2191 2004 2390 2069 ‘filius

369 2100 471 2164 vel
544 2097 696 2177 filia,
773 2094 881 2179 qui
946 2096 1118 2160 intra
1193 2117 1443 2160 menses
1509 2096 1840 2180 proximos
1905 2096 2136 2160 mortis
2210 2115 2391 2158 meae

370 2190 742 2264 nascentur,
815 2184 1080 2248 heredes
1158 2184 1393 2247 sunto'.
1483 2185 1765 2269 iurgium
1842 2184 2124 2268 antiquis
2197 2183 2393 2247 inter-

369 2273 807 2360 pretatoribus
876 2273 1091 2358 legum
1154 2276 1447 2336 exortum
1513 2278 1637 2350 est,
1710 2295 1796 2338 an
1859 2273 2225 2355 videantur,
2289 2271 2394 2354 <si

227 2412 237 2423 .
367 2366 516 2429 vivo
567 2365 875 2427 testatore
921 2361 1335 2444 nascuntur),
1381 2382 1508 2426 non
1549 2362 1864 2426 contineri
1898 2363 2288 2426 testamento
2328 2363 2396 2424 et

370 2454 494 2518 hoc
540 2456 799 2535 ruptum
846 2451 1072 2515 faeere.

553 2541 653 2607 10.
700 2538 834 2604 Gai.
883 2540 953 2620 2,
997 2538 1102 2603 55.
1151 2575 1232 2585 —
1282 2588 1298 2603 .
1330 2589 1344 2604 .
1390 2539 1730 2603 voluerunt
1777 2542 2022 2602 veteres
2070 2536 2392 2603 maturius

371 2632 761 2696 hereditates
792 2628 971 2710 adiri,
1010 2631 1080 2691 ut
1127 2633 1342 2691 essent
1378 2628 1488 2711 qui
1518 2648 1700 2693 sacra
1729 2626 2013 2692 facerent
2060 2676 2075 2692 .
2103 2678 2116 2691 .
2145 2677 2160 2691 .
2207 2630 2277 2691 et
2323 2629 2395 2691 ut

374 2721 722 2787 creditores
770 2716 1102 2799 haberent,
1147 2738 1187 2779 a
1233 2738 1359 2801 quo
1409 2738 1597 2780 suum
1645 2720 2206 2801 consequerentur.

980 2874 1081 2940 De
1128 2876 1414 2958 leyitimis
1456 2875 1787 2941 heredibus,

557 2994 656 3057 11.
721 2989 799 3055 D.
848 2992 912 3075 5,
954 2993 1014 3072 4,
1062 2992 1101 3056 3
1126 3013 1219 3074 pr.
1311 2989 1547 3056 Paulus
1601 2992 1767 3056 libro
1825 2992 2104 3074 septimo
2162 2989 2392 3055 decino

376 3083 456 3147 ad
484 3081 828 3148 Plautium.
857 3116 945 3126 —
974 3080 1248 3163 Antiqui
1284 3080 1489 3144 libero
1529 3083 1740 3145 ventri
1776 3080 1871 3144 ita
1908 3084 2392 3164 prospexerunt,

374 3175 449 3237 ut
504 3172 571 3235 in
626 3173 881 3253 tempus
937 3168 1239 3233 nascendi
1297 3170 1514 3234 omnia
1567 3168 1626 3233 ei
1683 3168 1826 3234 iura
1874 3168 2131 3254 integra
2191 3189 2395 3232 reser-

374 3263 616 3326 varent.

1195 3345 1296 3411 De
1341 3346 1569 3431 legatis.

558 3466 656 3530 12.
719 3463 797 3528 D.
846 3462 950 3544 35,
1011 3466 1070 3546 2,
1138 3463 1194 3541 1,
1258 3461 1318 3528 9.
1381 3461 1620 3527 Paulus
1685 3463 1855 3528 libro
1921 3460 2235 3545 singulari
2310 3460 2393 3525 ad

373 3556 586 3639 legem
655 3551 1022 3617 Falcidiam.
1085 3587 1158 3598 —
1222 3548 1292 3613 Si
1347 3572 1499 3614 usus
1545 3551 1791 3616 fruetus
1836 3551 2088 3635 legatus
2135 3549 2239 3633 sit,
2285 3549 2395 3631 qui
