2575 3900
366 210 496 277 438
569 211 636 269 V.
673 210 974 267 NERVAE
1010 210 1104 267 ΕΤ
1142 208 1449 266 TRAIANI
1484 210 1699 268 ΤΕΜΡ.
1734 209 1928 267 IURIS
1966 206 2343 265 CONSULTI

364 382 422 442 et
469 396 542 441 ea
595 380 761 440 terra
811 376 1096 441 adsiduis
1135 374 1377 457 pluviis
1428 375 1765 459 inundata,
1813 375 1917 459 ita
1957 374 2203 456 pariete
2257 373 2421 437 eius

367 465 477 548 qui
521 465 824 530 locaverat
861 484 1074 530 umore
1102 465 1471 547 praestituto
1515 463 1882 549 madefacta,
1934 462 2220 545 aedificia
2263 480 2421 526 cor-

365 558 640 618 ruerunt.
721 553 924 619 Labeo
969 574 1046 619 ex
1091 552 1282 619 locato
1328 554 1747 618 wnmmmodo
1791 553 2089 619 actionem
2122 570 2248 616 esse
2282 552 2419 633 ait,

364 642 517 725 quia
577 662 703 709 non
765 643 907 725 ipsa
969 644 1264 727 conyestio
1274 690 1293 726 ,
1354 644 1461 708 sed
1519 662 1699 708 timor
1762 662 1839 708 ex
1890 662 1965 707 ea
2006 640 2421 722 comestione

355 736 569 815 postea
621 733 848 797 damno
896 731 1116 814 fuerit,
1169 732 1389 796 damni
1430 735 1635 797 autem
1679 731 1955 797 iniuriae
1998 730 2155 795 actio
2201 728 2273 793 ob
2321 749 2417 793 ea

367 821 506 903 ipsa
565 822 673 905 sit,
733 841 842 902 per
895 841 1075 906 quae,
1136 840 1264 885 non
1317 821 1687 885 extrinsecus
1738 819 1873 885 alia
1924 831 2115 886 causa
2166 816 2413 902 oblata,

363 910 590 974 damno
634 910 774 991 quis
817 911 1092 990 adfectus
1136 912 1237 975 est.
1328 908 1438 975 hoc
1474 909 1679 996 probo.

1169 1086 1270 1152 De
1312 1086 1589 1152 iniuriis.

549 1203 690 1268 153.
756 1202 834 1267 D.
879 1203 985 1285 47,
1037 1203 1146 1283 10,
1189 1202 1296 1268 44.
1402 1201 1747 1266 Iavolenus
1819 1200 1987 1266 libro
2061 1221 2236 1265 nono
2314 1220 2402 1263 ex

367 1291 833 1375 posterioribus
861 1251 1197 1357 Labeonis,
1224 1327 1301 1338 —
1334 1289 1410 1357 Si
1435 1292 1803 1372 inferiorum
1830 1291 2118 1355 dominus
2142 1289 2405 1353 aedium

366 1378 702 1465 (aedibus)
751 1381 1089 1483 superioris
1139 1380 1335 1446 vicini
1372 1380 1731 1463 fumiyandi
1772 1398 1963 1445 causa
2004 1360 2255 1460 fumum
2292 1378 2405 1461 fa·

363 1474 536 1554 ceret‚
579 1474 694 1534 aut
731 1469 792 1535 si
834 1470 1114 1551 superior
1146 1470 1388 1535 vicinus
1422 1470 1492 1533 in
1526 1469 1851 1549 inferiores
1884 1468 2062 1533 aedes
2094 1468 2251 1549 quid
2282 1472 2405 1531 aut

356 1558 682 1640 proiecerit
749 1563 864 1623 aut
932 1556 1257 1642 infuderit,
1330 1562 1514 1641 neqat
1570 1558 1774 1623 Labeo
1836 1558 2226 1623 iniuriarum
2286 1558 2406 1639 aqi

356 1666 548 1729 posse
653 1648 816 1729 quod
871 1646 1109 1727 falsum
1157 1651 1343 1733 pute,
1402 1648 1463 1713 si
1507 1651 1710 1712 tamen
1753 1646 2027 1712 iniuriae
2066 1644 2403 1739 faciendae

365 1755 558 1801 causa
602 1736 952 1801 inmittitur.

545 1836 618 1907 of.
665 1846 911 1906 Perniee
956 1836 1063 1925 11⁵¹,
1109 1866 1166 1923 p.
1198 1848 1280 1907 36
1330 1866 1389 1909 n.
1419 1848 1477 1907 5.

1218 2061 1435 2122 Liber
1476 2062 1551 2122 X.

537 2178 636 2245 De
678 2181 1198 2246 extraordinariis
1240 2181 1609 2263 qmbusdam
1651 2182 1883 2247 delictis
1913 2179 2233 2273 privatis?
2282 2187 2287 2190 '

551 2294 696 2361 154.
758 2295 837 2360 D.
884 2297 988 2378 46,
1037 2297 1095 2380 1,
1139 2273 1244 2361 46.
1353 2296 1699 2362 Iavolenus
1763 2293 1933 2362 libro
2000 2295 2249 2361 decimo
2316 2317 2403 2360 ex

368 2382 835 2470 posterioribus
891 2384 1230 2450 Labeonis
1285 2421 1375 2434 —
1429 2383 1587 2452 Cum
1647 2387 1744 2451 lex
1797 2384 2241 2460 venditionibus
2295 2404 2400 2448 oc-

368 2493 610 2538 currere
669 2475 949 2554 voluerit,
1011 2475 1335 2558 fideiussor
1396 2469 1629 2558 quoque
1687 2473 2008 2557 liberatur,
2072 2494 2138 2538 eo
2191 2473 2400 2557 mayis

371 2564 535 2646 quod
565 2584 682 2646 per
725 2564 1024 2630 eiusmodi
1067 2564 1365 2629 actionem
1408 2565 1496 2630 ad
1535 2584 1707 2628 reum
1739 2563 2111 2646 pervenitur.

549 2692 720 2764 Quod
767 2694 838 2753 de
887 2686 1067 2770 ‘lege’
1115 2694 1343 2754 dietum
1387 2697 1498 2772 est,
1544 2692 1623 2752 ad
1666 2712 1738 2753 ea
1778 2712 2015 2770 quoque
2051 2709 2203 2769 quae
2238 2690 2397 2767 legis

370 2783 560 2842 vicem
595 2782 818 2842 habere
855 2783 1196 2861 creduntur,
1241 2783 1304 2842 id
1342 2786 1436 2844 est
1472 2782 1550 2842 ad
1584 2781 1868 2858 principis
1905 2780 2398 2842 eonstitufionem

371 2869 468 2929 vel
520 2873 762 2930 senatus
799 2873 1140 2932 consultum
1174 2872 1475 2949 pertinere
1510 2871 1860 2931 Iavolenum
1898 2870 2185 2930 statuisse
2222 2872 2395 2929 ratus

372 2961 434 3016 et
496 2958 757 3018 edietum
815 2959 938 3020 divi
991 2961 1284 3038 Augusti,
1347 2979 1465 3038 quo
1528 2961 1618 3020 rei
1676 2959 1977 3036 litigiosae
2033 2959 2395 3036 emptionem

371 3045 598 3105 nullius
653 3048 941 3108 momenti
994 3066 1126 3109 esse
1181 3049 1474 3109 statuitur
1524 3042 1626 3128 (fr.
1664 3047 1737 3108 de
1784 3049 1915 3109 iure
1959 3047 2088 3108 fisci
2126 3045 2174 3124 ξ
2214 3039 2283 3128 8)
2331 3049 2396 3107 et

373 3136 616 3194 senatus
680 3135 1018 3196 consultum
1079 3137 1232 3196 illud
1287 3138 1361 3197 de
1416 3137 1701 3198 aedificiis
1754 3156 1875 3196 non
1930 3137 2233 3197 diruendis
2289 3134 2394 3196 Cn.

373 3223 620 3283 Hosidio
667 3222 822 3284 Geta.
864 3223 933 3285 L.
981 3226 1256 3302 Vagellio
1302 3243 1417 3286 eos,
1466 3219 1549 3306 (a.
1596 3219 1888 3304 44—46)
1934 3227 2178 3303 factum,
2236 3223 2395 3302 quod

375 3311 664 3388 quasdam
701 3312 1103 3372 aedificiorum
1139 3315 1509 3375 venditiones
1548 3308 1773 3376 ‘irritas
1808 3307 1960 3374 fieri'
1999 3315 2131 3376 vult
2166 3305 2393 3397 (Bruns

375 3399 521 3458 font.
585 3419 642 3474 p.
684 3401 813 3460 190
828 3395 962 3482 sq.),
1012 3403 1277 3479 aliasque
1317 3403 1539 3462 similes
1577 3397 1787 3481 ‘leges’
1826 3403 2175 3464 Iavolenum
2212 3403 2393 3481 expli-

378 3505 547 3546 casse
575 3489 926 3562 putaverim.
974 3508 1128 3566 quae
1155 3489 1497 3549 coniectura.
1522 3492 1635 3550 hae
1658 3510 1722 3550 re
1742 3493 2207 3569 commendatur,
2235 3491 2391 3568 quod

377 3575 464 3634 ita
499 3575 827 3651 probabilis
865 3596 1065 3637 rerum
1101 3595 1357 3639 conexus
1393 3578 1779 3658 conspicitur3
1816 3599 1955 3640 nam
1988 3579 2092 3658 qui
2118 3599 2245 3640 rem
2269 3579 2390 3640 liti-
