2575 3900
407 263 538 326 546
1135 259 1683 318 ADDITAMENTA.

409 425 662 490 fructus
719 425 1022 508 pertinet,
1085 424 1248 488 utile
1311 423 1637 490 communi
1706 423 2050 488 dividundo
2117 422 2437 488 iudicium

409 513 591 578 reddi
636 512 956 597 plerisque
1001 512 1262 598 placuit.

1129 688 1228 754 De
1273 692 1408 755 iure
1450 691 1701 755 dotium.

588 815 689 879 76.
735 812 882 878 Vat.
920 813 998 877 fr.
1031 813 1175 879 115.
1230 810 1466 900 (PauL)
1509 850 1585 860 —
1627 864 1642 879 .
1675 863 1690 878 .
1723 861 1737 875 .
1777 833 1816 876 a
1852 812 2231 896 quibusdam
2274 814 2433 878 dioi-

405 908 532 987 tur,
570 903 787 967 omnia
832 903 900 966 in
946 902 1159 967 dotem
1209 900 1396 985 da<ri
1444 901 1690 986 posse>.

589 992 688 1056 77.
735 989 813 1055 D.
843 990 947 1072 25,
981 992 1038 1074 1,
1069 990 1128 1062 5,
1158 992 1218 1055 2.
1289 989 1609 1074 Ulpianus
1657 991 1821 1055 libro
1868 989 2201 1074 trigesimo
2241 995 2433 1055 sexto

409 1080 491 1144 ad
540 1077 864 1144 Sabinum.
915 1115 996 1125 —
1048 1078 1116 1142 Si
1174 1079 1288 1144 dos
1336 1079 1551 1143 soluta
1596 1079 1682 1142 sit
1726 1099 1855 1143 non
1901 1078 2125 1142 habita
2169 1078 2430 1143 ratione

410 1171 869 1252 impensarum,
915 1166 1252 1232 videndum
1305 1172 1421 1252 est,
1467 1189 1551 1232 an
1597 1166 1843 1231 eondici
1887 1168 2096 1249 possit
2141 1166 2206 1230 id
2252 1167 2428 1251 quod

406 1279 525 1341 pro
594 1255 898 1339 impensis
964 1257 1341 1320 necessariis
1406 1256 1810 1339 compensari
1865 1254 2049 1321 solet.
2133 1306 2146 1319 .
2188 1307 2199 1320 .
2241 1306 2255 1319 .
2303 1258 2428 1320 etsi

408 1345 696 1430 plerique
742 1349 980 1429 negent
1025 1393 1040 1408 .
1068 1395 1082 1409 .
1112 1393 1127 1407 .

590 1434 688 1498 78.
748 1431 820 1498 D.
852 1433 957 1514 23,
985 1433 1044 1514 2,
1073 1433 1174 1497 33.
1239 1431 1420 1496 Idem
1460 1428 1573 1518 (so.
1612 1428 1987 1518 Marcellus)
2024 1431 2190 1496 libro
2226 1433 2426 1498 tertio

407 1523 488 1587 ad
557 1523 765 1605 legem
830 1520 1063 1585 Iuliam
1127 1522 1191 1583 et
1245 1520 1530 1604 Papiam.
1577 1557 1665 1566 —
1710 1519 2003 1604 Plerique
2058 1520 2427 1603 opinantur,

407 1633 553 1675 oum
612 1610 829 1674 eadem
888 1608 1118 1672 mulier
1173 1608 1250 1672 ad
1310 1608 1578 1673 eundem
1640 1609 1845 1673 virum
1901 1613 2295 1693 revertatur,
2358 1611 2425 1673 id

405 1698 887 1763 matrimonium
934 1697 1101 1761 idem
1150 1718 1308 1762 esse.

591 1787 691 1851 79.
741 1787 815 1850 D.
837 1787 940 1867 23,
963 1787 1022 1865 3,
1043 1786 1143 1850 66.
1200 1784 1377 1849 Idem
1408 1783 1522 1870 (sc.
1546 1781 1970 1871 Pomponius)
1993 1785 2161 1850 libro
2192 1791 2425 1852 octavo

408 1876 491 1940 ad
540 1875 848 1951 Quintum
895 1873 1192 1940 Mucium.
1247 1909 1323 1920 —
1377 1871 1445 1938 Si
1492 1895 1645 1938 usus
1690 1873 1935 1938 fruetus
1981 1873 2189 1956 fundi,
2242 1877 2428 1939 euius

414 1966 877 2050 proprietatem
930 1964 1160 2027 mulier
1204 1984 1339 2027 non
1385 1962 1693 2043 habebat,
1739 1963 1906 2027 dotis
1952 1964 2214 2028 nomine
2263 1966 2428 2029 mihi

408 2075 447 2117 a
488 2053 750 2117 domino
788 2051 1204 2136 proprietatis
1244 2052 1446 2134 detur,
1484 2051 1831 2115 difficultas
1869 2054 1993 2115 erit
2028 2056 2178 2135 post
2214 2053 2428 2118 divor-

411 2142 574 2206 tium
642 2142 812 2205 ciroa
867 2140 1257 2205 reddendum
1324 2141 1423 2203 ius
1480 2139 1728 2203 mulieri
1778 2189 1791 2203 .
1830 2191 1843 2204 .
1883 2190 1896 2205 .
1944 2140 2205 2224 quidam
2269 2165 2429 2228 ergo

408 2229 676 2295 remedii
715 2230 856 2293 loco
898 2281 909 2293 .
943 2278 956 2292 .
994 2232 1381 2311 putaverunt
1416 2227 1964 2312 introducendum,
2008 2234 2079 2294 ut
2113 2230 2215 2294 vel
2256 2231 2435 2295 locet

407 2319 580 2382 huno
616 2340 801 2381 usum
840 2318 1120 2382 fructum
1160 2316 1413 2380 mulieri
1451 2317 1721 2381 maritus
1760 2318 1862 2380 vel
1890 2317 2126 2381 vendat
2154 2340 2431 2384 nummo

408 2429 557 2490 su0‚
612 2410 685 2469 ut
738 2407 945 2489 ipsum
1005 2405 1254 2489 quidem
1314 2406 1413 2468 ius
1470 2410 1801 2469 remaneat
1856 2427 2050 2488 penes
2097 2408 2432 2491 maritum,

405 2497 732 2580 perceptio
779 2515 928 2558 vero
975 2493 1301 2558 fructuum
1348 2493 1425 2556 ad
1474 2495 1803 2559 mulierem
1849 2495 2186 2577 pertineat.

696 2671 795 2737 De
837 2672 1264 2736 donationibus
1307 2672 1468 2735 inter
1510 2673 1714 2736 virum
1758 2677 1816 2735 et
1856 2692 2123 2736 uxorem.

589 2796 718 2861 80⁴?
777 2795 855 2859 D.
882 2797 987 2876 41,
1015 2796 1075 2874 2,
1112 2797 1174 2879 1,
1200 2797 1260 2859 4.
1342 2793 1584 2860 Paulus
1628 2795 1797 2859 libro
1845 2796 2433 2880 quinquagensimo

409 2889 641 2968 quarto
698 2884 776 2948 ad
834 2885 1128 2948 edictum.
1167 2920 1250 2929 —
1291 2882 1361 2947 Si
1408 2884 1505 2948 vir
1551 2885 1734 2948 uxori
1784 2885 1969 2949 cedat
2014 2888 2433 2967 possessione

415 2974 782 3037 donationis
831 2995 1040 3056 causa,
1085 2972 1373 3055 plerique
1421 2976 1651 3054 putant
1686 2973 2015 3056 possidere
2054 2994 2217 3057 eam,
2268 2998 2431 3059 quo-

405 3062 584 3125 niam
634 3084 736 3125 res
782 3060 935 3125 facti
982 3061 1292 3125 infirmari
1342 3063 1477 3125 iure
1524 3060 1699 3126 civili
1742 3082 1874 3125 non
1919 3066 2153 3144 potest.

590 3151 690 3213 81.
747 3150 822 3213 D.
855 3151 966 3229 24,
997 3148 1052 3232 1,
1082 3149 1186 3232 36,
1217 3151 1273 3214 1.
1351 3149 1587 3214 Paulus
1640 3150 1805 3214 libro
1852 3148 2187 3233 trigesimo
2235 3157 2430 3217 sexto

411 3237 492 3300 ad
523 3237 816 3300 edictum.
844 3274 918 3286 —
945 3236 1232 3321 Sponsus
1264 3238 1542 3303 alienum
1572 3238 1836 3303 anulum
1868 3259 2143 3321 sponsae
2172 3242 2432 3305 muneri

409 3326 589 3390 misit
645 3331 710 3388 et
759 3331 909 3407 post
953 3328 1210 3410 nuptias
1257 3349 1375 3410 pro
1423 3349 1497 3392 eo
1546 3349 1732 3391 suum
1778 3326 1970 3391 dedit.
2062 3327 2325 3409 quidam
2372 3378 2386 3393 .
2416 3380 2429 3393 .

407 3418 643 3500 putant
680 3414 818 3477 fieri
857 3436 998 3478 eum
1030 3415 1333 3498 mulieris,
1373 3415 1524 3499 quia
1551 3420 1704 3480 tunc
1731 3416 1969 3480 factam
1999 3414 2428 3481 donationem

406 3503 784 3567 confirmare
831 3502 1095 3584 videtur,
1140 3525 1270 3567 non
1317 3526 1551 3569 novam
1599 3504 1919 3569 inchoare.

584 3614 656 3674 of.
701 3613 779 3690 ΙΙ,
814 3617 843 3671 1
886 3632 941 3687 p.
973 3616 1116 3672 306.
