2575 3900
784 193 836 243 4.
883 186 945 241 L.
980 186 1034 241 N
1039 184 1342 240 ERATIUS
1379 184 1678 242 PRISCUS
2101 185 2231 250 317

215 350 383 414 tueri
456 371 559 413 res
636 348 885 414 dotales
957 350 1055 414 vir
1128 371 1243 414 suo
1310 353 1569 433 sumptu
1635 349 1840 414 debet.
1950 348 2235 434 alioquin

213 436 447 504 etiam¹
520 438 763 504 cibaria
836 438 1159 503 dotalibus
1224 437 1565 524 mancipiis
1627 439 1782 503 data
1845 442 1912 502 et
1975 439 2237 522 quaevis

214 526 471 592 modica
554 527 991 596 aedificiorum
1064 527 1380 593 dotalium
1454 526 1721 594 refectio
1797 532 1862 592 et
1933 547 2238 612 agrorum

215 636 470 700 quoque
526 617 776 682 cultura
829 617 1050 681 dotem
1105 617 1420 698 minuent,
1478 617 1700 682 omnia
1745 616 1920 680 enim
1963 615 2121 680 haec
2169 617 2240 679 in

218 705 431 788 specie
473 704 979 770 necessariarum
1014 704 1452 790 impensarum
1491 708 1660 770 sunt.
1733 703 1841 769 sed
1867 702 2032 788 (ea)
2058 703 2238 787 ipsae

215 813 323 856 res
368 792 466 856 ita
508 797 837 878 praestare
883 793 1377 878 intelleguntur,
1423 797 1498 858 ut
1542 814 1674 858 non
1718 796 1857 858 tam
1901 792 2238 876 impendas

217 882 288 946 in
351 902 490 963 eae,
553 903 747 966 quam
812 882 1087 947 deducto
1151 903 1227 948 eo
1293 881 1504 947 minus
1569 904 1647 948 ex
1707 881 1812 946 his
1874 882 2238 966 percepisse

215 969 510 1035 videaris.
592 992 754 1055 quae
793 974 1008 1035 autem
1043 969 1371 1054 impendia
1408 970 1755 1037 secundum
1792 991 1936 1035 eam
1973 969 2240 1035 distinc-

216 1059 463 1124 tionem
512 1081 589 1124 ex
638 1058 785 1125 dote
824 1060 1047 1124 deduci
1086 1059 1380 1142 debeant,
1424 1081 1557 1125 non
1592 1065 1730 1124 tam
1768 1059 1956 1124 facile
1994 1061 2058 1123 in
2097 1059 2237 1122 uni-

217 1169 476 1212 versum
516 1147 789 1232 definiri,
835 1169 1023 1232 quam
1061 1169 1176 1232 per
1213 1149 1468 1233 singula
1506 1170 1583 1213 ex
1618 1168 1851 1234 genere
1889 1151 1955 1213 et
1992 1149 2236 1233 magni-

216 1236 443 1301 tudine
488 1237 959 1322 impendiorum
1004 1237 1340 1302 aestimari
1382 1241 1678 1321 possunt.

531 1414 630 1479 De
672 1415 1063 1480 servitutibus
1097 1415 1500 1498 praediorum
1541 1415 1929 1480 rusticorum.

405 1521 505 1585 12.
551 1519 630 1584 D.
660 1520 720 1604 8,
749 1523 809 1605 3,
837 1522 994 1604 3pr.
1085 1519 1405 1603 Ulpianus
1453 1520 1619 1585 libro
1669 1520 1942 1604 septimo
1991 1519 2238 1585 decimo

220 1609 303 1684 ad
367 1610 646 1674 edictum
712 1607 809 1693 (P.
865 1609 1070 1695 516⁸).
1127 1646 1211 1656 —-
1268 1661 1281 1674 .
1330 1662 1342 1675 .
1401 1609 1493 1674 sic
1556 1612 1834 1692 possunt
1897 1608 2240 1673 servitutes

218 1698 494 1782 imponi,
548 1702 624 1761 ut
665 1698 892 1784 boves,
947 1720 1062 1783 per
1109 1719 1269 1782 quos
1316 1697 1556 1773 ¹fundus
1602 1697 1861 1781 colitur,
1915 1697 1985 1762 in
2031 1698 2241 1763 vicino

221 1805 383 1870 agro
412 1791 778 1870 pascantur.
836 1809 1029 1872 quam
1058 1787 1437 1852 servitutem
1455 1787 1696 1868 imponi
1724 1808 1915 1870 posse
1936 1785 2240 1852 Neratius

218 1875 389 1939 libro
438 1876 714 1941 secundo
760 1875 1282 1942 Membranarum
1333 1875 1576 1940 scribit.

403 1984 503 2048 13.
540 1981 851 2065 D.ibid.§
876 1986 930 2050 1.
972 2020 1048 2031 —-·
1088 1982 1269 2048 Idem
1307 1981 1612 2049 Neratius
1651 1982 1847 2048 etiam
1883 1986 1958 2047 ut
1992 1982 2241 2050 fructus

220 2071 292 2135 in
341 2072 539 2136 vicini
586 2072 744 2137 villa
788 2076 1107 2157 cogantur
1151 2073 1484 2158 coactique
1530 2071 1892 2137 habeantur
1938 2077 2005 2137 et
2049 2071 2239 2155 peda—

223 2165 445 2225 menta
481 2160 563 2227 ad
602 2162 855 2227 vineam
893 2183 971 2227 ex
1006 2161 1203 2227 vicini
1241 2161 1503 2246 praedio
1543 2165 1894 2246 sumantur,
1934 2160 2245 2226 constitui

221 2271 413 2334 posse
460 2251 704 2318 scribit.

407 2357 508 2422 14.
552 2357 631 2422 D.
660 2356 811 2421 ibid.
840 2353 959 2441 §2
1013 2393 1090 2403 —
1140 2354 1387 2420 Eodem
1434 2356 1600 2420 libro
1647 2356 1742 2420 ait
1784 2356 2015 2438 vicine,
2060 2356 2241 2421 cuius

220 2443 608 2528 lapidicinae
660 2444 859 2509 fundo
916 2450 1028 2509 tuo
1084 2444 1490 2525 immineant,
1544 2466 1734 2528 posse
1789 2447 1855 2508 te
1907 2444 2013 2526 <in
2065 2445 2244 2529 iure>

223 2532 450 2597 cedere
513 2532 613 2597 ius
680 2533 738 2597 ei
804 2553 942 2596 esse
1004 2536 1247 2597 terram
1311 2531 1505 2596 rudus
1562 2553 1717 2595 saxa
1769 2532 1976 2596 iacere
2030 2534 2244 2615 posita

224 2619 494 2703 habere,
555 2623 621 2684 et
684 2623 758 2685 ut
816 2620 882 2684 in
935 2624 1120 2684 tuum
1178 2620 1426 2703 lapides
1497 2620 1958 2703 provolvantur
2025 2621 2242 2705 ibique

222 2710 425 2795 positi
471 2709 830 2774 habeantur
875 2708 1148 2794 indeque
1194 2712 1630 2792 exportentur.

1025 2831 1125 2899 De
1166 2833 1448 2915 deposito.

411 2939 509 3006 15.
554 2940 633 3005 D.
658 2941 757 3024 16,
778 2940 837 3023 3,
860 2940 960 3006 18.
1040 2937 1348 3005 Neratius
1395 2939 1562 3019 libro
1611 2939 1885 3006 secundo
1924 2938 2240 3007 Membra·

224 3051 476 3095 narum.
517 3066 593 3077 -
636 3028 733 3094 De
779 3051 873 3113 eo,
920 3030 1091 3115 quod
1136 3030 1453 3094 tumultus
1499 3028 1776 3095 incendii
1819 3030 2040 3095 ruinae
2086 3052 2241 3095 nau-

226 3117 421 3203 fragii
460 3139 653 3183 causa
690 3118 1054 3202 depositum
1090 3123 1210 3203 est,
1255 3118 1323 3182 in
1360 3118 1660 3183 heredem
1697 3117 1773 3184 de
1813 3118 1961 3184 dolo
2000 3120 2240 3184 mortui

229 3209 401 3273 actio
458 3210 557 3271 est
610 3229 729 3291 pro
782 3207 1177 3273 hereditaria
1229 3207 1526 3291 portione
1582 3212 1648 3271 et
1697 3208 1768 3271 in
1821 3207 2126 3292 simplum
2177 3212 2244 3272 et

227 3295 402 3361 intra
458 3318 695 3361 annum
748 3318 1025 3381 quoque3
1080 3296 1149 3361 in
1204 3296 1417 3381 ipsum
1474 3300 1541 3362 et
1592 3296 1661 3361 in
1717 3296 1997 3362 solidum
2055 3302 2120 3362 et
2172 3296 2241 3361 in

228 3385 492 3468 duplum
541 3391 605 3448 et
650 3384 716 3449 in
761 3389 1142 3469 perpetuum
1190 3384 1394 3450 datur.

375 3564 404 3613 1
447 3557 541 3615 11⁷1.
572 3560 709 3615 tam.
