2575 3900
924 198 973 250 8.
1012 192 1318 250 URSEIUS
1355 191 1599 249 FEROX
2143 194 2267 258 177

898 399 995 459 De
1038 400 1359 474 repetendis
1403 398 1620 473 leyatis.

422 500 506 565 9?
552 500 631 565 D.
660 501 764 583 32,
794 500 897 565 63.
979 500 1158 565 Idem
1205 498 1323 586 (sc.
1359 496 1680 585 Iulianus)
1725 499 1894 563 libro
1938 500 2150 583 primo
2189 500 2271 565 ad

244 589 547 657 Urseium
602 588 907 655 Ferocem
962 586 1063 675 (P.
1103 588 1283 673 889).
1343 624 1420 635 —
1479 586 1560 653 In
1611 586 1981 672 repetendis
2037 588 2269 674 legatis

242 677 400 741 haec
446 679 645 743 verba
690 700 855 761 quae
902 678 1069 743 adici
1116 678 1330 743 solent
1376 676 1552 743 ‘item
1605 677 1757 743 dare
1795 677 2064 742 damnas
2103 677 2269 742 esto'

245 771 310 831 et
372 766 453 831 ad
518 766 927 832 condiciones
985 769 1052 831 et
1107 766 1187 830 ad
1242 766 1380 831 dies
1405 794 1410 803 ·
1436 766 1798 848 legatorum
1856 766 2115 831 easdem
2170 788 2268 830 re-

243 854 554 939 petendas
600 856 839 929 referri.
876 853 1155 921 Sabinus
1201 853 1548 939 respondit.

912 1031 1015 1097 De
1059 1032 1334 1098 libertate
1373 1032 1604 1097 relicta.

426 1138 527 1203 10.
583 1137 659 1203 D.
688 1137 795 1222 40,
822 1138 884 1221 4,
917 1139 999 1204 18
1015 1161 1109 1223 pr.
1196 1138 1377 1202 Idem
1427 1137 1542 1225 (sc.
1588 1136 1905 1225 Iulianus)
1951 1138 2118 1203 libro
2167 1160 2265 1203 se-

241 1228 452 1293 cundo
516 1226 600 1291 ad
661 1226 966 1293 Urseium
1030 1226 1331 1292 Ferocem
1398 1226 1498 1312 (P.
1536 1224 1716 1315 901).
1777 1263 1854 1274 —
1915 1226 2040 1303 Qui
2105 1227 2266 1317 duos

240 1316 511 1381 heredes
557 1314 962 1400 instituebat,
1008 1318 1161 1400 post
1198 1316 1464 1380 alterius
1502 1322 1779 1381 mortem
1817 1337 2069 1380 servum
2108 1316 2266 1381 libe-

240 1427 388 1470 rum
425 1425 564 1469 esse
600 1404 900 1471 iusserat.
959 1404 1015 1469 is
1054 1426 1133 1469 ex
1170 1405 1351 1468 euius
1391 1410 1596 1469 morte
1633 1401 1900 1468 libertas
1929 1404 2267 1490 pendebat,

241 1494 391 1567 ,vivo
446 1493 759 1558 testatore
815 1494 1192 1559 decesserat.
1284 1492 1564 1557 Sabinus
1610 1491 1947 1577 respondit
1989 1492 2266 1558 liberum

242 1582 550 1736 futurffin
562 1670 639 1735 D.
668 1670 774 1754 28,
798 1670 858 1755 5,
887 1672 925 1735 8
947 1691 1043 1754 pr.
1087 1670 1266 1734 Idem
1297 1666 1418 1756 (se.
1436 1666 1758 1757 Iulianus)
1788 1669 1954 1736 libro
1984 1670 2264 1735 secundo

242 1758 325 1823 ad
361 1758 666 1825 Urseium
701 1742 1007 1825 Ferocem
1053 1757 1154 1845 (P.
1183 1757 1369 1845 900).
1414 1794 1498 1805 —-
1547 1757 1691 1824 Duo
1739 1759 1895 1824 socii
1943 1759 2262 1843 quendam

240 1869 501 1913 servum
547 1869 945 1913 communem
995 1851 1394 1913 testamento
1441 1848 1615 1913 facto
1663 1846 1964 1912 heredem
2002 1852 2067 1912 et
2104 1847 2262 1912 libe-

238 1957 386 2002 rum
444 1957 583 2002 esse
635 1936 978 2003 iusserant.
1078 1936 1267 2004 ruina
1332 1937 1523 2003 simul
1583 1936 1873 2022 oppressi
1919 1937 2261 2022 perierant.

239 2026 529 2110 plerique
574 2026 1047 2111 responderunt
1089 2027 1217 2092 hoc
1262 2049 1420 2092 casu
1465 2027 1715 2092 duobus
1759 2026 2052 2091 orcinum
2087 2027 2265 2091 here-

242 2115 386 2178 dem
434 2115 726 2180 existere.

421 2207 584 2278 Quae
612 2213 969 2286 sequuntur:
1001 2203 1087 2269 ‘et
1112 2209 1175 2268 id
1195 2211 1289 2269 est
1307 2203 1548 2284 verius’,
1568 2209 1792 2269 Iuliani
1808 2209 2085 2269 habenda
2101 2212 2262 2270 sunt.

423 2311 525 2376 12.
571 2309 733 2374 Ibid.
768 2313 809 2392 ἓ
839 2312 897 2376 1.
946 2347 1029 2358 -
1074 2307 1201 2376 Sed
1248 2313 1315 2375 et
1361 2311 1418 2375 si
1465 2311 1584 2374 sub
1629 2310 1852 2375 eadem
1889 2310 2262 2375 condicione

240 2419 496 2464 servum
533 2420 940 2465 communem
975 2403 1242 2483 uterque
1281 2400 1495 2464 socius
1531 2399 1806 2464 liberum
1834 2399 2261 2483 heredemque

236 2508 380 2554 esse
426 2487 722 2554 iussisset
767 2509 969 2573 eaque
1017 2487 1398 2572 exstitisset,
1444 2487 1615 2552 idem
1659 2487 1817 2552 iuris
1863 2485 2036 2554 essel.

795 2672 891 2732 De
934 2672 1191 2732 vindicta
1234 2671 1703 2730 manumissione.

420 2770 520 2836 13.
569 2771 647 2836 D.
675 2772 781 2857 40,
809 2773 870 2856 9,
903 2774 959 2855 7,
992 2772 1048 2836 1.
1136 2770 1428 2836 Iulianus
1473 2772 1642 2836 libro
1690 2770 1968 2836 secundo
2017 2770 2096 2835 ad
2143 2768 2264 2836 Ur-

238 2859 447 2925 seium
492 2859 797 2927 Ferocem
844 2857 943 2948 (P.
982 2857 1162 2948 903).
1212 2897 1289 2907 —
1343 2859 1559 2926 Minor
1605 2861 1787 2926 annis
1832 2859 2071 2944 viginti
2115 2883 2261 2927 cum

237 2970 499 3014 servum
573 2951 1027 3014 manumittere
1100 2950 1296 3014 vellet
1368 2971 1488 3014 nec
1547 2950 1787 3015 iustam
1851 2971 2113 3016 causam
2179 2950 2261 3016 ad

236 3038 583 3104 consilium
638 3039 1136 3104 manumittendi
1189 3039 1487 3120 haberet,
1542 3039 1666 3103 tibi
1720 3059 1864 3104 eum
1920 3042 1993 3104 ut
2037 3061 2259 3104 manu—

234 3127 530 3192 mitteres
592 3127 787 3196 dedit.
886 3129 1149 3213 negavit
1201 3148 1350 3193 eum
1402 3128 1714 3194 Proculus
1769 3128 2042 3194 liberum
2102 3149 2259 3212 esse,

235 3216 542 3301 quoniam
588 3216 769 3282 fraus
814 3215 947 3302 legi
990 3217 1165 3282 facta
1210 3221 1398 3282 esset.

418 3328 491 3386 cf.
531 3326 659 3386 Gai.
693 3331 751 3405 1,
780 3329 881 3387 38.

414 3417 585 3476 Idem
635 3415 909 3476 Iulianus
954 3416 1027 3479 D.
1066 3419 1169 3495 40,
1209 3419 1266 3493 2,
1309 3419 1345 3476 6
1403 3417 1476 3478 de
1532 3436 1704 3478 servo
1760 3418 2058 3477 communi
2113 3418 2259 3495 agit,

384 3573 412 3620 1
458 3567 608 3623 Trib.
648 3568 769 3624 erit.

343 3665 537 3714 luri-pr.
573 3667 813 3709 antehadr.
844 3666 944 3709 rell.
974 3668 1041 3708 ed.
1069 3667 1269 3709 Bremer.
1317 3668 1380 3720 11,
1401 3669 1440 3709 2.
1873 3662 1938 3710 12
