2575 3900
992 208 1041 259 2.
1080 200 1404 257 PseAsus
2073 202 2204 266 205

184 365 684 430 instrumentum
716 365 941 430 domus
969 366 1034 429 id
1066 386 1223 446 esse,
1252 365 1424 450 quod
1452 366 1863 449 tempestatis
1893 364 2204 431 arcendae

185 456 301 519 aut
337 454 615 518 incendii
655 475 849 519 causa
884 457 1166 537 paratur,
1202 475 1336 518 non
1375 454 1544 537 quod
1576 454 1932 537 voluptatis
1971 454 2202 537 gratia.

184 544 404 627 itaque
438 564 645 627 neque
683 543 1041 646 specularia
1076 564 1281 625 neque
1319 543 1480 627 vela,
1518 563 1681 626 quae
1717 542 1978 627 frigoris
2009 562 2204 606 causa

184 632 289 696 vel
352 632 619 696 umbrae
683 634 752 696 in
816 632 1005 697 domo
1072 636 1252 716 sunt,
1316 631 1554 695 deberi.
1655 653 1817 715 quae
1881 630 2204 696 sententia

186 717 397 784 Cassii
441 719 580 784 fuit.

368 809 425 874 7.
495 807 659 874 Ibid.
724 811 763 889 ἓ
814 809 914 874 18.
991 844 1067 855 -
1146 807 1422 874 Acetum
1496 829 1774 894 quoque,
1853 807 2022 893 quod
2098 829 2202 872 ex-

188 897 556 981 stinguendi
610 897 887 961 incendii
941 918 1135 963 causa
1192 901 1483 982 paratur,
1551 898 1708 962 item
1764 903 2068 962 centones
2126 898 2204 961 si·

185 984 406 1050 sonesl
470 991 536 1049 et
602 985 953 1051 formiones
1010 990 1077 1049 et
1132 986 1438 1071 spongias
1496 990 1562 1050 et
1618 1007 1798 1050 amas
1856 990 1920 1049 et
1975 1007 2204 1071 scopas

186 1074 505 1139 contineri
549 1075 835 1159 plerique
880 1078 946 1139 et
974 1075 1277 1160 =Pegasus
1327 1075 1524 1140 aiunt.

891 1258 986 1317 De
1019 1259 1247 1333 peculio
1295 1259 1493 1331 leyatO.

366 1369 425 1433 8.
470 1366 547 1431 D.
578 1368 683 1452 33,
712 1367 769 1447 8,
799 1367 858 1449 6,
886 1368 947 1431 4.
1018 1366 1340 1450 Ulpianus
1379 1367 1547 1431 libro
1589 1366 1936 1432 vicensimo
1977 1367 2203 1452 quinto

187 1456 267 1521 ad
308 1454 619 1523 Sabinum
658 1454 754 1539 (P.
792 1453 1017 1543 2680).
1060 1492 1135 1503 -
1180 1456 1284 1520 An
1333 1462 1398 1520 et
1445 1454 1614 1539 quod
1664 1454 1961 1521 dominus
2009 1455 2205 1539 serip-

191 1546 385 1610 sisset
421 1566 487 1609 se
528 1566 711 1609 servo
742 1545 991 1627 debere,
1026 1545 1278 1629 peculio
1308 1545 1525 1629 legato
1557 1543 1854 1609 cederet?
1919 1544 2205 1629 Pegasus

186 1637 415 1719 negat3
459 1633 630 1698 idem
675 1632 911 1701 Nerva.
2253 1642 2258 1646 ’

369 1723 427 1787 9.
485 1722 558 1788 D.
595 1722 695 1804 15,
725 1723 783 1805 2,
816 1724 871 1804 1,
901 1725 957 1787 7.
1048 1722 1371 1806 Ulpianus
1422 1722 1588 1787 libro
1635 1721 1986 1787 vicensimo
2033 1744 2204 1787 nono

190 1810 273 1875 ad
318 1811 600 1875 edictum
648 1773 745 1898 (P.
765 1772 953 1898 Η859).
998 1847 1079 1858 -
1216 1813 1315 1876 ‚si
1353 1833 1498 1875 cum
1534 1811 1782 1895 peculio
1821 1811 1924 1876 vel
1963 1811 2208 1894 legavit

187 1900 295 1966 vel
349 1900 623 1966 liberum
680 1921 817 1966 esse
870 1900 1063 1966 iussit
1115 1861 1233 1988 (sne
1279 1896 1589 1986 servum),
1645 1900 2038 1986 quaestionis
2085 1901 2209 1966 fuit

188 1986 306 2076 (sc.
346 2012 427 2054 an
469 1991 535 2053 in
574 1989 962 2054 alienatione
1001 1990 1439 2073 accipiendum
1479 1987 1608 2074 sit).
1691 1994 1756 2053 et
1795 1989 1955 2053 mihi
1993 1991 2206 2054 verius

186 2078 443 2142 videtur
495 2100 626 2143 non
682 2079 959 2144 dandam
1014 2100 1219 2162 neque
1265 2079 1330 2142 in
1379 2076 1841 2142 manumissum
1887 2099 2091 2161 neque
2139 2078 2207 2142 in

189 2188 338 2230 eum
392 2166 495 2232 eui
548 2168 835 2252 legatum
892 2169 978 2232 sit
1036 2166 1381 2251 peculium,
1431 2167 1514 2245 ‚de
1569 2167 1820 2250 peculio
1867 2169 2207 2232 actionem.

188 2276 273 2320 an
329 2276 482 2340 ergo
538 2259 836 2320 teneatur
887 2255 1116 2320 heres?
1209 2259 1274 2319 et
1333 2256 1424 2320 ait
1473 2253 1790 2321 Caecilius
1838 2252 2204 2341 (CaeliusP)

184 2346 411 2427 teneri,
458 2345 607 2428 quia
651 2345 971 2428 peculium
1016 2366 1213 2429 penes
1262 2366 1408 2408 eum
1455 2343 1565 2427 sit,
1624 2345 1735 2427 qui
1781 2343 2093 2409 tradendo
2142 2344 2208 2408 id

184 2433 503 2516 legatario
560 2455 627 2498 se
683 2434 999 2498 liberavit.
1100 2433 1386 2516 Pegasus
1444 2438 1659 2497 autem
1717 2433 1928 2496 caveri
1984 2432 2208 2497 heredi

188 2521 419 2586 debere
476 2522 569 2586 ait
616 2521 696 2586 ab
746 2544 848 2602 eo,
905 2523 1007 2586 cui
1054 2522 1374 2606 peculium
1423 2521 1710 2606 legatum
1757 2521 1871 2604 sit,
1928 2522 2081 2660 quia
2127 2521 2207 2586 ad

187 2631 334 2674 eum
381 2611 647 2675 veniunt
692 2611 1057 2676 creditores

885 2768 985 2834 De
1026 2770 1527 2852 fideicommisses.

372 2885 473 2949 10.
545 2883 623 2948 D.
670 2886 774 2966 31,
818 2885 923 2966 43,
968 2885 1029 2949 2.
1139 2884 1535 2967 Pomponius
1609 2883 1776 2948 libro
1856 2883 2052 2948 tertio
2128 2884 2207 2949 ad

188 2974 503 3050 Quintum
548 2972 839 3040 Mucium.
878 2971 980 3058 (P.
1018 2971 1196 3058 228).
1245 3009 1328 3021 —-
1375 2972 1661 3058 Pegasus
1717 2973 1944 3037 solitus
1999 2973 2211 3038 fuerat

188 3061 618 3148 distinguere,
673 3065 730 3126 si
786 3063 853 3126 in
910 3062 1080 3126 diem
1137 3062 1703 3127 fideicommissum
1760 3061 2060 3126 relictum
2105 3062 2210 3146 sit,

187 3152 392 3216 veluti
428 3156 580 3235 post
617 3173 819 3217 annos
858 3151 1095 3234 decem,
1140 3152 1469 3237 interesse,
1504 3150 1683 3216 cuius
1721 3173 1916 3217 causa
1952 3156 2206 3234 tempus

189 3239 467 3305 dilatum
515 3240 620 3323 sit,
653 3245 967 3305 ‘utrumne
1012 3240 1282 3322 heredis,
1329 3261 1454 3324 quo
1503 3261 1656 3304 casu
1701 3239 2001 3304 heredem
2047 3241 2210 3305 fruc-

187 3333 333 3394 tum
379 3329 657 3394 retinere
703 3329 952 3413 debere,
1002 3352 1082 3394 an
1128 3329 1445 3414 legatarii,
1489 3329 1690 3395 veluti
1737 3329 1792 3392 si
1837 3329 1904 3394 in
1950 3333 2204 3414 tempus

188 3417 553 3504 pubertatis
601 3419 659 3482 ei
704 3419 813 3504 qui
847 3418 1145 3502 impubes
1184 3419 1272 3482 sit
1307 3417 1873 3482 fideicommissum
1910 3418 2206 3482 relictum

339 3582 366 3630 1
408 3574 503 3632 ΕΖ.
538 3574 783 3645 perticae
828 3592 1049 3646 quoque
1095 3577 1153 3630 et
1190 3573 1376 3629 scalae
1413 3591 1480 3629 ex
1514 3573 1556 3644 ἕ
1583 3577 1662 3630 22
1699 3575 1805 3629 huc
1839 3575 2017 3629 illata.
