2575 3900
570 175 609 229 I.
652 173 1001 228 VETERUM
1041 173 1514 260 SENTENTIAE·
1538 173 1632 227 ET
1665 172 1877 230 LIBRI.
2103 175 2235 239 513

205 337 570 401 efficeretur
616 359 695 401 ex
742 337 1105 402 addictione
1163 359 1244 401 an
1295 337 1643 402 adiudicati
1687 337 1832 402 loco
1880 338 2233 403 constitue-

205 429 404 509 retur,
449 431 692 490 veteres
742 426 1151 509 quaerebant.

388 515 491 580 38.
558 513 635 579 D.
680 515 785 598 41,
832 515 891 596 3,
937 515 1041 580 38.
1087 513 1264 578 Idem
1313 511 1428 600 (sc.
1469 513 1700 600 Gaius)
1751 515 1920 580 libro
1959 515 2234 581 secundo

206 603 449 668 Rerum
508 600 1026 668 Cottidianarum
1087 603 1220 668 sive
1264 602 1639 667 Aureorum.
1695 641 1781 650 —
1837 652 1852 669 .
1885 657 1898 670 .
1927 653 1942 668 .
1990 605 2239 669 abolita

208 695 309 756 est
366 742 431 757 ..
489 691 891 777 quorundam
966 695 1255 757 veterum
1335 693 1655 756 sententia
1729 693 2236 758 existimantium

207 781 407 846 etiam
454 781 635 845 fundi
680 781 877 846 locive
926 780 1170 846 furtum
1213 782 1370 844 fieri.

391 876 463 936 cf.
511 875 574 934 Π
622 879 654 934 1
706 895 761 950 p.
814 877 957 934 383.

394 959 497 1024 39.
555 957 632 1022 D.
687 960 792 1038 47,
860 959 919 1044 2,
978 959 1082 1042 67,
1143 959 1201 1022 2.
1301 956 1540 1023 Paulus
1596 958 1763 1023 libro
1823 963 2095 1043 septimo
2154 959 2236 1025 ad

210 1048 557 1113 Plautium.
614 1084 701 1093 —
765 1046 933 1110 Eum
998 1047 1109 1131 qui
1173 1047 1522 1111 mulionem
1577 1047 1726 1112 dolo
1781 1049 1954 1113 malo
2011 1054 2078 1112 in
2135 1049 2236 1113 ius

209 1141 524 1219 vocasset,
564 1137 618 1200 si
657 1137 905 1200 interea
942 1136 1155 1202 mulae
1184 1136 1520 1220 perissent,
1560 1135 1717 1200 furti
1747 1138 1954 1201 teneri
1982 1141 2234 1202 veteres

210 1225 697 1311 responderunt.

391 1315 498 1379 40.
562 1314 640 1379 D.
706 1315 776 1397 9,
840 1314 908 1396 2,
971 1314 1088 1396 27,
1151 1314 1256 1377 21.
1365 1311 1686 1397 Ulpianus
1762 1314 1928 1378 libro
2005 1318 2236 1380 octavo

212 1404 461 1468 decimo
501 1402 579 1467 ad
620 1403 920 1467 adictum.
958 1437 1037 1447 —
1093 1400 1161 1465 Si
1209 1403 1353 1486 quis
1392 1401 1468 1465 de
1507 1423 1703 1466 manu
1741 1403 1902 1466 mihi
1938 1425 2238 1468 nummos

213 1491 593 1574 excusserit,
680 1489 955 1555 Sabinus
1032 1490 1358 1555 existimat
1439 1489 1659 1555 damni
1739 1491 2012 1555 iniuriae
2097 1514 2238 1557 esse

213 1582 555 1663 actionem,
611 1579 665 1643 si
721 1580 813 1643 ita
855 1579 1183 1664 perierint,
1239 1601 1322 1642 ne
1369 1577 1449 1642 ad
1498 1578 1780 1662 aliquem
1827 1581 2241 1662 pervenirent

301 1720 315 1734 .
346 1717 361 1734 .
411 1668 582 1753 quod
648 1669 706 1732 si
770 1668 850 1732 ad
916 1668 1196 1751 aliquem
1260 1670 1717 1750 pervenerunt,
1784 1689 1906 1751 ope
1963 1669 2236 1734 consilio

212 1759 461 1823 furtum
511 1757 754 1822 factum
801 1757 1139 1842 agendum,
1176 1757 1344 1839 quod
1393 1761 1460 1819 et
1507 1755 1789 1840 antiquis
1837 1757 2098 1840 placuit.

390 1847 495 1912 41.
566 1844 707 1910 Gai.
771 1846 835 1928 3,
906 1845 1051 1910 196.
1118 1882 1202 1890 —
1278 1894 1294 1909 .
1332 1892 1347 1909 .
1403 1845 1460 1909 si
1517 1846 1662 1929 quis
1727 1845 2032 1909 utendam
2099 1869 2238 1912 rem

212 1936 532 2021 acceperit
605 1956 871 2020 eamque
942 1934 1006 1999 in
1076 1934 1276 2000 alium
1339 1956 1529 1999 usum
1583 1934 2006 2021 transtulerit,
2076 1935 2239 2002 furti

215 2027 564 2111 obligatur,
627 2025 881 2089 veluti.
972 2074 986 2088 .
1036 2023 1091 2089 si
1156 2023 1298 2108 quis
1366 2045 1598 2108 equum
1661 2024 1961 2107 gestandi
2016 2026 2238 2108 gratia

213 2116 692 2180 commodatum
763 2113 1021 2198 longius
1095 2112 1314 2197 aliquo
1384 2112 1662 2196 duxerit,
1737 2112 1910 2197 quod
1983 2118 2234 2178 veteres

213 2204 607 2287 scripserunt
653 2202 728 2265 de
775 2224 850 2266 6ο
899 2203 1007 2285 qui
1053 2202 1122 2265 in
1167 2202 1371 2266 aciem
1419 2201 1838 2285 perduxisset.

390 2293 493 2356 42.
542 2290 609 2356 G.
639 2292 699 2375 6,
727 2291 788 2374 2,
816 2292 920 2373 22,
954 2294 1007 2355 1.
1047 2289 1546 2374 (Iustinianusa.
1568 2289 1895 2374 530.)—.
1918 2311 2234 2375 .-quaere

157 2445 165 2456 ,
212 2381 406 2445 batur
444 2381 613 2464 apud
652 2341 951 2463 antiquos
990 2380 1209 2461 legum
1247 2379 1652 2461 interpreteS,
1690 2379 1746 2443 si
1775 2380 1917 2464 quis
1948 2401 2236 2445 commo-

212 2469 393 2532 davit
440 2468 551 2532 alii
596 2490 732 2531 rem
781 2467 862 2531 ad
905 2489 973 2531 se
1010 2467 1438 2551 pertinentem
1476 2471 1541 2531 et
1575 2468 1721 2549 ipsa
1757 2489 1860 2531 res
1898 2469 2232 2534 subtracta

214 2561 330 2639 est,
386 2578 463 2620 an
522 2557 677 2620 furti
731 2556 899 2621 actio
956 2556 1261 2620 adversus
1318 2556 1524 2620 furem
1579 2556 1834 2621 institui
1889 2558 2097 2640 possit
2147 2560 2228 2622 ab

215 2667 291 2710 6ο
340 2645 450 2729 qui
496 2666 634 2708 rem
679 2645 982 2709 utendam
1022 2645 1285 2728 accepit.

392 2739 464 2798 cf.
494 2738 524 2796 Ι
551 2760 608 2814 p.
641 2740 739 2798 98.

847 2839 944 2905 De
986 2840 1305 2905 arboribus
1347 2842 1612 2907 succisis.

390 2947 495 3010 43.
542 2945 615 3010 D.
654 2947 759 3029 47,
809 2947 865 3031 7,
913 2947 952 3010 3
992 2969 1080 3031 pr.
1132 2946 1450 3031 Ulpianus
1483 2948 1654 3012 libro
1692 2946 2232 3033 quadragensimo

214 3036 490 3101 secundo
547 3036 628 3099 ad
684 3034 1012 3100 Sabinum.
1074 3072 1158 3083 —
1222 3036 1442 3101 Vitem
1499 3037 1750 3101 arboris
1798 3036 2232 3121 appellatione

213 3125 544 3277 continferg
574 3125 862 3277 plarique
907 3128 1198 3190 veterum
1246 3125 1792 3191 existimavernut.

391 3238 420 3278 c
449 3263 463 3277 .
549 3220 625 3277 ai.
697 3222 846 3298 ‚11.

932 3330 1032 3395 De
1077 3330 1197 3412 leye
1240 3330 1521 3412 Aquilia.

389 3445 495 3511 44.
540 3445 620 3511 D.
666 3447 726 3528 9,
773 3446 834 3528 2,
883 3446 985 3529 11,
1029 3446 1091 3510 4.
1135 3444 1458 3530 Ulpianus
1504 3445 1670 3510 libro
1717 3448 1946 3510 octavo
1985 3445 2233 3509 decimo

214 3532 297 3597 ad
346 3533 640 3598 edictum.
686 3570 773 3580 —-
822 3532 890 3599 Si
945 3535 1165 3616 plures
1222 3534 1471 3599 trabem
1521 3534 1867 3598 deiecerint
1913 3536 1979 3598 et
2024 3531 2229 3597 homi-

323 3646 515 3695 Iurispr.
546 3648 787 3688 antehadr.
816 3646 914 3687 rell.
945 3647 1015 3688 ed.
1043 3648 1240 3688 Bremer.
1282 3648 1346 3700 11,
1366 3650 1403 3688 2.
1685 3649 1689 3651 ’
1746 3642 1812 3689 33
