2575 3900
824 195 876 245 4.
921 189 983 246 L.
1021 189 1386 246 NERATIUS
1425 189 1720 246 PRISCUS
2150 191 2279 257 323

262 353 403 419 duci
457 375 588 419 non
642 354 881 439 possit,
935 354 1189 420 etiamsi
1234 354 1444 419 hieme
1491 375 1744 438 quoque
1790 354 2282 439 desideraretur,

259 442 393 508 sive
451 443 629 508 omni
683 447 976 545 tempore
1032 443 1187 508 anni
1233 443 1379 508 duci
1424 464 1568 508 eam
1615 442 1820 527 ipsius
1865 447 2098 508 natura
2142 466 2281 529 per-

254 531 567 615 mitteret,
603 532 661 597 si
701 533 955 597 utilitas
992 531 1267 616 reqionis
1281 531 1322 616 ¹,
1367 532 1436 596 in
1476 554 1670 616 quam
1709 532 1982 615 ducitur,
2028 538 2278 598 aestate

254 619 588 686 dumtaxat
636 643 823 686 usum
871 621 1009 686 eius
1056 621 1370 706 exigeret,
1431 621 1680 688 aestiva
1723 625 1896 688 recte
1942 620 2278 688 diceretur.

692 797 793 865 De
834 799 1179 865 iudicatum
1222 799 1380 864 solvi
1423 800 1834 882 stipulatione.

432 906 538 972 32.
593 904 673 970 D.
700 905 807 990 46,
838 907 896 988 7,
929 905 1031 972 16.
1122 904 1432 971 Neratius
1486 906 1652 971 libro
1707 905 1901 970 tertio
1956 904 2279 970 Membra-

248 1015 499 1059 narum.
542 1029 617 1040 -
652 992 757 1059 Ex
792 994 1151 1060 iudicatum
1189 994 1358 1060 solvi
1394 994 1814 1078 stipulatione
1853 994 1936 1059 ob
1972 1015 2110 1059 rem
2146 1015 2276 1060 non

248 1082 577 1147 defensam
642 1104 789 1148 cum
848 1105 976 1148 uno
1040 1104 1119 1148 ex
1176 1079 1630 1166 sponsoribus²
1691 1103 1882 1169 agere
1944 1083 2111 1150 volo.
2201 1085 2275 1166 is,

250 1171 422 1255 quod
467 1193 584 1256 pro
631 1175 815 1256 parte
861 1171 999 1237 eius
1036 1172 1127 1256 fit,
1173 1173 1424 1238 solvere
1461 1171 1622 1238 mihi
1661 1176 1928 1257 paratus
1967 1176 2096 1237 est:
2143 1193 2276 1237 non

248 1260 440 1325 debet
485 1259 648 1324 mihi
681 1260 751 1324 in
788 1282 935 1326 eum
972 1261 1110 1325 dari
1146 1259 1473 1327 iudicium.
1544 1282 1749 1344 neque
1787 1261 1958 1326 enim
1997 1283 2276 1347 aequum

251 1353 352 1414 est
397 1355 510 1413 aut
556 1348 791 1415 iudicio
839 1348 1159 1433 destringi
1206 1353 1318 1414 aut
1355 1348 1436 1414 ad
1473 1348 1930 1415 infitiationem
1969 1349 2274 1435 compelli

245 1459 413 1521 eum,
452 1437 561 1522 qui
600 1439 737 1502 sine
774 1438 981 1504 iudice
1019 1437 1170 1502 dare
1206 1443 1472 1522 paratus
1510 1443 1628 1522 est,
1667 1460 1793 1523 quo
1830 1460 1960 1503 non
1990 1438 2272 1522 amplius

248 1526 654 1592 adversarius
710 1526 846 1592 eius
902 1548 1017 1611 per
1071 1526 1348 1592 iudicem
1395 1527 1476 1592 ab
1527 1547 1602 1592 eo
1650 1533 2108 1593 consecuturus
2155 1533 2272 1592 est.

1076 1745 1291 1806 Liber
1333 1744 1439 1804 IV.

897 1865 999 1930 De
1039 1864 1368 1947 usufructu
1415 1866 1624 1950 leyatO.

422 1973 526 2039 33.
580 1972 658 2037 D.
690 1974 747 2057 7,
781 1974 837 2052 1,
868 1974 926 2055 7,
955 1973 1014 2038 3.
1106 1970 1424 2056 Ulpianus
1481 1970 1648 2037 libro
1700 1971 1973 2057 septimo
2023 1971 2272 2037 decimo

244 2062 328 2127 ad
384 2060 693 2127 Sabinum
748 2058 848 2149 (P.
885 2058 1111 2148 2558).
1171 2097 1247 2109 —
1306 2059 1615 2145 Neratius
1680 2108 1697 2125 .
1733 2108 1749 2125 .
1813 2060 1984 2125 libro
2040 2066 2272 2145 quarto

244 2150 773 2217 Membranarum
839 2151 931 2215 ait
993 2172 1128 2215 non
1192 2172 1385 2234 posse
1449 2149 1872 2214 fructuarium
1926 2150 2272 2233 prohiberi,

242 2262 370 2324 quo
436 2240 648 2304 minus
712 2238 963 2304 reficiat
1028 2238 1141 2324 (sc.
1190 2239 1487 2304 dominus
1553 2235 1866 2323 aedium),
1940 2238 2090 2323 quia
2153 2260 2271 2304 nec

243 2350 427 2393 arare
463 2328 793 2413 prohiberi
821 2331 1039 2411 potest
1068 2331 1181 2392 aut
1208 2328 1444 2409 colere3
1485 2347 1602 2391 nec
1631 2326 1841 2392 solum
1869 2328 2270 2392 necessarias

240 2417 626 2481 refectiones
680 2416 1029 2498 facturum,
1086 2415 1197 2480 sed
1252 2417 1452 2480 etiam
1508 2414 1865 2499 voluptatis
1921 2436 2141 2499 causa,
2197 2419 2272 2480 ut

240 2505 518 2569 tectoria
572 2508 638 2568 et
689 2504 1065 2588 pavimenta
1110 2508 1177 2568 et
1222 2503 1460 2567 similia
1506 2502 1745 2585 facere,
1801 2523 2006 2587 neque
2052 2508 2269 2570 autem

242 2592 557 2676 ampliare
601 2613 720 2657 nec
764 2591 923 2656 utile
971 2590 1306 2656 detrahere
1353 2612 1563 2675 posse.

1084 2750 1184 2818 De
1226 2750 1432 2817 tutela.

416 2861 519 2925 34.
568 2860 646 2925 D.
673 2860 781 2945 46,
809 2860 870 2944 6,
901 2859 1001 2925 11.
1093 2856 1402 2923 Neratius
1450 2857 1615 2922 libro
1665 2861 1898 2943 quarto
1945 2855 2267 2923 Membra-

236 2972 487 3016 narum.
530 2986 606 2997 —
649 2949 813 3016 Cum
849 2970 985 3014 rem
1024 2948 1270 3013 salvam
1306 2946 1443 3011 fore
1479 2947 1729 3031 pupillo
1768 2949 2046 3029 cavetur,
2092 2967 2265 3012 com-

236 3039 522 3105 mittitur
560 3038 912 3125 stipulatio,
950 3037 1025 3121 si,
1064 3036 1235 3122 quod
1273 3035 1597 3122 extutela
1633 3036 1771 3101 dari
1806 3035 1947 3100 fieri
1982 3040 2263 3120 oportet,

236 3149 369 3193 non
406 3133 789 3213 praestetur.
837 3125 1021 3213 [nam
1058 3130 1124 3191 et
1161 3125 1217 3191 si
1265 3124 1448 3190 salva
1496 3125 1554 3189 ei
1599 3146 1704 3189 res
1751 3126 1854 3207 sit,
1901 3124 1984 3190 ob
2022 3124 2089 3189 id
2127 3147 2262 3190 non

202 3275 206 3279 .
239 3221 358 3303 est,
387 3220 554 3301 quia,
583 3218 750 3302 quod
783 3239 861 3282 ex
888 3217 1094 3283 tutela
1122 3214 1262 3280 dari
1288 3215 1430 3279 fieri
1466 3217 1748 3299 oportet,
1773 3236 1902 3280 non
1931 3214 2251 3296 solvitur]

425 3329 667 3389 Inclusa
710 3330 896 3390 verba
941 3328 1187 3388 Pernice
1231 3327 1446 3386 merito
1494 3326 1652 3387 eicit.

382 3509 411 3553 1
450 3498 545 3557 Fz.
583 3495 855 3569 personis.

382 3578 414 3625 2
458 3570 609 3627 Trib.
647 3566 1079 3623 fideiussoribus.

1730 3652 1836 3707 21*
