2575 3900
890 180 939 229 5.
990 173 1269 230 SEXTUS
1307 172 1564 228 PEDIUS
2154 174 2226 238 9]

200 338 460 404 decimo
518 338 773 422 scribit,
830 359 969 403 cum
1020 339 1093 401 in
1146 337 1281 420 hoc,
1340 335 1579 423 inquit,
1629 341 1822 402 totum
1875 357 1950 402 ex
2002 337 2242 402 domini

194 429 636 494 constitutione
670 428 953 510 pendeat.

388 517 496 581 29.
544 515 625 581 D.
656 517 758 598 15,
791 518 847 592 1,
874 516 936 598 9,
962 515 1023 580 4.
1101 513 1416 600 Ulpianus
1460 513 1629 579 libro
1677 513 2026 579 vicensimo
2063 535 2237 579 nono

200 606 283 669 ad
332 605 619 670 edictum
666 602 768 693 (P.
806 603 1012 690 852⁰).
1066 640 1143 652 -
1193 654 1208 668 .
1238 653 1253 667 .
1291 603 1354 667 id
1401 603 1599 668 etiam
1646 602 2010 684 deducetur,
2065 603 2236 687 quod

200 692 305 759 his
372 693 671 778 personis
735 694 1029 775 debetur,
1094 714 1259 777 quae
1325 696 1478 756 sunt
1539 691 1608 756 in
1663 691 1870 756 tutela
1926 693 2026 756 vel
2083 713 2238 756 cura

198 781 454 848 domini
517 783 620 847 vel
682 783 887 867 patris
949 782 1053 847 vel
1108 802 1382 867 quorum
1436 780 1702 866 negotia
1757 779 2234 865 administrant,

194 869 555 938 dummodo
602 871 754 936 dolo
800 877 1082 954 careant,
1133 871 1437 955 quoniam
1484 875 1550 934 et
1595 870 1652 934 si
1696 891 1811 953 per
1859 869 2077 935 dolum
2122 891 2232 953 pe·

198 960 449 1024 culium
496 959 600 1025 vel
647 960 1005 1024 ademerint
1053 960 1154 1023 vel
1194 959 1564 1041 minuerint,
1607 961 1935 1042 tenentur3
1987 980 2140 1023 nam
2179 959 2236 1022 si

202 1069 463 1133 semper
506 1049 881 1132 praevenire
930 1048 1228 1113 dominus
1276 1054 1342 1113 et
1386 1067 1581 1132 agere
1628 1048 1896 1130 videtur,
1946 1069 2059 1111 cur
2104 1069 2233 1112 non

203 1133 460 1202 dicatur
525 1138 722 1202 etiam
788 1137 911 1203 hoc
973 1138 1234 1202 nomine
1301 1157 1448 1201 eum
1516 1156 1731 1200 secum
1796 1136 2032 1221 egisse,
2106 1159 2233 1221 quo

200 1225 466 1291 nomine
512 1227 615 1290 vel
661 1226 905 1291 tutelae
953 1226 1055 1291 vel
1101 1225 1509 1310 negotiorum
1558 1231 1891 1310 gestorum
1937 1225 2040 1288 vel
2086 1225 2229 1290 utili

194 1315 458 1380 actione
520 1314 889 1380 tenebitur?
988 1337 1143 1380 nam
1206 1319 1279 1378 ut
1317 1364 1331 1378 .
1372 1363 1386 1378 .
1423 1312 1660 1378 Pedius
1724 1313 1839 1392 ait,
1903 1311 2047 1378 ideo
2108 1313 2233 1378 hoc

198 1403 415 1467 minus
464 1403 532 1467 in
579 1403 830 1487 peculio
878 1406 999 1486 est,
1045 1402 1217 1487 quod
1263 1403 1525 1468 domino
1572 1402 1676 1467 vel
1721 1402 1895 1487 patri
1944 1402 2231 1487 debetur,

192 1493 507 1575 quoniam
582 1514 710 1556 non
784 1497 883 1557 est
943 1491 1292 1557 verisimile
1360 1491 1689 1556 dominum
1752 1489 1820 1554 id
1884 1491 2230 1556 concedere

199 1602 391 1646 servo
439 1579 507 1644 in
552 1580 874 1663 peculium
919 1580 1186 1664 habere,
1232 1578 1402 1664 quod
1451 1578 1578 1644 sibi
1625 1578 1909 1644 debetur.

988 1719 1187 1790 Empti
1219 1719 1445 1775 venditi.

375 1820 483 1885 30.
558 1818 635 1884 D.
689 1821 788 1904 19,
833 1820 895 1898 4,
944 1822 1000 1902 1,
1038 1822 1098 1886 2.
1138 1820 1197 1885 3.
1308 1819 1547 1884 Paulus
1610 1819 1780 1882 libro
1844 1819 2226 1903 trigensimo

195 1908 478 1974 secundo
518 1909 597 1974 ad
637 1908 918 1975 edictum
956 1909 1057 1995 (P.
1085 1905 1297 1995 5021’).
1335 1944 1419 1957 —
1459 1958 1474 1973 .
1504 1960 1518 1973 .
1548 1908 1791 1992 emptio
1831 1929 1906 1973 ac
1939 1908 2224 1975 venditio

193 1997 373 2063 nuda
410 1998 949 2063 consentientium
988 1999 1326 2064 voluntate
1364 1998 1788 2077 contrahitur,
1831 1998 2224 2082 permutatio

197 2091 420 2151 autem
468 2108 547 2152 ex
590 2109 660 2151 re
707 2087 951 2151 tradita
987 2089 1245 2152 initium
1285 2086 1671 2171 obligationi
1710 2086 1994 2173 praebet.
2068 2087 2222 2151 alio-

190 2176 351 2259 quin
408 2176 462 2240 si
522 2197 625 2240 res
680 2176 963 2240 nondum
1019 2177 1261 2241 tradita
1318 2176 1428 2260 sit,
1482 2174 1652 2239 nudo
1710 2196 2027 2240 consensu
2074 2197 2221 2240 con·

192 2265 379 2329 stitui
446 2262 912 2348 obligationem
978 2265 1289 2348 dicemuS,
1355 2265 1525 2348 quod
1588 2265 1657 2328 iu
1718 2263 1824 2328 his
1884 2265 2224 2329 dumtaxat

188 2357 520 2436 receptum
558 2358 675 2436 est,
710 2374 875 2437 quae
912 2375 1146 2418 nomen
1178 2375 1368 2417 suum
1395 2353 1657 2431 habent,
1693 2359 1767 2416 ut
1795 2352 1864 2416 in
1893 2356 2220 2437 emptione

187 2442 579 2525 venditione,
625 2441 1068 2529 conductione,
1113 2442 1435 2507 mandato.
1526 2441 1797 2525 ideoque
1842 2439 2078 2507 Pedius
2128 2443 2223 2506 ait

184 2530 472 2595 alienam
511 2551 646 2594 rem
678 2529 939 2596 dantem
969 2531 1219 2595 nullam
1247 2531 1628 2595 contrahere
1657 2531 2218 2613 permutationem.

478 2668 669 2724 Soluto
704 2670 1051 2724 matrimonio
1086 2670 1184 2723 dos
1218 2670 1668 2738 quomadmodum
1699 2672 1937 2736 petatur.

369 2769 472 2833 31.
524 2768 602 2835 D.
630 2770 735 2847 24,
766 2771 824 2851 1,
854 2769 939 2835 36
956 2792 1051 2853 pr.
1125 2761 1364 2834 Paulus
1406 2768 1571 2834 libro
1609 2768 1988 2853 trigensimo
2036 2773 2217 2835 sexto

186 2857 270 2923 ad
319 2858 597 2923 edictum
643 2855 743 2946 (P.
771 2854 953 2945 541).
989 2894 1077 2907 -
1115 2856 1184 2922 Si
1232 2859 1510 2923 donatae
1555 2880 1657 2923 res
1695 2862 1974 2942 exstant,
2021 2859 2217 2924 etiam

186 2946 500 3012 vindicari
537 2952 871 3033 poterunt3
908 2947 1020 3013 sed
1059 2948 1209 3032 quia
1247 2969 1509 3013 causam
1545 2947 1920 3032 possidendi
1950 2948 2216 3013 donatio

180 3033 541 3138 praestitit,
602 3036 729 3101 nisi
785 3036 1088 3101 reddatur
1142 3059 1273 3119 res,
1341 3036 1709 3103 aestimatio
1766 3035 2060 3102 facienda
2117 3044 2217 3103 est

176 3123 357 3189 iusto
413 3124 626 3209 pretio
674 3125 1017 3211 caverique
1061 3088 1420 3209 possidenti
1468 3125 1729 3191 debebit
1775 3126 1851 3189 de
1900 3126 2214 3192 evictione

176 3212 431 3299 simpli,
489 3214 715 3300 quanti
774 3236 850 3278 ea
894 3235 996 3278 res
1045 3215 1157 3299 sit,
1210 3215 1404 3298 idque
1452 3216 1646 3279 etiam
1695 3214 1891 3281 Pedio
1940 3215 2212 3282 videtur.

938 3351 1026 3408 De
1060 3354 1219 3409 rebus
1256 3355 1466 3409 amotis.

365 3443 469 3510 32.
526 3443 602 3508 D.
633 3444 738 3529 25,
766 3446 827 3524 2,
855 3445 961 3530 21,
993 3447 1045 3509 1.
1133 3445 1370 3510 Paulus
1426 3444 1592 3510 libro
1645 3446 2024 3530 trigensimo
2073 3470 2212 3531 sep·

178 3532 348 3597 timo
397 3531 476 3596 ad
526 3531 804 3599 edictum
851 3532 950 3618 (P.
982 3531 1159 3620 552).
1202 3569 1279 3581 -—
1323 3532 1392 3599 Si
1443 3556 1665 3598 servus
1701 3534 1992 3599 mulieris
2031 3535 2212 3600 iussu
