2575 3900
550 182 600 232 8.
644 175 1006 231 VIVIANUS.
1045 207 1116 217 —-
1153 182 1201 231 9.
1242 174 1544 232 CAELIUS
1581 175 1890 232 SABINUS
2140 178 2271 243 249

240 341 501 424 quidem
548 339 901 426 fugitivum
947 360 1117 423 esse,
1164 339 1275 424 qui
1320 339 1392 403 in
1435 339 1558 406 hoc
1602 360 1988 425 progressus
2035 344 2161 425 est,
2205 344 2281 407 ut

242 451 313 494 se
378 430 864 513 praecipitaret,
920 434 1203 493 ceterum
1264 430 1464 493 etiam
1524 450 1674 493 eum
1734 430 1877 513 quis
1933 429 2282 514 fugitivum

241 518 511 602 diceret,
566 517 679 603 qui
732 517 908 583 domi
963 517 1032 581 in
1079 518 1284 582 altum
1331 518 1546 583 locum
1593 518 1675 582 ad
1722 519 2282 602 praecipitandum

241 629 311 672 se
360 607 775 689 ascendisset,
812 608 1148 691 magisque
1184 605 1356 671 hunc
1392 610 1671 672 mortem
1714 607 1842 672 sibi
1885 608 2280 673 consciscere

240 695 547 761 voluisse.
630 696 793 761 illud
833 697 1016 777 enim,
1061 695 1225 777 quod
1254 696 1618 778 plerumque
1657 696 1735 762 ab
1770 697 2280 782 imprudentibus,

239 785 482 870 inquit,
536 785 661 850 dici
712 785 886 867 solet,
940 805 1079 849 eum
1123 804 1247 849 esse
1286 784 1620 867 fugitivum
1631 834 1648 867 ,
1701 786 1812 867 qui
1852 789 2023 851 nocte
2066 787 2284 869 aliqua

238 876 377 940 sine
429 874 738 939 voluntate
779 874 1021 939 domini
1062 875 1445 957 emansisset,
1499 895 1630 939 non
1677 896 1818 939 esse
1865 895 2117 961 verum,
2171 875 2283 940 sed

242 963 324 1028 ab
374 963 612 1028 affectu
659 962 862 1027 animi
908 964 1220 1047 cuiusque
1267 962 1760 1028 aestimandum.

427 1070 483 1134 7.
522 1067 601 1135 D.
619 1067 911 1149 ibid.§5.
945 1106 1019 1116 —
1057 1068 1238 1133 Idem
1274 1067 1592 1134 Vivianus
1632 1070 1744 1155 ait,
1790 1070 1846 1135 si
1886 1092 1925 1134 a
1961 1070 2281 1155 magistro

240 1179 406 1243 puer
478 1158 747 1224 recessit
820 1162 886 1223 et
956 1180 1181 1223 rursus
1256 1157 1337 1221 ad
1401 1162 1676 1223 matrem
1739 1158 2064 1243 pervenit,
2137 1181 2283 1224 cum

245 1250 681 1331 quaereretur,
724 1269 880 1312 num
917 1246 1233 1332 fugitivus
1271 1252 1472 1311 esset:
1520 1247 1577 1311 si
1615 1246 1869 1313 celandi
1907 1269 2101 1313 causa
2137 1268 2284 1331 quo,

242 1358 325 1399 ne
374 1336 459 1401 ad
505 1335 840 1402 dominum
885 1339 1336 1418 reverteretur,
1382 1334 1676 1420 fugisset,
1721 1336 2073 1421 fugitivum
2117 1358 2283 1419 esse3

244 1426 348 1489 sin
421 1446 577 1490 vero
650 1429 724 1489 ut
793 1445 909 1509 per
980 1428 1255 1489 matrem
1328 1423 1690 1489 faciliorem
1763 1424 2284 1509 deprecationem

240 1514 519 1579 haberet
563 1512 782 1578 delicti
828 1515 1126 1597 alicuiuS,
1174 1534 1308 1577 non
1355 1534 1495 1578 esse
1540 1513 1910 1598 fugitivum.

372 1866 458 1951 9.
534 1870 677 1945 ΟΝ.
732 1871 1245 1945 ARULENUS
1304 1871 1702 1945 CAELIUS
1761 1871 2164 1945 SABINUS

427 2053 544 2096 coS.
576 2037 707 2095 suff.
736 2053 787 2095 a.
821 2038 901 2096 69
951 2041 1085 2096 cu'm
1133 2036 1198 2095 Τ.
1246 2036 1458 2097 Flavio
1505 2035 1726 2096 Sabino
1775 2028 1936 2117 (CIL
1974 2035 2062 2096 VI
2091 2038 2284 2097 2051.

247 2125 384 2184 Tac.
422 2124 563 2183 hist.
606 2127 661 2198 1,
697 2127 775 2184 77
825 2124 898 2184 cf.
934 2124 1294 2200 Prosopogr.
1332 2125 1363 2182 I
1406 2145 1465 2200 p.
1499 2118 1682 2204 156),
1735 2117 2084 2201 ‘plurimum
2135 2128 2286 2184 tem-

244 2213 499 2289 poribus
546 2212 905 2290 Vespasiani
949 2209 1171 2290 potuit’
1216 2206 1532 2295 (Pompon.
1563 2210 1603 2289 §
1635 2208 1767 2296 53),
1815 2208 1986 2274 ‘iuris
2031 2208 2285 2291 peritus'

248 2294 433 2384 (Gell.
466 2304 522 2375 6,
551 2303 613 2379 4,
648 2295 734 2382 1),
770 2302 874 2378 qui
912 2300 1119 2363 Cassio
1166 2303 1456 2363 successit
1500 2297 1733 2381 (Pomp.
1761 2303 1803 2363 l.
1832 2297 1925 2384 c.).
1998 2302 2284 2364 laudatur

247 2411 286 2450 a
334 2390 513 2469 Gaio,
558 2390 866 2465 Venulei0,
914 2390 1260 2468 PapinianO,
1306 2391 1586 2468 Ulpiano,
1630 2395 1944 2468 praeterea
1989 2411 2026 2451 a
2073 2391 2284 2468 Gellio,

250 2483 316 2539 et
368 2481 459 2539 ita
503 2479 771 2558 quidem,
814 2483 912 2556 ut,
959 2499 1092 2540 cum
1139 2480 1442 2539 Masurius
1490 2480 1748 2539 Sabinus
1797 2480 1982 2556 vulgo
2029 2472 2283 2539 ‘Sabini’

247 2570 494 2628 nomine
540 2568 913 2647 designetur,
959 2570 1088 2645 ipse
1134 2563 1425 2628 ‘Caelius'
1469 2569 1827 2628 nominetur.

432 2656 701 2717 Caelium
755 2661 817 2717 et
868 2659 1041 2718 libris
1098 2656 1428 2717 scribendis
1475 2676 1719 2734 operam
1765 2656 2001 2716 dedisse
2049 2658 2287 2716 constat

250 2751 315 2806 et
358 2748 433 2806 ut
477 2746 716 2806 scholae
757 2747 1090 2823 principem
1133 2746 1197 2806 in
1247 2745 1660 2822 respondendo
1699 2764 1938 2823 quoque
1973 2748 2285 2805 versatum

249 2853 385 2896 esse
430 2834 742 2911 probabile
789 2839 899 2914 est,
945 2853 1308 2913 quamquam
1351 2836 1522 2895 nulla
1567 2853 1855 2912 responsa
1899 2834 2123 2896 diserte
2159 2837 2285 2894 tra·

247 2926 497 2984 duntur.
586 2923 651 2982 in
694 2925 1051 3003 fragmentis
1101 2925 1356 2985 servatis
1402 2922 1646 2984 Ofilium
1692 2923 1906 2984 laudat
1947 2916 2048 3006 (D.
2087 2920 2193 3002 21,
2227 2926 2284 3002 2,

251 3015 366 3090 38,
400 3005 514 3094 10)
581 3016 645 3072 et
698 3014 1049 3074 Trebatium
1114 3005 1216 3094 (D.
1266 3016 1368 3086 21,
1422 3017 1478 3091 1,
1531 3016 1630 3084 14,
1679 3008 1749 3095 3)
1815 3016 1880 3072 et
1941 3013 2286 3073 Labeonem

247 3094 443 3184 (Gen.
490 3104 551 3181 4,
597 3105 653 3162 2.
700 3105 755 3163 3.
804 3102 878 3162 cf.
913 3102 985 3163 D.
1026 3105 1129 3179 21,
1172 3105 1227 3178 1,
1271 3106 1372 3181 17,
1413 3105 1514 3164 12.
1558 3095 1685 3185 15).
1779 3106 2094 3180 praeterea
2148 3121 2287 3162 cum

248 3190 460 3252 Cassio
524 3191 597 3251 de
661 3192 819 3251 falsa
882 3191 1221 3251 condicione
1285 3191 1742 3252 testamentaria
1805 3191 1965 3252 idem
2030 3192 2285 3252 sensisse
2336 3219 2341 3223 ·

246 3280 517 3340 traditur
562 3273 661 3360 (D.
694 3283 797 3357 35,
827 3283 886 3353 1,
918 3284 1019 3353 12,
1050 3273 1139 3363 7).

432 3369 503 3428 In
578 3369 893 3430 sententiis
967 3369 1093 3428 eius
1166 3369 1520 3446 colligendis
1595 3369 1680 3429 sic
1756 3369 2057 3430 existimo:
2132 3387 2285 3445 quae

252 3457 618 3518 Sabinianae
656 3459 893 3519 scholae
925 3458 1414 3535 praeceptoribus
1453 3457 1790 3518 communia
1826 3459 2012 3518 fuisse
2040 3459 2284 3517 tradun-

250 3549 383 3626 tur,
432 3547 638 3608 eadem
686 3546 887 3607 Caelio
934 3566 1167 3624 quoque
1213 3546 1535 3607 tribuenda
1579 3565 1725 3606 esse.
