2575 3900
300 191 485 256 268>x
506 189 573 244 V.
610 188 909 244 NERVAE
947 189 1041 242 ET
1078 188 1387 244 TRAIANI
1422 189 1639 245 TEMP.
1674 189 1866 246 IURIS
1905 189 2266 246 CONSULTI

297 360 464 436 vm,
496 359 691 418 2478.
727 360 897 418 4676
946 351 1153 437 (anina
1200 357 1424 417 Gruter
1459 358 1646 418 Insa.
1681 379 1740 435 p.
1767 359 1984 435 XLIX,
2010 362 2066 420 6.
2107 357 2330 418 Orelli·

296 449 545 508 Henen
595 447 723 523 III,
758 448 951 506 6498.
989 447 1179 507 7081.
1257 448 1330 506 cf.
1377 445 1718 507 Wilmanns
1773 448 2062 525 Exempffia
2119 441 2334 528 1172)

298 536 621 597 memoriae
665 535 975 612 proditum
1018 537 1125 594 est.

476 624 683 700 Atque
703 623 1105 700 Heinecdnm,
1142 624 1302 699 quod
1329 624 1470 684 hist.
1489 624 1604 684 iur.
1626 620 1665 701 ξ
1686 623 1986 684 CCLXIII
2013 624 2334 685 Minicium

298 716 573 793 legatum
596 712 859 792 Augusti
893 732 1005 788 pro
1040 715 1316 789 praetore
1354 713 1696 789 provinciae
1723 713 1986 774 Moesiae
2021 714 2332 774 inferioris

300 805 485 862 fuisse
515 802 913 877 existimabat,
956 801 1249 862 erravisse
1284 801 1407 860 iam
1445 805 1698 880 constat,
1737 821 1876 862 cum
1909 803 2150 881 legrtns
2185 823 2332 879 pro-

298 892 531 953 vinciae
567 893 706 967 post
742 909 794 950 a.
827 892 950 949 127
994 889 1344 967 praefuerit.
1390 891 1595 967 itaque
1625 909 1760 950 cum
1787 891 1834 950 ii
1861 910 2117 967 quorum
2142 892 2328 951 hono-

304 999 401 1041 res
438 980 498 1039 iu
536 978 1026 1055 inscriptionibus
1063 979 1433 1056 referuntur,
1471 979 1631 1040 filius
1670 982 1733 1039 et
1769 982 1944 1056 pater
1990 979 2126 1053 sint,
2173 979 2330 1040 illud

298 1072 537 1132 tantum
611 1068 951 1143 quaeritur,
1022 1086 1169 1128 num
1239 1067 1392 1128 iuris
1453 1069 1682 1143 peritus
1747 1068 1851 1130 1110
1913 1068 2195 1132 Minicius
2263 1072 2330 1129 et

299 1160 369 1220 L.
430 1156 709 1218 Minicius
772 1154 1015 1216 Natalis
1085 1158 1257 1234 puter
1329 1157 1510 1215 iidem
1581 1155 1841 1218 hahendi
1909 1157 2050 1218 sint.
2165 1158 2340 1234 quod

298 1248 371 1306 K.
419 1246 652 1305 Viertel
715 1245 779 1303 in
845 1243 1261 1304 dissertatione
1319 1244 1665 1306 doctissima
1719 1264 1838 1322 qua
1893 1238 2096 1306 ‘Nova
2142 1265 2332 1322 quae-

302 1337 440 1396 dam
488 1334 566 1395 de
605 1333 753 1395 vitis
797 1327 1387 1396 iurisconsultorum'
1439 1335 1695 1408 profert,
1749 1353 1807 1410 p.
1843 1337 1924 1396 21
1949 1352 2042 1412 sq.
2117 1353 2332 1394 verum

302 1443 432 1486 esse
471 1426 680 1502 negat,
710 1422 1019 1498 plerisque
1040 1440 1267 1498 eorum,
1296 1422 1400 1497 qui
1426 1425 1639 1497 postea
1680 1421 1751 1481 de
1790 1422 1902 1482 hac
1933 1441 2004 1484 re
2027 1421 2340 1507 dixerunt,

304 1512 577 1590 quamvis
607 1509 957 1572 dubitanter
984 1510 1514 1587 adstipulantibus.
1561 1511 1634 1571 cf.
1654 1509 1942 1572 Karlowa
1965 1511 1998 1570 Ι
2019 1531 2080 1588 p.
2103 1513 2338 1590 ZOOsq.

303 1601 579 1676 Kruegsr
627 1603 685 1660 2.
726 1601 847 1660 161
898 1618 957 1658 n.
997 1600 1146 1660 125.
1216 1599 1385 1660 Buhl
1434 1598 1650 1660 Iulian.
1689 1619 1744 1675 p.
1777 1601 1883 1660 54.
1931 1600 2124 1662 Leuci
2161 1601 2226 1660 P.
2264 1599 2335 1662 H

303 1691 411 1750 col.
443 1691 571 1750 699
622 1708 679 1748 n.
723 1693 775 1749 1.
842 1687 1426 1765 prosopographiam
1465 1690 1672 1748 autem
1713 1689 1822 1765 qui
1865 1693 2338 1766 composuerunt

306 1779 420 1840 viri
470 1775 831 1852 doctissimi,
878 1775 1159 1836 Minicius
1205 1776 1343 1836 illos
1398 1775 1487 1836 its
1541 1775 1807 1838 diversos
1865 1796 2002 1838 esse
2039 1778 2340 1856 iudicant,

304 1871 375 1925 ut
419 1866 576 1925 hanc
625 1864 1037 1941 quaestionem
1091 1883 1164 1924 ne
1221 1865 1530 1942 attingant
1573 1864 1816 1942 quidem
1863 1861 1965 1944 (cf.
1993 1865 2056 1928 ΙΙ
2089 1887 2152 1942 p.
2179 1869 2330 1928 3726.

305 1946 484 2036 379).
574 1954 763 2013 nihilo
819 1956 1013 2012 minus
1068 1954 1141 2013 de
1196 1973 1259 2012 re
1317 1956 1654 2013 accuratius
1707 1954 2032 2015 videndum
2085 1958 2210 2032 est,
2269 1962 2333 2015 et

303 2046 392 2104 ita
421 2043 681 2121 quidam,
709 2045 789 2103 ut.
816 2042 982 2103 illius
1019 2060 1254 2119 quoque
1282 2042 1532 2120 Minicii,
1564 2043 1639 2103 ad
1676 2062 1854 2119 quem
1881 2044 2112 2107 Plinius
2157 2047 2217 2122 7,
2245 2047 2328 2103 12

306 2133 514 2193 scribit
561 2135 622 2191 et
668 2130 819 2207 legis
858 2130 1155 2208 Miniciae,
1201 2130 1274 2190 de
1323 2150 1444 2211 qua
1478 2130 1672 2193 Gaius
1716 2135 1772 2210 1,
1807 2134 1886 2195 78
1935 2136 1998 2193 et
2031 2132 2332 2212 Ulpianus

304 2222 369 2281 in
436 2220 590 2281 libro
658 2218 949 2297 singulari
1012 2219 1382 2297 Regularum
1455 2222 1748 2297 quaedam
1821 2222 2102 2300 afferunt,
2171 2222 2331 2281 ratio

303 2310 616 2371 habeatur.

484 2399 528 2458 Ι.
594 2396 874 2456 Minicius
920 2396 1039 2473 ille,
1086 2415 1265 2472 quem
1310 2396 1674 2475 Pomponius
1720 2398 2012 2476 laudavit,
2058 2398 2332 2459 Iulianus

309 2486 647 2563 adnotavit,
704 2494 842 2546 cu'm
889 2485 1097 2544 Sabini
1151 2504 1506 2561 responsum
1550 2486 1792 2546 rettulit
1837 2478 1935 2568 (D.
1979 2490 2080 2564 19,
2115 2491 2168 2564 1,
2202 2490 2256 2561 6,
2289 2491 2331 2547 4

309 2570 620 2635 ‘Sabinum
664 2574 1043 2651 respondisse
1082 2573 1360 2633 Minicius
1405 2566 1661 2655 refert'),
1709 2577 1835 2634 tum
1876 2575 2007 2651 ipse
2045 2594 2335 2651 responsa

307 2661 475 2726 dedit
528 2659 627 2746 (D.
670 2667 726 2741 6,
762 2667 813 2737 1,
847 2665 925 2723 61
988 2657 1285 2721 ‘Minicius
1339 2663 1748 2741 interrogatus
1803 2708 1816 2721 .
1856 2710 1868 2721 .
1911 2711 1922 2724 .
1978 2659 2333 2740 respondit'.

305 2756 375 2816 D.
409 2757 510 2834 33,
541 2758 600 2826 3,
635 2757 668 2814 1
718 2753 933 2813 Iulian.
962 2752 999 2811 1.
1028 2751 1061 2813 I
1116 2770 1188 2811 θυι
1232 2751 1480 2812 Minicio
1527 2746 1565 2809 ἦ
1594 2795 1653 2810 ..
1703 2752 2044 2829 quaesitum
2089 2756 2181 2813 est
2227 2800 2240 2813 .
2273 2798 2287 2813 .
2316 2796 2334 2813 .

306 2844 637 2921 respondit.
696 2841 969 2902 Iulianus
1005 2843 1177 2899 notat
1214 2884 1229 2900 .
1259 2886 1273 2898 .
1305 2833 1390 2918 .').
1438 2840 1583 2917 quin
1620 2840 1804 2899 etiam
1841 2840 2095 2902 eundem
2131 2841 2334 2918 ipsum

308 2931 642 2991 Masurium
698 2929 770 2989 de
820 2930 951 2989 iure
995 2930 1398 3005 interrogasse
1445 2928 1561 2987 viri
1605 2928 1766 2988 docti
1810 2930 2081 3010 plerique
2129 2932 2334 2991 existi·

308 3022 493 3097 mant,
550 3018 692 3096 quia
745 3019 805 3077 in
854 3018 1074 3078 Iuliani
1119 3017 1272 3079 libro
1321 3016 1407 3075 IV
1454 3036 1524 3075 ex
1571 3016 1810 3077 Minicio
1857 3019 2004 3078 haec
2050 3019 2338 3099 legantur

311 3100 415 3190 (D.
448 3110 556 3185 12,
590 3111 653 3181 1,
686 3099 825 3185 22);
874 3100 911 3165 ‘.
944 3154 955 3165 .
988 3151 999 3164 .
1050 3106 1388 3183 quaesitum
1436 3108 1528 3164 est
1569 3148 1585 3165 .
1614 3152 1626 3165 .
1659 3151 1672 3165 .
1722 3105 1982 3167 Sabinus
2022 3108 2338 3188 respondit

358 3243 410 3257 ..
456 3195 828 3272 interrogavi
863 3241 911 3255 ..
935 3242 951 3255 .
986 3187 1335 3273 respondit.'
1420 3194 1530 3254 sed
1570 3212 1706 3253 cum
1743 3194 2016 3255 Iulianus
2058 3196 2122 3255 in
2159 3197 2344 3259 libris

312 3304 382 3345 ex
437 3284 705 3360 Minicio,
769 3286 831 3345 in
888 3283 1104 3360 quibus
1159 3282 1408 3361 propria
1458 3302 1692 3359 quoque
1752 3302 2040 3361 responsa.
2092 3285 2336 3347 videtur

311 3372 700 3452 proposuisse.
732 3365 831 3451 (D.
866 3374 925 3448 3,
952 3374 1010 3448 3,
1043 3373 1141 3431 76.
1191 3372 1294 3448 46,
1326 3373 1383 3445 8,
1415 3373 1497 3431 23
1537 3365 1830 3433 eIulianus
1870 3366 2231 3455 respondit')
2272 3378 2346 3435 et.

315 3464 473 3522 certe
522 3479 659 3520 suas
707 3458 1033 3519 sententias
1080 3459 1400 3533 explicavit
1447 3451 1546 3540 (D.
1577 3462 1683 3538 41,
1715 3463 1770 3536 2,
1803 3462 1884 3520 39
1936 3454 2180 3543 eputo'),
2227 3463 2335 3522 ubi

313 3550 541 3609 Minicii
580 3548 906 3608 sententias
945 3548 1133 3620 affert,
1179 3546 1488 3621 scripserit
1524 3541 1878 3625 ‘respondit'
1917 3544 2024 3631 (D.
2051 3552 2152 3628 33,
2185 3553 2242 3627 3,
2277 3554 2334 3612 1.
