2575 3900
817 249 866 296 6.
912 239 1327 297 IAVOLENUS
1364 239 1659 294 PRISCUS
2111 238 2245 304 475

211 425 328 488 eyo
389 409 603 469 eontra
654 405 879 481 sentio;
942 426 1057 469 nee
1071 402 1093 440 ²
1144 405 1472 486 quiequam
1523 403 1795 484 amplius
1833 403 2017 485 patri
2056 423 2242 484 prae-

212 493 512 558 standum
556 514 630 558 ex
673 494 970 563 eiusmodi
1011 493 1323 574 scriptura
1364 495 1701 556 testamenti
1723 496 1899 573 puto,
1944 511 2133 572 quam
2169 496 2242 555 ut

195 581 384 647 nihil
427 602 500 646 ex
543 603 636 665 eo,
679 583 840 665 quod
870 587 1308 664 praestaturus
1350 581 1555 645 heredi
1594 580 1812 663 fuerit,
1845 585 2128 661 praestet.

784 766 886 833 De
927 768 1244 833 verborum
1288 767 1671 850 obliyatione.

399 884 502 948 30.
558 881 634 948 D.
662 883 767 964 45,
799 884 855 964 1,
888 883 1034 949 106.
1099 881 1276 947 Idem
1306 879 1419 966 (sc.
1448 878 1821 967 Iavolenus)
1850 879 2017 946 libro
2049 884 2233 946 sexto

215 972 685 1055 Epistularum.
742 1007 824 1018 -
885 971 1008 1051 Qui
1060 991 1136 1036 ex
1173 971 1465 1054 pluribus
1513 971 1759 1055 fundis,
1805 971 2031 1051 'quibus
2074 971 2237 1035 idem

215 1081 440 1126 nomen
490 1061 843 1142 impositum
892 1060 1128 1146 fuerat,
1179 1081 1378 1124 unum
1423 1059 1694 1139 fundum
1737 1061 1869 1123 sine
1911 1059 2043 1124 ulla
2087 1065 2237 1124 nota

213 1150 754 1215 demonstrationis
786 1149 1127 1234 stipuletur,
1162 1150 1461 1214 incertum
1495 1149 1845 1231 stipulatur,
1882 1148 1952 1212 id
1983 1152 2073 1213 est
2095 1168 2235 1212 eum

208 1238 484 1320 fundum
517 1239 871 1323 stipulatur,
904 1259 1081 1320 quem
1107 1239 1447 1319 promissor
1480 1238 1631 1302 dare
1655 1237 1927 1301 voluerit.
1994 1238 2235 1302 tamdiu

219 1332 426 1391 autem
470 1327 751 1392 voluntas
785 1327 1180 1409 promissoris
1224 1328 1295 1390 in
1326 1327 1623 1408 pendenti
1665 1330 1777 1409 est,
1821 1326 2122 1408 quamdiu
2164 1325 2236 1390 id

214 1416 384 1498 quod
414 1417 796 1497 promissum
839 1420 928 1481 est
968 1415 1256 1481 solvatur.

669 1600 768 1665 De
809 1601 1183 1681 adquirendo
1226 1620 1436 1664 rer-um
1478 1600 1781 1688 dominio.⁸

397 1716 502 1780 31.
556 1715 632 1779 D.
663 1716 767 1792 39,
795 1714 856 1796 5,
885 1715 986 1779 25.
1058 1714 1235 1778 Idem
1284 1710 1399 1800 (sc.
1427 1710 1795 1798 Iavolenus)
1834 1714 1999 1778 libro
2038 1717 2223 1779 sexto

218 1803 677 1887 Epistularum.
730 1839 804 1851 --
855 1802 930 1868 Si
974 1803 1084 1868 tibi
1127 1805 1391 1868 dederim
1434 1824 1581 1887 rem,
1624 1807 1698 1867 ut
1743 1803 1906 1868 Titio
1950 1823 2081 1867 meo
2104 1823 2235 1867 -no-

220 1894 384 1958 mine
426 1894 708 1972 donares,
753 1897 810 1957 et
853 1897 920 1958 tu
965 1896 1066 1958 tuo
1110 1893 1358 1958 nomine
1400 1912 1536 1958 eam
1580 1893 1637 1957 ei
1679 1892 1930 1971 dederis,
1974 1912 2061 1956 an
2103 1891 2234 1973 fae-

219 1987 352 2047 tum
397 1984 528 2047 eius
559 1982 788 2065 putes?

394 2071 761 2155 Respondit:
797 2072 854 2137 si
888 2092 1017 2135 rem
1055 2071 1167 2136 tibi
1200 2072 1485 2156 dederim,
1520 2074 1593 2135 ut
1623 2070 1783 2135 Titio
1819 2091 1948 2134 meo
1984 2071 2234 2135 nomine

222 2161 505 2245 donares,
559 2181 811 2243 eamque
855 2164 923 2225 tu
967 2165 1068 2225 tuo
1111 2162 1359 2224 nomine
1401 2161 1459 2223 ei
1502 2161 1761 2241 dederis,
1805 2163 2106 2242 quantum
2149 2160 2241 2223 ad

221 2250 380 2313 iuris
437 2250 835 2331 suptilitatem
898 2250 1250 2330 accipientis
1308 2248 1480 2329 faeta
1530 2268 1657 2313 non
1708 2252 1797 2313 est
1846 2252 1905 2313 et
1955 2252 2022 2312 tu
2070 2247 2235 2326 furti

221 2337 539 2419 obliyaris;
585 2339 690 2402 sed
731 2338 1048 2418 beniynius
1081 2341 1183 2418 est,
1227 2338 1286 2401 si
1321 2358 1505 2419 aqam
1540 2342 1755 2401 eontra
1788 2356 1928 2401 eum
1961 2337 2071 2419 qui
2102 2356 2234 2401 rem

225 2426 479 2507 aceepit,
522 2427 861 2507 exceptione
903 2425 1028 2489 doli
1070 2425 1226 2489 mali
1268 2446 1365 2488 me
1406 2426 1789 2489 summoveri.

969 2608 1067 2674 De
1109 2612 1491 2692 usucapione.

399 2724 500 2790 32.
558 2724 634 2789 D.
662 2726 768 2806 41,
798 2724 858 2809 3,
886 2723 989 2788 21.
1060 2723 1238 2787 Idem
1287 2721 1401 2809 (se.
1437 2721 1804 2809 Iavolenus)
1841 2724 2009 2789 libro
2048 2728 2231 2790 sexto

223 2812 684 2897 Epistularum.
747 2848 823 2859 —
881 2812 1000 2895 Ei,
1061 2834 1102 2877 a
1165 2834 1281 2894 quo
1331 2813 1599 2894 fundum
1640 2834 1763 2895 pro
1814 2813 2023 2877 herede
2074 2810 2233 2878 usu²

217 2906 508 2985 capturus
551 2923 738 2983 eram,
787 2903 979 2967 locavi
1017 2922 1170 2966 eum.
1234 2922 1321 2966 an
1356 2903 1545 2968 ullius
1580 2903 1871 2967 momenti
1904 2923 2040 2966 eam
2078 2903 2233 2968 loea-

229 2993 446 3056 tionem
483 2992 802 3072 existimes,
837 3011 1093 3072 quaero;
1138 2993 1301 3072 quod
1340 2993 1397 3056 si
1430 2992 1667 3056 nullius
1702 2992 1992 3056 momenti
2024 2993 2227 3057 existi-

223 3101 380 3165 mas,
443 3102 529 3145 an
591 3083 819 3146 durare
875 3080 1068 3144 nihilo
1124 3082 1331 3144 minus
1384 3082 1811 3161 usucapionem
1864 3081 1995 3145 eius
2041 3081 2233 3163 fundi

209 3174 403 3251 putes.
500 3171 646 3234 item
707 3189 958 3252 quaero,
1021 3169 1078 3233 si
1135 3169 1327 3232 eidem
1383 3170 1703 3234 vendidero
1756 3190 1894 3234 eum
1944 3169 2230 3253 fundum,

221 3258 369 3340 quid
418 3260 490 3323 de
541 3258 641 3323 his
693 3258 922 3343 causis,
973 3258 1046 3322 de
1089 3258 1309 3338 quibus
1352 3278 1544 3339 supra
1588 3260 1849 3340 quaesii,
1908 3260 2229 3323 existimes.

393 3346 758 3429 Respondit:
802 3348 861 3412 si
904 3348 977 3424 is,
1021 3348 1129 3428 qui
1166 3367 1282 3427 pro
1327 3345 1536 3411 herede
1570 3348 1837 3427 fundum
1860 3347 2229 3429 possidebat,

213 3436 460 3519 ‘domino
511 3456 651 3499 eum
704 3436 947 3518 locavit,
1001 3434 1239 3500 nullius
1292 3436 1581 3500 momenti
1632 3436 1848 3500 locatio
1902 3441 2012 3519 est,
2076 3436 2231 3516 quia

363 3614 390 3663 1
431 3608 524 3663 ΓΖ.
559 3607 719 3663 nihil.
863 3614 895 3662 2
939 3608 1089 3663 Trib.
1129 3607 1340 3663 diutius
1374 3607 1722 3679 possidendo,
