2575 3900
320 157 452 221 418
524 157 590 213 V.
629 155 930 211 NERVAE
967 156 1062 211 ET
1098 156 1403 211 TRAIANI
1439 158 1655 215 ΤΕΜΡ.
1690 157 1883 213 IURIS
1920 157 2283 214 CONSULTI

498 322 602 385 62.
666 318 745 384 D.
785 318 889 404 35,
934 324 986 403 1,
1023 321 1128 401 40,
1166 321 1225 385 2.
1324 320 1507 385 Idem
1571 318 1684 405 (se.
1741 319 2113 408 Iavolenus)
2168 321 2343 387 libro

325 410 602 475 secundo
660 431 734 473 ex
788 409 1254 493 posterioribus
1310 408 1645 475 Labeonis.
1702 446 1791 457 —-
1847 410 2115 491 Quidam
2173 411 2344 476 Pitio

319 503 558 563 centum
606 498 931 580 leyaverat,
975 500 1188 563 deinde
1231 498 1409 580 infra
1451 499 1544 563 ita
1592 500 1885 565 iusserat:
1943 497 2119 582 quas
2152 520 2342 583 pecu-

319 588 465 651 nias
501 587 716 668 cuique
753 588 963 670 ῖεραυί,
999 608 1102 652 eas
1137 586 1308 652 heres
1340 608 1528 673 meus,
1564 588 1622 653 si
1656 592 1854 652 mater
1889 608 2027 653 mea
2060 590 2341 667 moritur,

319 674 521 754 dato',·
569 680 806 741 mortuo
832 680 1013 757 patre
1044 676 1331 757 familias
1367 637 1570 742 Titius
1603 679 1842 743 vixerat
1876 682 1933 741 et
1967 678 2109 742 viva
2143 682 2343 743 matre

320 762 682 848 [familias]
755 766 1097 830 decesserat.
1213 771 1459 831 mortua
1531 771 1728 830 matre
1793 766 2111 831 heredibus
2185 766 2342 832 Titii

321 854 588 936 leyatum
623 853 824 919 deberi
862 852 1085 936 Ofilius
1125 855 1459 937 respondit,
1493 856 1787 936 quoniam
1823 875 1949 920 non
1983 856 2099 920 sub
2134 857 2341 921 condi-

318 943 488 1007 cione
540 947 688 1008 esset
740 943 1028 1026 legatum,
1081 943 1188 1007 sed
1237 948 1381 1007 ante
1427 944 1689 1026 leyatum
1722 964 1909 1027 pure,
1953 945 2171 1009 deinde
2212 946 2341 1009 dies

321 1032 591 1097 solvendi
634 1033 884 1096 adiecta.
975 1031 1314 1114 videamus,
1362 1032 1567 1115 inquit
1609 1030 1831 1115 Labeo,
1874 1053 1951 1097 ne
1997 1033 2066 1097 id
2102 1033 2339 1113 falsum

319 1121 420 1204 sit,
467 1122 617 1203 quia
662 1120 824 1185 nihil
867 1120 1126 1203 intersit,
1171 1125 1382 1184 utrum
1426 1122 1521 1187 ita
1562 1121 1899 1186 scribatur:
1947 1119 2127 1203 ‘quas
2158 1142 2338 1204 pecu-

320 1212 466 1275 nias
503 1211 716 1292 cuique
753 1210 966 1292 leyavi,
1001 1230 1105 1275 eas
1139 1208 1307 1275 heres
1342 1230 1529 1292 meus,
1564 1210 1623 1275 si
1656 1215 1855 1274 mater
1888 1230 2025 1275 mea
2060 1212 2339 1293 moritur,

319 1298 486 1364 dato'
533 1319 618 1363 an
663 1299 789 1362 ita:
847 1296 998 1361 ‘nisi
1041 1304 1238 1362 mater
1283 1319 1421 1363 mea
1466 1300 1755 1382 moritur,
1800 1319 1877 1363 ne
1920 1298 2121 1375 dato'‚·
2165 1304 2336 1363 utru-

321 1386 498 1469 bique
543 1388 708 1451 enim
752 1387 865 1451 sub
909 1388 1255 1451 condicione
1297 1388 1390 1452 vel
1435 1388 1653 1451 datum
1695 1388 1786 1451 vel
1829 1388 2182 1469 ademptum
2216 1407 2338 1452 esse

321 1475 602 1557 leyatum.
695 1474 997 1540 Labeonis
1039 1495 1395 1557 responsum
1430 1476 1639 1557 probo.

499 1582 599 1647 63.
647 1579 727 1646 D.
757 1582 860 1664 32,
890 1582 994 1664 30,
1023 1582 1083 1648 2.
1157 1580 1372 1647 Labeo
1401 1583 1571 1647 libro
1603 1582 1880 1648 seeundo
1910 1581 2338 1666 posteriorum

322 1692 358 1733 a
397 1669 702 1734 Iavoleno
749 1671 1270 1753 epitomatorum.
1328 1707 1402 1717 —
1460 1669 1615 1736 Oum
1654 1675 2001 1736 testamento
2045 1672 2339 1753 seriptum

318 1763 499 1823 esset:
547 1757 778 1824 ‘Sticho
826 1779 994 1823 servo
1036 1779 1165 1823 meo
1200 1760 1370 1825 heres
1403 1762 1672 1842 quinque
1705 1760 1847 1825 dato
1884 1765 1954 1843 et,
1996 1761 2056 1825 si
2094 1758 2339 1826 Stichus

318 1846 524 1912 heredi
567 1868 695 1912 meo
741 1847 1054 1912 biennium
1097 1849 1399 1928 servierit,
1447 1848 1597 1914 liber
1640 1847 1802 1934 esto’,
1835 1853 1980 1930 post
2023 1848 2337 1914 biennium

321 1937 585 2021 leyatum
630 1937 829 2002 deberi
871 1938 1168 2021 existima,
1213 1938 1365 2020 quia
1409 1937 1479 2003 in
1524 1938 1595 2004 id
1636 1941 1870 2020 tempus
1904 1942 1962 2002 et
1996 1936 2239 2004 libertas
2282 1942 2341 2003 et

321 2027 582 2109 leyatum
628 2026 848 2106 referri
890 2027 1119 2091 deberet
1125 2047 1149 2104 ,·
1194 2028 1359 2109 quod
1410 2032 1467 2092 et
1517 2027 1839 2092 Trebatius
1882 2028 2208 2109 respondit.

500 2133 603 2198 64.
659 2130 737 2196 D.
776 2131 878 2215 35,
922 2133 977 2216 1,
1013 2133 1119 2216 40,
1155 2133 1216 2198 5.
1317 2132 1495 2197 Idem
1561 2129 1679 2220 (so.
1730 2130 2105 2219 Iavolenus)
2172 2132 2336 2198 libro

319 2222 596 2287 secundo
643 2243 719 2285 ex
763 2222 1231 2306 posterioribus
1278 2220 1615 2287 Labeonis
1659 2257 1743 2268 —
1786 2221 2090 2286 Thermus
2132 2223 2339 2287 minor

317 2332 578 2394 quorum
614 2311 924 2376 arbitratu
959 2316 1419 2376 monumentum
1454 2311 1573 2376 sibi
1606 2311 1747 2394 fieri
1782 2311 1955 2375 vellet
1988 2316 2335 2377 testamento

316 2401 665 2483 scribserat,
708 2401 921 2465 deinde
965 2401 1058 2465 ita
1103 2400 1439 2482 leyaverat:
1486 2399 1706 2464 ‘Lucio
1757 2397 1987 2464 Publio
2036 2398 2339 2466 Corneliis

318 2491 404 2553 ad
455 2495 913 2554 monumentum
968 2509 1168 2553 meum
1222 2489 1677 2572 aedificandum
1727 2487 1898 2552 mille
1949 2487 2118 2555 heres
2171 2509 2341 2554 meus

317 2577 500 2643 dato’.
607 2579 927 2644 Trebatius
985 2579 1297 2660 respondit
1339 2598 1457 2659 pro
1511 2597 1577 2642 eo
1630 2577 1975 2642 habendum
2029 2598 2104 2642 ac
2146 2580 2203 2643 si
2246 2580 2339 2643 ita

320 2667 585 2750 leyatum
638 2674 811 2748 esset,
863 2669 922 2732 si
973 2669 1129 2732 satis
1182 2667 1484 2732 dedissent
1528 2686 1593 2731 se
1634 2667 1726 2730 ita
1771 2668 1841 2731 id
1881 2673 2339 2732 monumentum

318 2777 392 2820 ex
436 2778 508 2822 ea
548 2757 811 2838 pecunia
852 2757 1140 2835 facturos
1232 2756 1435 2821 Labeo
1488 2754 1757 2819 Trebatii
1800 2757 2158 2820 sententiam
2171 2776 2338 2858 ’pro-

319 2843 445 2923 bat,
501 2846 652 2927 quia
704 2846 849 2910 haec
907 2865 1074 2910 mens
1121 2846 1399 2911 testantis
1438 2843 1681 2929 fuisset,
1738 2850 1809 2909 ut
1851 2865 1923 2910 ea
1954 2846 2225 2927 pecunia
2268 2846 2339 2908 in

319 2939 776 2998 monumentum
817 2940 1299 3012 consumeretur,
1346 2935 1507 2998 idem
1543 2939 1601 2998 et
1633 2954 1737 3014 eqo
1774 2938 1829 2996 et
1864 2933 2167 2999 Proculus
2190 2954 2339 3016 pro-

318 3021 549 3085 bamus.

497 3127 598 3192 65.
665 3125 742 3192 D.
772 3128 875 3211 35,
915 3128 971 3210 1,
996 3127 1105 3211 40,
1142 3129 1202 3192 3.
1313 3127 1489 3192 Idem
1555 3125 1669 3214 (se.
1735 3123 2107 3214 Iavolenus)
2171 3127 2340 3192 libro

320 3216 599 3312 secugdo
659 3238 736 3281 ex
781 3216 1246 3300 posterioribus
1296 3215 1637 3280 Labeonis.
1679 3252 1771 3263 —
1816 3215 2130 3282 Dominus
2173 3237 2339 3283 servo

323 3319 524 3385 HSV
559 3319 904 3406 (rationis)
940 3323 1070 3386 eius
1108 3323 1439 3405 leyaverat:
1491 3320 1680 3387 ‘heres
1724 3342 1892 3387 meus
1923 3321 2130 3420 Sti—cho
2174 3344 2343 3388 servo

322 3446 452 3490 meo
466 3475 484 3507 ,
539 3448 716 3510 quem
762 3432 1105 3493 testamento
1152 3428 1409 3493 liberum
1454 3446 1578 3494 esse
1622 3428 1805 3511 iussi,
1850 3428 1924 3492 Η
1933 3428 1987 3494 S
1996 3430 2058 3494 V
2080 3449 2237 3511 quae
2270 3429 2341 3493 in

321 3515 548 3580 tabulis
602 3516 772 3580 debeo
784 3565 802 3599 ,
853 3515 1034 3579 dato'.
1123 3517 1282 3581 nihil
1336 3535 1503 3582 servo
1560 3515 1823 3597 leyatum
1880 3537 2003 3581 esse
2048 3517 2339 3582 Namusa
