<?xml version="1.0" encoding="UTF-8"?>
<!DOCTYPE html PUBLIC "-//W3C//DTD XHTML 1.0 Transitional//EN"
    "http://www.w3.org/TR/xhtml1/DTD/xhtml1-transitional.dtd">
<html xmlns="http://www.w3.org/1999/xhtml" xml:lang="en" lang="en">
 <head>
  <title>
</title>
<meta http-equiv="Content-Type" content="text/html;charset=utf-8" />
  <meta name='ocr-system' content='tesseract 3.04.00' />
  <meta name='ocr-capabilities' content='ocr_page ocr_carea ocr_par ocr_line ocrx_word'/>
</head>
<body>
  <div class='ocr_page' id='page_1' title='image "./iurisprudentiae00unkngoog_0066.png"; bbox 0 0 2575 3900; ppageno 0'>
   <div class='ocr_carea' id='block_1_1' title="bbox 350 159 2366 224">
    <p class='ocr_par' dir='ltr' id='par_1_1' title="bbox 350 159 2366 224">
     <span class='ocr_line' id='line_1_1' title="bbox 350 159 2366 224; baseline 0.002 -11"><span class='ocrx_word' id='word_1_1' title='bbox 350 161 437 224; x_wconf 89' lang='lat'><strong>30</strong></span> <span class='ocrx_word' id='word_1_2' title='bbox 492 160 581 215; x_wconf 83' lang='lat'><strong>111.</strong></span> <span class='ocrx_word' id='word_1_3' title='bbox 614 160 767 215; x_wconf 88' lang='lat' dir='ltr'>GAII</span> <span class='ocrx_word' id='word_1_4' title='bbox 796 160 1091 217; x_wconf 88' lang='lat' dir='ltr'>CLAUDII</span> <span class='ocrx_word' id='word_1_5' title='bbox 1107 159 1381 216; x_wconf 76' lang='lat' dir='ltr'><strong>NERON.</strong></span> <span class='ocrx_word' id='word_1_6' title='bbox 1403 159 1690 215; x_wconf 80' lang='lat' dir='ltr'>GALBAE</span> <span class='ocrx_word' id='word_1_7' title='bbox 1711 160 1931 216; x_wconf 77' lang='lat' dir='ltr'><strong>TEMP.</strong></span> <span class='ocrx_word' id='word_1_8' title='bbox 1951 161 2144 217; x_wconf 85' lang='lat' dir='ltr'>IURIS</span> <span class='ocrx_word' id='word_1_9' title='bbox 2166 161 2366 218; x_wconf 82' lang='lat' dir='ltr'><strong>CONS.</strong></span> 
     </span>
    </p>
   </div>
   <div class='ocr_carea' id='block_1_2' title="bbox 342 321 2376 1918">
    <p class='ocr_par' dir='ltr' id='par_1_2' title="bbox 342 321 2376 1918">
     <span class='ocr_line' id='line_1_2' title="bbox 346 321 2376 408; baseline 0 -20"><span class='ocrx_word' id='word_1_10' title='bbox 346 323 773 388; x_wconf 91' lang='lat' dir='ltr'><strong>interficiendi</strong></span> <span class='ocrx_word' id='word_1_11' title='bbox 839 321 1085 387; x_wconf 90' lang='lat' dir='ltr'><strong>domini</strong></span> <span class='ocrx_word' id='word_1_12' title='bbox 1148 324 1438 387; x_wconf 89' lang='lat' dir='ltr'><strong>animum</strong></span> <span class='ocrx_word' id='word_1_13' title='bbox 1491 323 1871 408; x_wconf 84' lang='lat' dir='ltr'>sumpsisse,</span> <span class='ocrx_word' id='word_1_14' title='bbox 1937 328 2010 389; x_wconf 91' lang='lat' dir='ltr'><strong>ut</strong></span> <span class='ocrx_word' id='word_1_15' title='bbox 2064 346 2194 389; x_wconf 89' lang='lat' dir='ltr'><strong>non</strong></span> <span class='ocrx_word' id='word_1_16' title='bbox 2248 347 2376 390; x_wconf 79' lang='lat' dir='ltr'><strong>vox</strong></span> 
     </span>
     <span class='ocr_line' id='line_1_3' title="bbox 348 411 2374 498; baseline 0 -21"><span class='ocrx_word' id='word_1_17' title='bbox 348 414 566 477; x_wconf 81' lang='lat' dir='ltr'><strong>minax</strong></span> <span class='ocrx_word' id='word_1_18' title='bbox 612 411 948 495; x_wconf 78' lang='lat' dir='ltr'><strong>excideret,</strong></span> <span class='ocrx_word' id='word_1_19' title='bbox 994 411 1161 476; x_wconf 86' lang='lat' dir='ltr'><strong>nihil</strong></span> <span class='ocrx_word' id='word_1_20' title='bbox 1206 431 1324 496; x_wconf 90' lang='lat' dir='ltr'><strong>per</strong></span> <span class='ocrx_word' id='word_1_21' title='bbox 1363 413 1797 477; x_wconf 71' lang='lat' dir='ltr'><strong>temeritatem</strong></span> <span class='ocrx_word' id='word_1_22' title='bbox 1835 413 2374 498; x_wconf 81' lang='lat' dir='ltr'><strong>proloqueretur?</strong></span> 
     </span>
     <span class='ocr_line' id='line_1_4' title="bbox 349 501 2374 586; baseline 0 -20"><span class='ocrx_word' id='word_1_23' title='bbox 349 523 503 567; x_wconf 88' lang='lat' dir='ltr'><strong>sane</strong></span> <span class='ocrx_word' id='word_1_24' title='bbox 548 501 891 566; x_wconf 90' lang='lat' dir='ltr'><strong>consilium</strong></span> <span class='ocrx_word' id='word_1_25' title='bbox 930 501 1300 579; x_wconf 77' lang='lat' dir='ltr'><strong>occultavit,</strong></span> <span class='ocrx_word' id='word_1_26' title='bbox 1343 501 1546 566; x_wconf 89' lang='lat' dir='ltr'><strong>telum</strong></span> <span class='ocrx_word' id='word_1_27' title='bbox 1584 502 1755 567; x_wconf 89' lang='lat' dir='ltr'><strong>inter</strong></span> <span class='ocrx_word' id='word_1_28' title='bbox 1788 501 2054 586; x_wconf 88' lang='lat' dir='ltr'><strong>ignaros</strong></span> <span class='ocrx_word' id='word_1_29' title='bbox 2091 503 2374 586; x_wconf 81' lang='lat' dir='ltr'><strong>paravit:</strong></span> 
     </span>
     <span class='ocr_line' id='line_1_5' title="bbox 347 589 2376 673; baseline 0 -18"><span class='ocrx_word' id='word_1_30' title='bbox 347 613 501 655; x_wconf 91' lang='lat' dir='ltr'><strong>num</strong></span> <span class='ocrx_word' id='word_1_31' title='bbox 580 590 883 654; x_wconf 84' lang='lat' dir='ltr'><strong>excubias</strong></span> <span class='ocrx_word' id='word_1_32' title='bbox 955 589 1295 673; x_wconf 84' lang='lat' dir='ltr'><strong>transiret,</strong></span> <span class='ocrx_word' id='word_1_33' title='bbox 1377 590 1658 654; x_wconf 90' lang='lat' dir='ltr'><strong>cubiculi</strong></span> <span class='ocrx_word' id='word_1_34' title='bbox 1739 591 1914 656; x_wconf 81' lang='lat' dir='ltr'><strong>fores</strong></span> <span class='ocrx_word' id='word_1_35' title='bbox 1997 591 2376 672; x_wconf 84' lang='lat' dir='ltr'><strong>recluderet,</strong></span> 
     </span>
     <span class='ocr_line' id='line_1_6' title="bbox 345 677 2372 762; baseline 0 -19"><span class='ocrx_word' id='word_1_36' title='bbox 345 680 565 744; x_wconf 89' lang='lat' dir='ltr'><strong>lumen</strong></span> <span class='ocrx_word' id='word_1_37' title='bbox 644 677 939 760; x_wconf 89' lang='lat' dir='ltr'><strong>inferret,</strong></span> <span class='ocrx_word' id='word_1_38' title='bbox 1020 678 1279 743; x_wconf 89' lang='lat' dir='ltr'><strong>caedem</strong></span> <span class='ocrx_word' id='word_1_39' title='bbox 1353 684 1645 762; x_wconf 88' lang='lat' dir='ltr'><strong>patraret</strong></span> <span class='ocrx_word' id='word_1_40' title='bbox 1718 679 2016 744; x_wconf 91' lang='lat' dir='ltr'><strong>omnibus</strong></span> <span class='ocrx_word' id='word_1_41' title='bbox 2090 679 2372 744; x_wconf 85' lang='lat' dir='ltr'><strong>nesciis?</strong></span> 
     </span>
     <span class='ocr_line' id='line_1_7' title="bbox 345 766 2374 851; baseline 0 -19"><span class='ocrx_word' id='word_1_42' title='bbox 345 768 554 832; x_wconf 90' lang='lat' dir='ltr'><strong>multa</strong></span> <span class='ocrx_word' id='word_1_43' title='bbox 608 767 865 832; x_wconf 91' lang='lat' dir='ltr'><strong>sceleris</strong></span> <span class='ocrx_word' id='word_1_44' title='bbox 920 766 1160 832; x_wconf 91' lang='lat' dir='ltr'><strong>indicia</strong></span> <span class='ocrx_word' id='word_1_45' title='bbox 1213 768 1663 850; x_wconf 81' lang='lat' dir='ltr'><strong>praeveniunt:</strong></span> <span class='ocrx_word' id='word_1_46' title='bbox 1731 768 1934 833; x_wconf 80' lang='lat' dir='ltr'><strong>servis</strong></span> <span class='ocrx_word' id='word_1_47' title='bbox 1989 768 2048 832; x_wconf 91' lang='lat' dir='ltr'><strong>si</strong></span> <span class='ocrx_word' id='word_1_48' title='bbox 2104 789 2374 851; x_wconf 90' lang='lat' dir='ltr'><strong>pereun-</strong></span> 
     </span>
     <span class='ocr_line' id='line_1_8' title="bbox 346 855 2375 943; baseline 0 -22"><span class='ocrx_word' id='word_1_49' title='bbox 346 858 499 921; x_wconf 92' lang='lat' dir='ltr'><strong>dum</strong></span> <span class='ocrx_word' id='word_1_50' title='bbox 555 857 670 935; x_wconf 88' lang='lat' dir='ltr'><strong>sit,</strong></span> <span class='ocrx_word' id='word_1_51' title='bbox 724 856 793 920; x_wconf 93' lang='lat' dir='ltr'><strong>ni</strong></span> <span class='ocrx_word' id='word_1_52' title='bbox 848 855 1154 940; x_wconf 87' lang='lat' dir='ltr'><strong>prodant,</strong></span> <span class='ocrx_word' id='word_1_53' title='bbox 1208 877 1554 940; x_wconf 88' lang='lat' dir='ltr'><strong>possumus</strong></span> <span class='ocrx_word' id='word_1_54' title='bbox 1609 855 1852 941; x_wconf 84' lang='lat' dir='ltr'><strong>singuli</strong></span> <span class='ocrx_word' id='word_1_55' title='bbox 1906 858 2078 921; x_wconf 91' lang='lat' dir='ltr'><strong>inter</strong></span> <span class='ocrx_word' id='word_1_56' title='bbox 2133 857 2375 943; x_wconf 86' lang='lat' dir='ltr'><strong>plures,</strong></span> 
     </span>
     <span class='ocr_line' id='line_1_9' title="bbox 344 945 2374 1030; baseline 0 -20"><span class='ocrx_word' id='word_1_57' title='bbox 344 947 473 1010; x_wconf 89' lang='lat' dir='ltr'><strong>tuti</strong></span> <span class='ocrx_word' id='word_1_58' title='bbox 522 946 692 1010; x_wconf 90' lang='lat' dir='ltr'><strong>inter</strong></span> <span class='ocrx_word' id='word_1_59' title='bbox 738 945 994 1030; x_wconf 89' lang='lat' dir='ltr'><strong>anxios,</strong></span> <span class='ocrx_word' id='word_1_60' title='bbox 1049 949 1378 1028; x_wconf 89' lang='lat' dir='ltr'><strong>postremo</strong></span> <span class='ocrx_word' id='word_1_61' title='bbox 1426 966 1562 1010; x_wconf 92' lang='lat' dir='ltr'><strong>non</strong></span> <span class='ocrx_word' id='word_1_62' title='bbox 1606 946 1798 1009; x_wconf 88' lang='lat' dir='ltr'><strong>inulti</strong></span> <span class='ocrx_word' id='word_1_63' title='bbox 1844 946 2016 1010; x_wconf 88' lang='lat' dir='ltr'><strong>inter</strong></span> <span class='ocrx_word' id='word_1_64' title='bbox 2065 950 2374 1010; x_wconf 88' lang='lat' dir='ltr'><strong>nocentes</strong></span> 
     </span>
     <span class='ocr_line' id='line_1_10' title="bbox 346 1034 2376 1121; baseline 0 -22"><span class='ocrx_word' id='word_1_65' title='bbox 346 1056 559 1121; x_wconf 87' lang='lat' dir='ltr'><strong>agere.</strong></span> <span class='ocrx_word' id='word_1_66' title='bbox 668 1038 970 1117; x_wconf 87' lang='lat' dir='ltr'><strong>suspecta</strong></span> <span class='ocrx_word' id='word_1_67' title='bbox 1044 1034 1401 1098; x_wconf 88' lang='lat' dir='ltr'><strong>maioribus</strong></span> <span class='ocrx_word' id='word_1_68' title='bbox 1475 1035 1718 1098; x_wconf 88' lang='lat' dir='ltr'><strong>nostris</strong></span> <span class='ocrx_word' id='word_1_69' title='bbox 1781 1034 2044 1099; x_wconf 88' lang='lat' dir='ltr'><strong>fuerunt</strong></span> <span class='ocrx_word' id='word_1_70' title='bbox 2107 1035 2376 1120; x_wconf 83' lang='lat' dir='ltr'><strong>ingenia</strong></span> 
     </span>
     <span class='ocr_line' id='line_1_11' title="bbox 346 1121 2376 1207; baseline 0 -19"><span class='ocrx_word' id='word_1_71' title='bbox 346 1145 706 1203; x_wconf 80' lang='lat' dir='ltr'><strong>servorum,</strong></span> <span class='ocrx_word' id='word_1_72' title='bbox 780 1121 979 1187; x_wconf 84' lang='lat' dir='ltr'><strong>etiam</strong></span> <span class='ocrx_word' id='word_1_73' title='bbox 1038 1143 1184 1187; x_wconf 91' lang='lat' dir='ltr'><strong>cum</strong></span> <span class='ocrx_word' id='word_1_74' title='bbox 1249 1123 1316 1186; x_wconf 89' lang='lat' dir='ltr'><strong>in</strong></span> <span class='ocrx_word' id='word_1_75' title='bbox 1381 1123 1556 1207; x_wconf 85' lang='lat' dir='ltr'><strong>agris</strong></span> <span class='ocrx_word' id='word_1_76' title='bbox 1626 1127 1741 1187; x_wconf 89' lang='lat' dir='ltr'><strong>aut</strong></span> <span class='ocrx_word' id='word_1_77' title='bbox 1804 1123 2102 1188; x_wconf 91' lang='lat' dir='ltr'><strong>domibus</strong></span> <span class='ocrx_word' id='word_1_78' title='bbox 2165 1123 2376 1188; x_wconf 89' lang='lat' dir='ltr'><strong>isdem</strong></span> 
     </span>
     <span class='ocr_line' id='line_1_12' title="bbox 345 1210 2376 1296; baseline 0.001 -20"><span class='ocrx_word' id='word_1_79' title='bbox 345 1218 766 1277; x_wconf 88' lang='lat' dir='ltr'><strong>nascerentur</strong></span> <span class='ocrx_word' id='word_1_80' title='bbox 804 1211 1267 1295; x_wconf 88' lang='lat' dir='ltr'><strong>caritatemque</strong></span> <span class='ocrx_word' id='word_1_81' title='bbox 1306 1210 1708 1276; x_wconf 89' lang='lat' dir='ltr'><strong>dominorum</strong></span> <span class='ocrx_word' id='word_1_82' title='bbox 1740 1211 1961 1277; x_wconf 85' lang='lat' dir='ltr'><strong>statim</strong></span> <span class='ocrx_word' id='word_1_83' title='bbox 1990 1213 2376 1296; x_wconf 86' lang='lat' dir='ltr'><strong>acciperent.</strong></span> 
     </span>
     <span class='ocr_line' id='line_1_13' title="bbox 342 1299 2376 1386; baseline 0 -21"><span class='ocrx_word' id='word_1_84' title='bbox 342 1305 691 1384; x_wconf 88' lang='lat' dir='ltr'><strong>postquam</strong></span> <span class='ocrx_word' id='word_1_85' title='bbox 751 1320 900 1363; x_wconf 82' lang='lat' dir='ltr'><strong>vero</strong></span> <span class='ocrx_word' id='word_1_86' title='bbox 955 1300 1253 1364; x_wconf 90' lang='lat' dir='ltr'><strong>nationes</strong></span> <span class='ocrx_word' id='word_1_87' title='bbox 1310 1300 1377 1363; x_wconf 91' lang='lat' dir='ltr'><strong>in</strong></span> <span class='ocrx_word' id='word_1_88' title='bbox 1430 1299 1694 1364; x_wconf 89' lang='lat' dir='ltr'><strong>familiis</strong></span> <span class='ocrx_word' id='word_1_89' title='bbox 1738 1300 2079 1382; x_wconf 88' lang='lat' dir='ltr'><strong>habemus,</strong></span> <span class='ocrx_word' id='word_1_90' title='bbox 2136 1301 2376 1386; x_wconf 91' lang='lat' dir='ltr'><strong>quibus</strong></span> 
     </span>
     <span class='ocr_line' id='line_1_14' title="bbox 343 1389 2376 1474; baseline 0.001 -22"><span class='ocrx_word' id='word_1_91' title='bbox 343 1389 583 1455; x_wconf 80' lang='lat' dir='ltr'><strong>diversi</strong></span> <span class='ocrx_word' id='word_1_92' title='bbox 626 1389 817 1472; x_wconf 77' lang='lat' dir='ltr'><strong>ritae,</strong></span> <span class='ocrx_word' id='word_1_93' title='bbox 874 1392 1141 1453; x_wconf 86' lang='lat' dir='ltr'><strong>externa</strong></span> <span class='ocrx_word' id='word_1_94' title='bbox 1186 1409 1372 1453; x_wconf 87' lang='lat' dir='ltr'><strong>sacra</strong></span> <span class='ocrx_word' id='word_1_95' title='bbox 1417 1391 1532 1453; x_wconf 91' lang='lat' dir='ltr'><strong>aut</strong></span> <span class='ocrx_word' id='word_1_96' title='bbox 1576 1389 1760 1454; x_wconf 90' lang='lat' dir='ltr'><strong>nulla</strong></span> <span class='ocrx_word' id='word_1_97' title='bbox 1805 1393 1983 1474; x_wconf 84' lang='lat' dir='ltr'><strong>sunt,</strong></span> <span class='ocrx_word' id='word_1_98' title='bbox 2030 1390 2376 1455; x_wconf 87' lang='lat' dir='ltr'><strong>colluviem</strong></span> 
     </span>
     <span class='ocr_line' id='line_1_15' title="bbox 342 1477 2374 1562; baseline 0.001 -20"><span class='ocrx_word' id='word_1_99' title='bbox 342 1479 541 1544; x_wconf 88' lang='lat' dir='ltr'><strong>istam</strong></span> <span class='ocrx_word' id='word_1_100' title='bbox 595 1500 728 1542; x_wconf 92' lang='lat' dir='ltr'><strong>non</strong></span> <span class='ocrx_word' id='word_1_101' title='bbox 783 1477 910 1542; x_wconf 90' lang='lat' dir='ltr'><strong>nisi</strong></span> <span class='ocrx_word' id='word_1_102' title='bbox 970 1480 1145 1542; x_wconf 88' lang='lat' dir='ltr'><strong>metu</strong></span> <span class='ocrx_word' id='word_1_103' title='bbox 1192 1477 1568 1542; x_wconf 90' lang='lat' dir='ltr'><strong>coercueris.</strong></span> <span class='ocrx_word' id='word_1_104' title='bbox 1655 1481 1724 1542; x_wconf 89' lang='lat' dir='ltr'><strong>at</strong></span> <span class='ocrx_word' id='word_1_105' title='bbox 1767 1477 2028 1562; x_wconf 87' lang='lat' dir='ltr'><strong>quidam</strong></span> <span class='ocrx_word' id='word_1_106' title='bbox 2075 1479 2374 1544; x_wconf 83' lang='lat' dir='ltr'><strong>insontes</strong></span> 
     </span>
     <span class='ocr_line' id='line_1_16' title="bbox 342 1567 2373 1650; baseline 0.001 -20"><span class='ocrx_word' id='word_1_107' title='bbox 342 1567 664 1650; x_wconf 87' lang='lat' dir='ltr'><strong>peribunt.</strong></span> <span class='ocrx_word' id='word_1_108' title='bbox 770 1587 925 1632; x_wconf 88' lang='lat' dir='ltr'><strong>nam</strong></span> <span class='ocrx_word' id='word_1_109' title='bbox 999 1571 1066 1630; x_wconf 89' lang='lat' dir='ltr'><strong>et</strong></span> <span class='ocrx_word' id='word_1_110' title='bbox 1137 1587 1215 1630; x_wconf 87' lang='lat' dir='ltr'><strong>ex</strong></span> <span class='ocrx_word' id='word_1_111' title='bbox 1285 1567 1432 1631; x_wconf 87' lang='lat' dir='ltr'><strong>fuso</strong></span> <span class='ocrx_word' id='word_1_112' title='bbox 1508 1567 1788 1631; x_wconf 88' lang='lat' dir='ltr'><strong>exercitu</strong></span> <span class='ocrx_word' id='word_1_113' title='bbox 1862 1587 2007 1632; x_wconf 92' lang='lat' dir='ltr'><strong>cum</strong></span> <span class='ocrx_word' id='word_1_114' title='bbox 2085 1567 2373 1632; x_wconf 90' lang='lat' dir='ltr'><strong>decimus</strong></span> 
     </span>
     <span class='ocr_line' id='line_1_17' title="bbox 342 1654 2376 1740; baseline 0.001 -21"><span class='ocrx_word' id='word_1_115' title='bbox 342 1656 611 1740; x_wconf 89' lang='lat' dir='ltr'><strong>quisque</strong></span> <span class='ocrx_word' id='word_1_116' title='bbox 658 1655 814 1721; x_wconf 85' lang='lat' dir='ltr'><strong>fusti</strong></span> <span class='ocrx_word' id='word_1_117' title='bbox 857 1654 1116 1738; x_wconf 88' lang='lat' dir='ltr'><strong>feritur,</strong></span> <span class='ocrx_word' id='word_1_118' title='bbox 1162 1656 1363 1720; x_wconf 89' lang='lat' dir='ltr'><strong>etiam</strong></span> <span class='ocrx_word' id='word_1_119' title='bbox 1409 1656 1656 1720; x_wconf 89' lang='lat' dir='ltr'><strong>strenui</strong></span> <span class='ocrx_word' id='word_1_120' title='bbox 1702 1656 2074 1721; x_wconf 88' lang='lat' dir='ltr'><strong>sortiuntur.</strong></span> <span class='ocrx_word' id='word_1_121' title='bbox 2169 1655 2376 1722; x_wconf 83' lang='lat' dir='ltr'><strong>habet</strong></span> 
     </span>
     <span class='ocr_line' id='line_1_18' title="bbox 343 1744 2374 1830; baseline 0 -21"><span class='ocrx_word' id='word_1_122' title='bbox 343 1745 585 1829; x_wconf 87' lang='lat' dir='ltr'><strong>aliquid</strong></span> <span class='ocrx_word' id='word_1_123' title='bbox 660 1766 738 1809; x_wconf 86' lang='lat' dir='ltr'><strong>ex</strong></span> <span class='ocrx_word' id='word_1_124' title='bbox 807 1744 1033 1828; x_wconf 91' lang='lat' dir='ltr'><strong>iniquo</strong></span> <span class='ocrx_word' id='word_1_125' title='bbox 1098 1766 1287 1809; x_wconf 90' lang='lat' dir='ltr'><strong>omne</strong></span> <span class='ocrx_word' id='word_1_126' title='bbox 1354 1764 1665 1829; x_wconf 85' lang='lat' dir='ltr'><strong>magnum</strong></span> <span class='ocrx_word' id='word_1_127' title='bbox 1731 1746 2123 1830; x_wconf 87' lang='lat' dir='ltr'><strong>exemplum,</strong></span> <span class='ocrx_word' id='word_1_128' title='bbox 2198 1746 2374 1829; x_wconf 91' lang='lat' dir='ltr'><strong>quod</strong></span> 
     </span>
     <span class='ocr_line' id='line_1_19' title="bbox 344 1832 1980 1918; baseline -0.001 -19"><span class='ocrx_word' id='word_1_129' title='bbox 344 1839 573 1899; x_wconf 90' lang='lat' dir='ltr'><strong>contra</strong></span> <span class='ocrx_word' id='word_1_130' title='bbox 619 1833 913 1918; x_wconf 86' lang='lat' dir='ltr'><strong>singulos</strong></span> <span class='ocrx_word' id='word_1_131' title='bbox 959 1832 1242 1898; x_wconf 85' lang='lat' dir='ltr'><strong>utilitate</strong></span> <span class='ocrx_word' id='word_1_132' title='bbox 1288 1834 1546 1916; x_wconf 88' lang='lat' dir='ltr'><strong>publica</strong></span> <span class='ocrx_word' id='word_1_133' title='bbox 1590 1833 1980 1917; x_wconf 89' lang='lat' dir='ltr'><strong>rependitur.</strong></span> 
     </span>
    </p>
   </div>
   <div class='ocr_carea' id='block_1_3' title="bbox 338 1930 2379 2988">
    <p class='ocr_par' dir='ltr' id='par_1_3' title="bbox 338 1930 2379 2988">
     <span class='ocr_line' id='line_1_20' title="bbox 525 1930 2370 2015; baseline 0.001 -20"><span class='ocrx_word' id='word_1_134' title='bbox 525 1930 897 1996; x_wconf 75' lang='lat' dir='ltr'><strong>‘Sententiae</strong></span> <span class='ocrx_word' id='word_1_135' title='bbox 934 1933 1126 1995; x_wconf 87' lang='lat' dir='ltr'><strong>Cassii</strong></span> <span class='ocrx_word' id='word_1_136' title='bbox 1161 1941 1234 1995; x_wconf 88' lang='lat' dir='ltr'><strong>ut</strong></span> <span class='ocrx_word' id='word_1_137' title='bbox 1267 1956 1442 1996; x_wconf 90' lang='lat' dir='ltr'><strong>nemo</strong></span> <span class='ocrx_word' id='word_1_138' title='bbox 1483 1956 1637 1996; x_wconf 90' lang='lat' dir='ltr'><strong>unus</strong></span> <span class='ocrx_word' id='word_1_139' title='bbox 1674 1937 1996 1997; x_wconf 91' lang='lat' dir='ltr'><strong>contraire</strong></span> <span class='ocrx_word' id='word_1_140' title='bbox 2035 1956 2217 1997; x_wconf 85' lang='lat' dir='ltr'><strong>ausus</strong></span> <span class='ocrx_word' id='word_1_141' title='bbox 2255 1940 2370 2015; x_wconf 89' lang='lat' dir='ltr'><strong>est,</strong></span> 
     </span>
     <span class='ocr_line' id='line_1_21' title="bbox 344 2026 2378 2102; baseline 0.001 -18"><span class='ocrx_word' id='word_1_142' title='bbox 344 2027 433 2085; x_wconf 88' lang='lat' dir='ltr'><strong>ita</strong></span> <span class='ocrx_word' id='word_1_143' title='bbox 498 2026 773 2085; x_wconf 86' lang='lat' dir='ltr'><strong>dissonae</strong></span> <span class='ocrx_word' id='word_1_144' title='bbox 836 2044 1010 2087; x_wconf 83' lang='lat' dir='ltr'><strong>voces</strong></span> <span class='ocrx_word' id='word_1_145' title='bbox 1073 2026 1516 2102; x_wconf 88' lang='lat' dir='ltr'><strong>respondebant</strong></span> <span class='ocrx_word' id='word_1_146' title='bbox 1576 2044 1894 2084; x_wconf 87' lang='lat' dir='ltr'><strong>numerum</strong></span> <span class='ocrx_word' id='word_1_147' title='bbox 1949 2030 2057 2084; x_wconf 85' lang='lat' dir='ltr'><strong>aut</strong></span> <span class='ocrx_word' id='word_1_148' title='bbox 2109 2028 2378 2086; x_wconf 87' lang='lat' dir='ltr'><strong>aetatem</strong></span> 
     </span>
     <span class='ocr_line' id='line_1_22' title="bbox 346 2114 2375 2189; baseline 0 -15"><span class='ocrx_word' id='word_1_149' title='bbox 346 2118 453 2174; x_wconf 88' lang='lat' dir='ltr'><strong>aut</strong></span> <span class='ocrx_word' id='word_1_150' title='bbox 517 2133 724 2174; x_wconf 88' lang='lat' dir='ltr'><strong>sexum</strong></span> <span class='ocrx_word' id='word_1_151' title='bbox 785 2133 853 2173; x_wconf 90' lang='lat' dir='ltr'><strong>ac</strong></span> <span class='ocrx_word' id='word_1_152' title='bbox 917 2116 1312 2189; x_wconf 89' lang='lat' dir='ltr'><strong>plurimorum</strong></span> <span class='ocrx_word' id='word_1_153' title='bbox 1376 2115 1685 2174; x_wconf 85' lang='lat' dir='ltr'><strong>indubiam</strong></span> <span class='ocrx_word' id='word_1_154' title='bbox 1739 2114 2139 2174; x_wconf 89' lang='lat' dir='ltr'><strong>innocentiam</strong></span> <span class='ocrx_word' id='word_1_155' title='bbox 2193 2115 2375 2175; x_wconf 87' lang='lat' dir='ltr'><strong>mise-</strong></span> 
     </span>
     <span class='ocr_line' id='line_1_23' title="bbox 340 2203 2378 2280; baseline 0 -18"><span class='ocrx_word' id='word_1_156' title='bbox 340 2204 621 2265; x_wconf 88' lang='lat' dir='ltr'><strong>rantium.</strong></span> <span class='ocrx_word' id='word_1_157' title='bbox 729 2203 1071 2280; x_wconf 84' lang='lat' dir='ltr'><strong>praevaluit</strong></span> <span class='ocrx_word' id='word_1_158' title='bbox 1133 2206 1337 2261; x_wconf 90' lang='lat' dir='ltr'><strong>tamen</strong></span> <span class='ocrx_word' id='word_1_159' title='bbox 1399 2221 1565 2279; x_wconf 89' lang='lat' dir='ltr'><strong>pars,</strong></span> <span class='ocrx_word' id='word_1_160' title='bbox 1633 2222 1783 2279; x_wconf 89' lang='lat' dir='ltr'><strong>quae</strong></span> <span class='ocrx_word' id='word_1_161' title='bbox 1848 2204 2209 2280; x_wconf 89' lang='lat' dir='ltr'><strong>supplicium</strong></span> <span class='ocrx_word' id='word_1_162' title='bbox 2273 2205 2378 2263; x_wconf 89' lang='lat' dir='ltr'><strong>de-</strong></span> 
     </span>
     <span class='ocr_line' id='line_1_24' title="bbox 341 2291 2379 2370; baseline 0 -18"><span class='ocrx_word' id='word_1_163' title='bbox 341 2292 637 2352; x_wconf 86' lang='lat' dir='ltr'><strong>cernebat.</strong></span> <span class='ocrx_word' id='word_1_164' title='bbox 764 2293 868 2352; x_wconf 88' lang='lat' dir='ltr'><strong>sed</strong></span> <span class='ocrx_word' id='word_1_165' title='bbox 962 2291 1366 2367; x_wconf 88' lang='lat' dir='ltr'><strong>obtemperari</strong></span> <span class='ocrx_word' id='word_1_166' title='bbox 1458 2311 1576 2351; x_wconf 91' lang='lat' dir='ltr'><strong>non</strong></span> <span class='ocrx_word' id='word_1_167' title='bbox 1659 2294 1924 2370; x_wconf 88' lang='lat' dir='ltr'><strong>poterat,</strong></span> <span class='ocrx_word' id='word_1_168' title='bbox 2007 2292 2379 2370; x_wconf 84' lang='lat' dir='ltr'><strong>conglobata.</strong></span> 
     </span>
     <span class='ocr_line' id='line_1_25' title="bbox 344 2380 2375 2458; baseline 0 -18"><span class='ocrx_word' id='word_1_169' title='bbox 344 2382 731 2441; x_wconf 89' lang='lat' dir='ltr'><strong>multitudine</strong></span> <span class='ocrx_word' id='word_1_170' title='bbox 778 2384 839 2440; x_wconf 92' lang='lat' dir='ltr'><strong>et</strong></span> <span class='ocrx_word' id='word_1_171' title='bbox 885 2398 1031 2439; x_wconf 87' lang='lat' dir='ltr'><strong>saxa</strong></span> <span class='ocrx_word' id='word_1_172' title='bbox 1076 2399 1145 2439; x_wconf 90' lang='lat' dir='ltr'><strong>ac</strong></span> <span class='ocrx_word' id='word_1_173' title='bbox 1190 2381 1350 2439; x_wconf 90' lang='lat' dir='ltr'><strong>faces</strong></span> <span class='ocrx_word' id='word_1_174' title='bbox 1385 2381 1666 2440; x_wconf 89' lang='lat' dir='ltr'><strong>minante.</strong></span> <span class='ocrx_word' id='word_1_175' title='bbox 1751 2385 1883 2440; x_wconf 87' lang='lat' dir='ltr'><strong>tum</strong></span> <span class='ocrx_word' id='word_1_176' title='bbox 1921 2380 2142 2441; x_wconf 87' lang='lat' dir='ltr'><strong>Caesar</strong></span> <span class='ocrx_word' id='word_1_177' title='bbox 2175 2400 2375 2458; x_wconf 90' lang='lat' dir='ltr'><strong>popu-</strong></span> 
     </span>
     <span class='ocr_line' id='line_1_26' title="bbox 342 2469 2378 2546; baseline 0.001 -18"><span class='ocrx_word' id='word_1_178' title='bbox 342 2472 469 2529; x_wconf 89' lang='lat' dir='ltr'><strong>lum</strong></span> <span class='ocrx_word' id='word_1_179' title='bbox 524 2470 717 2530; x_wconf 90' lang='lat' dir='ltr'><strong>edicto</strong></span> <span class='ocrx_word' id='word_1_180' title='bbox 772 2469 1073 2545; x_wconf 87' lang='lat' dir='ltr'><strong>increpuit</strong></span> <span class='ocrx_word' id='word_1_181' title='bbox 1128 2478 1310 2546; x_wconf 81' lang='lat' dir='ltr'><strong>atque</strong></span> <span class='ocrx_word' id='word_1_182' title='bbox 1368 2488 1538 2528; x_wconf 91' lang='lat' dir='ltr'><strong>omne</strong></span> <span class='ocrx_word' id='word_1_183' title='bbox 1593 2469 1734 2543; x_wconf 89' lang='lat' dir='ltr'><strong>iter,</strong></span> <span class='ocrx_word' id='word_1_184' title='bbox 1792 2490 1909 2546; x_wconf 92' lang='lat' dir='ltr'><strong>quo</strong></span> <span class='ocrx_word' id='word_1_185' title='bbox 1965 2470 2233 2529; x_wconf 86' lang='lat' dir='ltr'><strong>damnati</strong></span> <span class='ocrx_word' id='word_1_186' title='bbox 2291 2472 2378 2531; x_wconf 85' lang='lat' dir='ltr'><strong>ad</strong></span> 
     </span>
     <span class='ocr_line' id='line_1_27' title="bbox 340 2557 2372 2636; baseline -0.001 -17"><span class='ocrx_word' id='word_1_187' title='bbox 340 2576 596 2636; x_wconf 90' lang='lat' dir='ltr'><strong>poenam</strong></span> <span class='ocrx_word' id='word_1_188' title='bbox 642 2559 1031 2634; x_wconf 86' lang='lat' dir='ltr'><strong>ducebantur,</strong></span> <span class='ocrx_word' id='word_1_189' title='bbox 1078 2557 1442 2617; x_wconf 87' lang='lat' dir='ltr'><strong>militaribus</strong></span> <span class='ocrx_word' id='word_1_190' title='bbox 1488 2558 1807 2635; x_wconf 88' lang='lat' dir='ltr'><strong>praesidiis</strong></span> <span class='ocrx_word' id='word_1_191' title='bbox 1845 2559 2088 2635; x_wconf 86' lang='lat' dir='ltr'><strong>saepsit.</strong></span> <span class='ocrx_word' id='word_1_192' title='bbox 2161 2577 2372 2619; x_wconf 89' lang='lat' dir='ltr'><strong>censu-</strong></span> 
     </span>
     <span class='ocr_line' id='line_1_28' title="bbox 346 2646 2376 2725; baseline 0 -17"><span class='ocrx_word' id='word_1_193' title='bbox 346 2653 477 2708; x_wconf 89' lang='lat' dir='ltr'><strong>erat</strong></span> <span class='ocrx_word' id='word_1_194' title='bbox 526 2647 850 2725; x_wconf 83' lang='lat' dir='ltr'><strong>Cingonius</strong></span> <span class='ocrx_word' id='word_1_195' title='bbox 899 2646 1119 2724; x_wconf 89' lang='lat' dir='ltr'><strong>Varro‚</strong></span> <span class='ocrx_word' id='word_1_196' title='bbox 1173 2650 1245 2707; x_wconf 90' lang='lat' dir='ltr'><strong>ut</strong></span> <span class='ocrx_word' id='word_1_197' title='bbox 1287 2647 1495 2706; x_wconf 90' lang='lat' dir='ltr'><strong>liberti</strong></span> <span class='ocrx_word' id='word_1_198' title='bbox 1541 2666 1802 2724; x_wconf 89' lang='lat' dir='ltr'><strong>quoque,</strong></span> <span class='ocrx_word' id='word_1_199' title='bbox 1849 2648 1954 2725; x_wconf 90' lang='lat' dir='ltr'><strong>qui</strong></span> <span class='ocrx_word' id='word_1_200' title='bbox 1999 2648 2108 2706; x_wconf 92' lang='lat' dir='ltr'><strong>sub</strong></span> <span class='ocrx_word' id='word_1_201' title='bbox 2158 2649 2376 2708; x_wconf 87' lang='lat' dir='ltr'><strong>eodem</strong></span> 
     </span>
     <span class='ocr_line' id='line_1_29' title="bbox 338 2735 2374 2813; baseline -0.001 -16"><span class='ocrx_word' id='word_1_202' title='bbox 338 2741 502 2798; x_wconf 87' lang='lat' dir='ltr'><strong>tecto</strong></span> <span class='ocrx_word' id='word_1_203' title='bbox 550 2737 831 2813; x_wconf 81' lang='lat' dir='ltr'><strong>fuissent,</strong></span> <span class='ocrx_word' id='word_1_204' title='bbox 890 2736 1074 2796; x_wconf 89' lang='lat' dir='ltr'><strong>Italia</strong></span> <span class='ocrx_word' id='word_1_205' title='bbox 1120 2735 1606 2812; x_wconf 86' lang='lat' dir='ltr'><strong>deportarentur;</strong></span> <span class='ocrx_word' id='word_1_206' title='bbox 1661 2736 1724 2793; x_wconf 90' lang='lat' dir='ltr'><strong>id</strong></span> <span class='ocrx_word' id='word_1_207' title='bbox 1770 2752 1808 2793; x_wconf 83' lang='lat' dir='ltr'><strong>a</strong></span> <span class='ocrx_word' id='word_1_208' title='bbox 1851 2736 2120 2813; x_wconf 88' lang='lat' dir='ltr'><strong>principe</strong></span> <span class='ocrx_word' id='word_1_209' title='bbox 2165 2737 2374 2813; x_wconf 82' lang='lat' dir='ltr'><strong>prohi-</strong></span> 
     </span>
     <span class='ocr_line' id='line_1_30' title="bbox 344 2825 2376 2901; baseline 0.001 -18"><span class='ocrx_word' id='word_1_210' title='bbox 344 2826 539 2883; x_wconf 78' lang='lat' dir='ltr'><strong>bitum</strong></span> <span class='ocrx_word' id='word_1_211' title='bbox 612 2827 727 2900; x_wconf 85' lang='lat' dir='ltr'><strong>est,</strong></span> <span class='ocrx_word' id='word_1_212' title='bbox 799 2843 872 2883; x_wconf 91' lang='lat' dir='ltr'><strong>ne</strong></span> <span class='ocrx_word' id='word_1_213' title='bbox 946 2843 1073 2885; x_wconf 85' lang='lat' dir='ltr'><strong>mos</strong></span> <span class='ocrx_word' id='word_1_214' title='bbox 1148 2827 1456 2901; x_wconf 87' lang='lat' dir='ltr'><strong>antiquus,</strong></span> <span class='ocrx_word' id='word_1_215' title='bbox 1531 2845 1706 2901; x_wconf 90' lang='lat' dir='ltr'><strong>quem</strong></span> <span class='ocrx_word' id='word_1_216' title='bbox 1778 2825 2184 2884; x_wconf 86' lang='lat' dir='ltr'><strong>misericordia</strong></span> <span class='ocrx_word' id='word_1_217' title='bbox 2245 2844 2376 2885; x_wconf 86' lang='lat' dir='ltr'><strong>non</strong></span> 
     </span>
     <span class='ocr_line' id='line_1_31' title="bbox 344 2907 1687 2988; baseline 0.002 -18"><span class='ocrx_word' id='word_1_218' title='bbox 344 2912 670 2988; x_wconf 89' lang='lat' dir='ltr'><strong>minuerat,</strong></span> <span class='ocrx_word' id='word_1_219' title='bbox 717 2932 825 2988; x_wconf 89' lang='lat' dir='ltr'><strong>per</strong></span> <span class='ocrx_word' id='word_1_220' title='bbox 871 2913 1187 2973; x_wconf 85' lang='lat' dir='ltr'><strong>saevitiam</strong></span> <span class='ocrx_word' id='word_1_221' title='bbox 1233 2907 1687 2973; x_wconf 86' lang='lat' dir='ltr'><strong>intenderetur&#39;.</strong></span> 
     </span>
    </p>
   </div>
   <div class='ocr_carea' id='block_1_4' title="bbox 864 3062 1843 3125">
    <p class='ocr_par' dir='ltr' id='par_1_4' title="bbox 864 3062 1843 3125">
     <span class='ocr_line' id='line_1_32' title="bbox 864 3062 1843 3125; baseline 0.001 -3"><span class='ocrx_word' id='word_1_222' title='bbox 864 3062 967 3122; x_wconf 93' lang='lat' dir='ltr'><strong>IV.</strong></span> <span class='ocrx_word' id='word_1_223' title='bbox 1026 3064 1252 3123; x_wconf 86' lang='lat' dir='ltr'><strong>Notae</strong></span> <span class='ocrx_word' id='word_1_224' title='bbox 1302 3064 1387 3123; x_wconf 88' lang='lat' dir='ltr'><strong>ad</strong></span> <span class='ocrx_word' id='word_1_225' title='bbox 1434 3064 1843 3125; x_wconf 91' lang='lat' dir='ltr'><strong>Vitellium.</strong></span> 
     </span>
    </p>
   </div>
   <div class='ocr_carea' id='block_1_5' title="bbox 336 3168 2368 3590">
    <p class='ocr_par' dir='ltr' id='par_1_5' title="bbox 336 3168 2368 3590">
     <span class='ocr_line' id='line_1_33' title="bbox 516 3168 2364 3249; baseline 0.001 -20"><span class='ocrx_word' id='word_1_226' title='bbox 516 3168 791 3230; x_wconf 81' lang='lat' dir='ltr'><strong>Cassium</strong></span> <span class='ocrx_word' id='word_1_227' title='bbox 844 3171 922 3229; x_wconf 87' lang='lat' dir='ltr'><strong>ad</strong></span> <span class='ocrx_word' id='word_1_228' title='bbox 965 3170 1215 3231; x_wconf 87' lang='lat' dir='ltr'><strong>Masurii</strong></span> <span class='ocrx_word' id='word_1_229' title='bbox 1262 3170 1469 3230; x_wconf 86' lang='lat' dir='ltr'><strong>Sabini</strong></span> <span class='ocrx_word' id='word_1_230' title='bbox 1525 3172 1904 3249; x_wconf 83' lang='lat' dir='ltr'><strong>opusculum,</strong></span> <span class='ocrx_word' id='word_1_231' title='bbox 1959 3171 2120 3246; x_wconf 90' lang='lat' dir='ltr'><strong>quod</strong></span> <span class='ocrx_word' id='word_1_232' title='bbox 2173 3171 2364 3249; x_wconf 85' lang='lat' dir='ltr'><strong>vulgo</strong></span> 
     </span>
     <span class='ocr_line' id='line_1_34' title="bbox 340 3252 2368 3340; baseline 0.001 -22"><span class='ocrx_word' id='word_1_233' title='bbox 340 3253 675 3319; x_wconf 71' lang='lat' dir='ltr'><strong>‘Vitellius&#39;</strong></span> <span class='ocrx_word' id='word_1_234' title='bbox 722 3260 1143 3319; x_wconf 88' lang='lat' dir='ltr'><strong>nominabatur</strong></span> <span class='ocrx_word' id='word_1_235' title='bbox 1190 3252 1273 3340; x_wconf 82' lang='lat' dir='ltr'><strong>(v.</strong></span> <span class='ocrx_word' id='word_1_236' title='bbox 1310 3261 1389 3337; x_wconf 95' lang='lat' dir='ltr'><strong>II,</strong></span> <span class='ocrx_word' id='word_1_237' title='bbox 1432 3264 1464 3320; x_wconf 93' lang='lat'><strong>1</strong></span> <span class='ocrx_word' id='word_1_238' title='bbox 1517 3282 1571 3335; x_wconf 91' lang='lat' dir='ltr'><strong>p.</strong></span> <span class='ocrx_word' id='word_1_239' title='bbox 1605 3254 1789 3340; x_wconf 86' lang='lat'><strong>376),</strong></span> <span class='ocrx_word' id='word_1_240' title='bbox 1835 3263 2010 3319; x_wconf 89' lang='lat' dir='ltr'><strong>notas</strong></span> <span class='ocrx_word' id='word_1_241' title='bbox 2057 3260 2368 3335; x_wconf 87' lang='lat' dir='ltr'><strong>scripsisse</strong></span> 
     </span>
     <span class='ocr_line' id='line_1_35' title="bbox 336 3340 2367 3430; baseline 0 -23"><span class='ocrx_word' id='word_1_242' title='bbox 336 3348 634 3425; x_wconf 90' lang='lat' dir='ltr'><strong>Ulpianus</strong></span> <span class='ocrx_word' id='word_1_243' title='bbox 689 3349 761 3407; x_wconf 91' lang='lat' dir='ltr'><strong>D.</strong></span> <span class='ocrx_word' id='word_1_244' title='bbox 803 3350 902 3425; x_wconf 88' lang='lat'><strong>33,</strong></span> <span class='ocrx_word' id='word_1_245' title='bbox 937 3352 993 3427; x_wconf 84' lang='lat'><strong>7,</strong></span> <span class='ocrx_word' id='word_1_246' title='bbox 1025 3352 1127 3428; x_wconf 87' lang='lat'><strong>12,</strong></span> <span class='ocrx_word' id='word_1_247' title='bbox 1158 3352 1237 3409; x_wconf 79' lang='lat'><strong>27</strong></span> <span class='ocrx_word' id='word_1_248' title='bbox 1291 3341 1378 3427; x_wconf 84' lang='lat' dir='ltr'><strong>(v.</strong></span> <span class='ocrx_word' id='word_1_249' title='bbox 1425 3348 1584 3407; x_wconf 77' lang='lat' dir='ltr'><strong>infra</strong></span> <span class='ocrx_word' id='word_1_250' title='bbox 1631 3340 1744 3430; x_wconf 88' lang='lat'><strong>31)</strong></span> <span class='ocrx_word' id='word_1_251' title='bbox 1801 3350 2043 3409; x_wconf 86' lang='lat' dir='ltr'><strong>videtur</strong></span> <span class='ocrx_word' id='word_1_252' title='bbox 2095 3349 2367 3427; x_wconf 82' lang='lat' dir='ltr'><strong>tradere;</strong></span> 
     </span>
     <span class='ocr_line' id='line_1_36' title="bbox 339 3437 2367 3515; baseline 0.001 -19"><span class='ocrx_word' id='word_1_253' title='bbox 339 3438 497 3514; x_wconf 90' lang='lat' dir='ltr'><strong>quod</strong></span> <span class='ocrx_word' id='word_1_254' title='bbox 559 3439 755 3498; x_wconf 89' lang='lat' dir='ltr'><strong>nescio</strong></span> <span class='ocrx_word' id='word_1_255' title='bbox 822 3458 900 3498; x_wconf 91' lang='lat' dir='ltr'><strong>an</strong></span> <span class='ocrx_word' id='word_1_256' title='bbox 960 3439 1025 3497; x_wconf 92' lang='lat' dir='ltr'><strong>in</strong></span> <span class='ocrx_word' id='word_1_257' title='bbox 1087 3458 1246 3499; x_wconf 89' lang='lat' dir='ltr'><strong>nova</strong></span> <span class='ocrx_word' id='word_1_258' title='bbox 1310 3438 1715 3515; x_wconf 83' lang='lat' dir='ltr'><strong>praeceptoris</strong></span> <span class='ocrx_word' id='word_1_259' title='bbox 1776 3437 2047 3514; x_wconf 90' lang='lat' dir='ltr'><strong>opusculi</strong></span> <span class='ocrx_word' id='word_1_260' title='bbox 2102 3437 2367 3499; x_wconf 87' lang='lat' dir='ltr'><strong>editione</strong></span> 
     </span>
     <span class='ocr_line' id='line_1_37' title="bbox 336 3528 1113 3590; baseline 0.005 -4"><span class='ocrx_word' id='word_1_261' title='bbox 336 3528 496 3587; x_wconf 86' lang='lat' dir='ltr'><strong>notis</strong></span> <span class='ocrx_word' id='word_1_262' title='bbox 541 3528 837 3588; x_wconf 89' lang='lat' dir='ltr'><strong>instructa</strong></span> <span class='ocrx_word' id='word_1_263' title='bbox 881 3528 1113 3590; x_wconf 90' lang='lat' dir='ltr'><strong>fecerit.</strong></span> 
     </span>
    </p>
   </div>
  </div>
 </body>
</html>
