2575 3900
343 157 471 221 378
545 157 610 213 V.
649 156 948 213 NERVAE
985 157 1081 211 ΕΤ
1122 156 1425 213 TRAIANI
1462 155 1678 213 TEMP.
1714 155 1906 212 IURIS
1942 154 2303 212 CONSULTI

341 322 423 389 ad
496 320 807 387 Sabinum
870 316 971 406 (P.
1016 318 1236 405 2558).
1306 356 1393 368 —
1459 318 1720 386 Cassius
1769 370 1785 385 .
1820 367 1837 385 .
1885 319 2107 386 scribit
2180 319 2359 386 libro

340 416 570 478 octavo
645 410 801 474 iuris
864 409 1071 475 civilis
1147 408 1575 475 fructuarium
1648 430 1762 493 per
1827 408 2142 474 arbitrum
2206 409 2363 494 cogi

339 500 628 581 reficere,
688 498 1226 582 quemadmodum
1281 498 1578 563 adserere
1632 498 1888 583 cogitur
1940 498 2233 581 arbores,
2288 502 2363 563 et

339 588 566 655 Aristo
611 590 798 653 notat
841 588 1002 653 haec
1047 608 1201 652 vera
1247 608 1405 651 esse.

517 695 576 759 9.
632 694 710 759 D.
750 694 808 778 7,
850 694 908 775 1,
947 694 1052 773 17,
1091 695 1150 759 1.
1239 691 1563 777 Ulpianus
1614 692 1783 758 libro
1828 695 2058 759 octavo
2104 693 2359 758 decimo

340 785 423 849 ad
469 782 780 850 Sabinum
828 782 928 868 (P.
956 780 1180 867 2585).
1229 818 1312 829 -
1360 781 1461 847 Ex
1507 804 1601 865 eo,
1650 803 1731 846 ne
1777 781 2159 847 deteriorem
2206 804 2356 847 con-

339 873 658 939 dicionem
713 871 1052 937 fructuarii
1105 870 1304 935 faciat
1354 870 1849 955 proprietariae,
1904 871 2070 936 solet
2114 872 2361 955 quaeri,

341 986 424 1029 an
481 982 738 1026 servum
793 960 1090 1025 dominus
1146 980 1437 1025 coercere
1481 960 1709 1044 possit.
1798 962 1866 1024 et
1910 958 2136 1025 Aristo
2182 960 2360 1043 apud

341 1051 642 1118 Cassium
685 1053 873 1115 notat
917 1048 1365 1133 plenissimam
1413 1068 1558 1113 eum
1605 1047 2060 1114 coercitionem
2094 1047 2358 1132 habere,

341 1142 400 1207 si
447 1139 637 1205 modo
677 1139 816 1203 sine
854 1138 1003 1203 dolo
1042 1137 1214 1203 malo
1251 1136 1467 1216 faciat,
1503 1138 1799 1221 quamvis
1834 1136 2357 1202 usufructuariae

337 1251 456 1295 nec
515 1226 854 1293 contrariis
911 1226 1166 1310 quidem
1221 1226 1603 1291 ministeriis
1658 1229 1771 1291 aut
1824 1225 2153 1291 inusitatis
2201 1226 2359 1290 arti·

338 1319 557 1384 ficium
604 1316 740 1381 eius
787 1336 1194 1399 corrumpere
1238 1316 1453 1401 possit
1495 1335 1614 1379 nec
1652 1335 1907 1378 servum
1943 1314 2356 1379 cicatricibus

339 1406 716 1472 deformare.
817 1452 826 1461 .

981 1552 1075 1610 De
1118 1552 1466 1623 habitatione
1510 1551 1714 1625 legata.

518 1672 618 1737 10.
665 1672 744 1736 D.
774 1671 831 1749 7,
861 1671 917 1749 8,
948 1671 1005 1735 6.
1079 1667 1397 1752 Ulpianus
1443 1668 1614 1733 libro
1660 1669 1936 1752 septimo
1984 1668 2232 1734 decimo
2273 1668 2359 1733 ad

340 1760 652 1827 Sabinum
690 1756 789 1846 (P.
817 1754 1068 1845 25750).
1107 1794 1192 1805 —
1229 1756 1384 1823 Non
1421 1758 1629 1822 solum
1669 1761 1885 1823 autem
1921 1779 2065 1822 cum
2093 1759 2357 1837 marit0,

337 1850 450 1915 sed
487 1852 556 1914 et
590 1870 737 1914 cum
774 1848 993 1913 liberis
1032 1846 1411 1931 libertisque
1450 1846 1749 1911 habitare
1784 1850 1850 1911 et
1886 1867 2029 1911 cum
2065 1847 2355 1931 parenti-

339 1941 460 2007 bus
515 1936 758 2023 poterit
809 1934 925 2020 (sc.
977 1936 1221 2018 mulier,
1276 1936 1376 2000 cui
1422 1958 1577 2002 usus
1624 1935 1887 2002 relictus
1936 1933 2089 2021 est),
2146 1938 2213 2001 et
2257 1936 2356 2002 ita

337 2032 407 2094 et
449 2027 672 2093 Aristo
719 2029 908 2091 notat
954 2025 1125 2110 apud
1173 2021 1503 2089 Sabinum.

1078 2243 1172 2303 De
1203 2261 1368 2317 penu
1412 2243 1617 2317 leyata.

521 2366 618 2430 11.
664 2362 744 2429 D.
762 2363 866 2445 33,
896 2363 956 2447 9,
983 2364 1024 2428 3
1045 2385 1140 2446 pr.
1168 2365 1208 2442 ξ
1240 2363 1377 2426 1.2.
1439 2359 1758 2447 Ulpianus
1795 2361 1962 2428 libro
2000 2363 2353 2430 vicensimo

340 2451 618 2519 secundo
675 2452 757 2518 ad
805 2450 1116 2518 Sabinum
1163 2448 1264 2538 (P.
1304 2447 1526 2537 2641).
1578 2485 1655 2496 —
1706 2450 1835 2527 Qui
1883 2471 2122 2536 penum
2171 2452 2355 2537 legat

339 2541 490 2627 quid
518 2542 737 2628 legato
764 2541 1250 2626 complectatur,
1275 2539 1625 2604 videamus.
1700 2542 1767 2603 et
1794 2538 2070 2617 Quintus
2098 2539 2351 2606 Mucius

340 2631 568 2698 scribit
600 2631 770 2698 libro
810 2628 1087 2696 secundo
1125 2629 1283 2693 iuris
1323 2628 1528 2693 civilis
1563 2650 1737 2713 penu
1773 2628 1992 2714 legata
2018 2629 2352 2711 contineri,

337 2743 498 2805 quae
543 2720 683 2786 esui
726 2719 1036 2805 potuique
1084 2720 1252 2783 sunt.
1343 2715 1511 2782 idem
1559 2715 1834 2782 Sabinus
1880 2717 2065 2783 libris
2112 2717 2195 2782 ad
2242 2717 2353 2783 Vi·

333 2809 592 2874 tellium
637 2808 883 2874 scribit.
965 2854 982 2871 .
1008 2856 1025 2873 .
1054 2857 1068 2870 .
1099 2806 1210 2873 sed
1257 2805 1480 2870 Aristo
1526 2809 1715 2870 notat
1760 2806 1958 2870 etiam
2006 2827 2167 2890 quae
2214 2807 2353 2871 esui

337 2899 648 2981 potuique
703 2918 832 2962 non
889 2899 1041 2960 sunt
1094 2894 1414 2960 contineri
1468 2894 1713 2980 legato,
1772 2897 1847 2960 ut
1898 2898 2060 2979 puta
2116 2916 2221 2979 ea,
2280 2895 2352 2960 in

340 2984 573 3069 quibus
621 3006 760 3049 esse
808 2985 1104 3064 solemne,
1150 2984 1363 3048 oleum
1408 2981 1595 3065 forte,
1639 3003 1865 3068 garum
1904 2983 2183 3049 muriam
2220 2985 2351 3048 mel

339 3077 678 3157 ceteraque
740 3072 844 3138 his
908 3073 1164 3138 similia.
1251 3073 1469 3154 plane,
1531 3071 1768 3157 inquit,
1826 3072 1887 3137 si
1931 3092 2132 3155 penus
2184 3093 2350 3138 escu-

337 3163 506 3228 lenta
550 3162 796 3245 leyetur,
842 3161 1044 3226 Labeo
1089 3161 1243 3226 mro
1286 3181 1447 3226 nono
1493 3159 1913 3226 Posteriorwm
1946 3162 2160 3228 scribit
2188 3161 2354 3228 nihil

338 3269 550 3314 eorum
601 3252 822 3328 cedere,
876 3251 1026 3330 quia
1077 3270 1203 3313 non
1255 3248 1400 3314 haec
1452 3269 1599 3328 esse,
1652 3250 1759 3314 sed
1800 3269 1916 3332 per
1957 3271 2031 3314 ea
2073 3251 2350 3316 solemus.

340 3337 688 3402 Trebatius
741 3338 812 3400 in
865 3336 1057 3401 melle
1112 3340 1339 3401 contra
1390 3337 1642 3420 scribit,
1697 3339 1957 3422 merito,
2012 3340 2167 3423 quia
2220 3339 2351 3404 mel

341 3446 483 3491 esse
547 3423 845 3490 solemus.
963 3424 1075 3488 sed
1137 3423 1447 3488 Proculus
1520 3425 1737 3489 omnia
1809 3426 1966 3492 haec
2036 3428 2354 3493 contineri

339 3517 510 3578 recte
565 3512 810 3597 scribit,
862 3511 989 3576 nisi
1041 3513 1366 3577 contraria
1415 3532 1595 3576 mens
1641 3515 1974 3584 testatoris
2022 3519 2352 3600 appareat.
