2575 3900
409 211 538 275 550
1137 208 1681 266 ADmTAMENTA.

585 374 730 438 100.
775 373 852 438 D.
881 374 986 456 47,
1017 373 1118 457 10,
1151 374 1250 455 11,
1279 375 1338 439 3.
1400 371 1719 458 Ulpianus
1766 373 1936 436 libro
1982 374 2433 458 quinquagen-

406 463 567 527 simo
625 463 901 546 septimo
959 461 1038 526 ad
1095 462 1387 526 edietum.
1440 489 1515 508 ι-
1570 459 1639 526 Si
1692 460 1999 526 mandatu
2054 483 2197 528 meo
2246 461 2432 528 facta

406 551 492 614 sit
557 551 748 615 alicui
807 550 1069 633 iniuria,
1135 551 1419 634 plerique
1480 551 1662 615 aiunt
1719 553 1857 614 tam
1912 571 2013 614 me
2070 551 2180 653 qui
2238 573 2429 615 man-

407 639 550 702 davi
598 661 789 724 quam
836 660 982 703 eum
1029 639 1142 722 qui
1189 639 1471 723 suscepit
1515 639 1893 704 iniuriarum
1940 639 2160 704 teneri.

587 728 728 793 101.
778 726 852 792 D.
870 728 975 810 47,
995 726 1099 812 30,
1126 728 1222 793 13.
1288 727 1605 811 Ulpianus
1636 727 1805 792 libro
1835 727 2425 813 quinquagensimo

406 815 680 900 septimo
727 816 806 881 ad
855 815 1146 880 edietum.
1188 851 1265 862 —
1310 815 1377 881 Si
1423 816 1570 900 quis
1616 838 1716 880 me
1760 815 2100 900 prohibeat
2140 817 2212 880 in
2248 817 2423 880 mari

403 906 650 988 piscare
697 905 795 968 vel
844 905 1264 968 everriculum
1312 954 1325 967 .
1357 954 1371 968 .
1400 954 1415 969 .
1462 903 1709 987 ducere,
1761 927 1844 969 an
1890 905 2271 970 iniuriarum
2317 905 2423 971 iu-

405 993 572 1059 dicio
617 995 860 1077 possim
908 1014 1052 1056 eum
1095 992 1481 1058 convenire?
1556 1001 1706 1058 sunt
1738 994 1849 1078 qui
1885 996 2116 1076 putent
2152 993 2419 1058 iniuria-

404 1104 550 1147 rum
598 1103 698 1146 me
744 1103 932 1166 posse
980 1102 1186 1165 agere.

580 1192 924 1268 Sequuntur
968 1193 1142 1252 haee:
1189 1186 1276 1250 ‘et
1320 1192 1408 1252 ita
1452 1192 1813 1269 Pomponius
1860 1195 1921 1252 et
1966 1193 2237 1271 plerique
2283 1212 2417 1253 esse

401 1282 540 1340 huie
596 1281 848 1339 similem
899 1300 1061 1354 eum,
1118 1281 1218 1358 qui
1275 1281 1338 1339 in
1381 1282 1689 1357 publicum
1734 1282 1936 1342 lavare
1982 1283 2081 1342 vel
2124 1283 2187 1340 in
2234 1302 2420 1342 eavea

402 1369 642 1445 publiea
688 1371 889 1429 sedere
934 1370 1033 1430 vel
1081 1368 1144 1428 in
1189 1388 1305 1446 quo
1351 1370 1469 1429 alio
1515 1370 1647 1430 loeo
1694 1388 1869 1448 agere
1918 1371 2121 1430 sedere
2169 1388 2417 1431 eonver-

403 1458 523 1518 sari
575 1477 696 1517 non
749 1459 1038 1534 patiatur,
1096 1460 1201 1517 aut
1255 1459 1303 1517 si
1362 1458 1495 1534 quis
1548 1477 1613 1518 re
1663 1478 1797 1519 mea
1842 1459 1934 1518 uti
1979 1478 2074 1518 me
2119 1478 2239 1518 non
2284 1479 2417 1536 per-

400 1541 646 1607 mittat?

1147 1629 1246 1694 De
1289 1632 1662 1696 condictione.

581 1755 724 1818 102.
780 1752 854 1818 D.
899 1755 1005 1836 12,
1043 1754 1111 1838 6,
1150 1754 1263 1837 60,
1304 1756 1359 1819 1.
1442 1754 1682 1819 Paulus
1737 1755 1904 1820 libro
1962 1754 2155 1820 tertio
2209 1754 2419 1832 Quae-

404 1844 702 1907 stionum.
759 1878 841 1888 —
894 1841 1025 1906 Ubi
1071 1890 1087 1906 .
1126 1891 1141 1907 .
1189 1843 1333 1925 quis
1390 1843 1557 1926 quod
1613 1865 1771 1928 pure
1828 1843 2018 1908 debet
2086 1843 2206 1908 sub
2268 1865 2419 1909 oon-

401 1931 647 1996 dicione
693 1930 972 1997 novandi
1020 1930 1232 1996 animo
1281 1932 1597 2016 promisit,
1643 1931 1931 2017 plerique
1972 1936 2207 2018 putant
2250 1954 2419 2017 pen-

401 2022 587 2086 dent-e
634 2021 979 2085 novatione
1027 2020 1311 2084 solutum
1357 2024 1644 2104 repetere
1690 2042 1907 2105 posse,
1963 2022 2116 2106 quia
2160 2044 2237 2085 ex
2285 2044 2416 2106 qua

402 2110 796 2192 obligatione
853 2107 1088 2190 solvat,
1146 2109 1353 2173 adhuc
1400 2108 1718 2174 incertum
1766 2110 1877 2195 sit;
1923 2110 2222 2193 idemque
2270 2132 2414 2174 esse

401 2199 624 2281 etiam,
680 2198 735 2261 si
791 2196 1076 2262 diversas
1131 2218 1437 2280 personas
1494 2219 1699 2282 ponas
1756 2198 2016 2262 eandem
2070 2199 2414 2283 pecuniam

401 2308 558 2371 pure
607 2289 671 2348 et
717 2286 833 2350 sub
883 2286 1255 2350 eondioione
1302 2286 1587 2351 novandi
1633 2286 1849 2351 animo
1895 2286 2287 2372 promisisse.

581 2375 725 2439 103.
772 2373 910 2439 Gai.
940 2373 1000 2456 3,
1029 2374 1132 2439 91.
1171 2410 1255 2420 —
1339 2374 1645 2458 ,quidam
1682 2379 1915 2458 putant
1951 2375 2269 2460 pupillum
2302 2382 2415 2441 aut

402 2464 734 2528 mulierem
780 2464 882 2527 cui
928 2463 1062 2527 sine
1101 2463 1339 2528 tutoris
1378 2464 1764 2528 auctoritate
1800 2486 1931 2528 non
1969 2464 2255 2529 debitum
2296 2486 2414 2548 per

401 2574 468 2617 er
474 2574 678 2618 rorem
729 2552 947 2616 datum
987 2556 1102 2636 est,
1147 2573 1276 2615 non
1318 2552 1522 2616 teneri
1560 2551 1979 2637 condictione,
2024 2574 2155 2617 non
2194 2552 2410 2639 magis

399 2664 591 2726 quam
640 2641 848 2705 mutui
894 2640 1171 2705 datione.

969 2815 1068 2882 De
1109 2818 1426 2881 verborum
1472 2818 1844 2900 obliyatione.

579 2943 721 3006 104.
769 2940 847 3005 D.
876 2942 982 3023 45,
1013 2942 1069 3022 1,
1105 2942 1246 3025 141,
1266 2942 1326 3007 4.
1390 2940 1589 3006 Gaius
1632 2941 1797 3006 libro
1836 2941 2109 3006 seeundo
2143 2940 2225 3005 'de
2252 2940 2413 3005 Ver·

401 3031 624 3093 borum
665 3030 1206 3114 Obligationibus.
1240 3065 1317 3075 —
1363 3028 1432 3094 Si
1469 3030 1637 3094 inter
1675 3051 1785 3095 eos
1824 3031 1933 3113 qui
1962 3029 2205 3094 Romae
2241 3038 2414 3114 sunt,

398 3118 547 3181 talis
601 3118 718 3181 fiat
774 3119 1104 3201 stipulatio
1152 3118 1368 3183 ‘hodie
1416 3116 1810 3203 Carthagine
1856 3119 1998 3183 dari
2047 3117 2415 3203 spondes'?,

399 3206 658 3290 quidam
695 3211 927 3291 putant
971 3228 1101 3271 non
1141 3228 1389 3290 semper
1423 3207 1624 3271 videri
1650 3206 2117 3291 impossibilem
2145 3228 2412 3272 oausam

400 3294 806 3378 stipulationi
863 3295 1202 3377 contineri,
1253 3297 1404 3379 quia
1450 3296 1658 3379 possit
1702 3294 2100 3381 contingere,
2151 3300 2223 3359 ut
2270 3300 2413 3361 tam

403 3383 748 3467 stipulator
803 3406 995 3467 quam
1055 3384 1407 3467 promissor
1462 3388 1612 3449 ante
1668 3384 1929 3469 aliquod
1980 3387 2235 3469 tempus
2292 3407 2413 3450 suo

400 3474 667 3557 quisque
715 3472 1140 3556 dispensatori
1186 3478 1412 3536 notum
1457 3472 1679 3536 fecerit
1723 3473 1790 3537 in
1838 3495 1983 3537 eum
2022 3473 2189 3537 diem
2230 3471 2413 3537 futu-

397 3583 535 3625 ram
595 3562 1074 3645 stipulationem
1132 3581 1206 3624 ac
1253 3560 1701 3625 demandasset
1747 3562 2100 3645 promissor
2147 3561 2412 3644 quidem
