2575 3900
356 205 487 270 500
561 204 626 259 V.
665 203 963 260 NERVAE
1000 203 1096 258 ΕΤ
1133 203 1438 258 TRAIANI
1474 204 1689 260 ΤΕΜΡ.
1726 203 1916 259 IURIS
1953 202 2325 258 CONSULTI

359 375 463 450 est,
507 370 762 451 aequius
807 387 928 433 esse
971 368 1250 433 existimo
1271 389 1396 450 pro
1422 368 1704 449 portione
1740 368 1808 432 in
1843 387 2131 450 quemque
2164 388 2395 433 eorum

355 459 648 523 actionem
694 458 863 541 dari,
909 458 1056 521 dum
1087 457 1333 539 pupillo
1376 456 1551 522 salva
1594 477 1691 522 res
1733 457 1833 521 sit.

1090 642 1192 708 De
1233 644 1639 708 servimtzbus.

545 757 603 823 8.
658 757 738 823 D.
770 759 828 838 8,
858 759 919 844 6,
945 761 1004 842 6,
1036 759 1092 824 1.
1185 756 1409 823 Celsus
1454 759 1622 823 libro
1670 759 1894 843 quinto
1943 757 2390 842 Digestorum.

364 885 440 895 —
501 845 570 912 Si
634 867 756 932 ego
822 848 927 911 via
990 868 1153 933 quae
1207 848 1397 912 nobis
1452 870 1567 932 per
1620 847 1815 913 vieini
1868 846 2135 911 fundum
2196 845 2390 911 debe·

358 938 569 1020 batur,
614 959 770 1001 usus
807 936 1006 1018 fuero,
1050 939 1124 1000 tu
1163 939 1380 1000 autem
1416 934 1693 1001 biennio¹
1714 935 2099 1038 cessaveris,
2147 956 2231 999 an
2276 935 2385 1000 ius

359 1029 544 1090 tuum
587 1025 926 1090 amiseris?
1009 1034 1075 1088 et
1110 1046 1143 1089 e
1182 1027 1528 1104 contrario,
1575 1026 1629 1089 si
1667 1024 1935 1110 vicinae,
1979 1024 2081 1089 eui
2120 1023 2228 1088 via
2264 1046 2385 1108 per

363 1119 660 1179 nostrum
724 1115 990 1178 fundum
1047 1113 1424 1196 debebatur,
1483 1135 1597 1198 per
1651 1135 1863 1177 meam
1918 1116 2171 1198 partem
2228 1113 2383 1178 ierit

361 1203 585 1287 egerit,
633 1207 816 1266 tuam
861 1204 1113 1285 partem
1158 1201 1489 1286 ingressus
1545 1224 1674 1266 non
1722 1201 1945 1284 fuerit,
1993 1223 2075 1266 an
2122 1207 2381 1284 partem
2436 1273 2445 1282 .

361 1296 543 1356 tuam
616 1289 1033 1354 liberaverit?
1143 1287 1369 1356 Celsus
1440 1290 1798 1375 respondit:
1870 1292 1928 1355 si
1998 1291 2237 1355 divisus
2292 1296 2384 1355 est

355 1381 592 1461 fundus
627 1381 788 1444 inter
822 1380 1013 1444 socios
1045 1379 1408 1462 reqiom‘bu&
1454 1381 1615 1460 quod
1647 1381 1734 1444 ad
1766 1381 2109 1444 servitutem
2144 1380 2379 1459 attinet,

329 1489 517 1554 „quae
570 1469 628 1532 ei
674 1469 872 1549 fundo
916 1468 1258 1551 debebatur,
1305 1470 1561 1550 perinde
1603 1473 1704 1550 est,
1749 1474 1928 1550 atque
1971 1469 2031 1533 si
2074 1468 2153 1532 ab
2196 1469 2379 1532 initio

358 1557 591 1622 duobus
649 1558 871 1639 fundis
931 1557 1133 1622 debita
1193 1559 1307 1634 sit‚·
1379 1562 1438 1622 et
1496 1557 1616 1622 sibi
1677 1559 1927 1640 quisque
1988 1558 2379 1622 dominorum

361 1651 626 1728 usurpat
665 1646 1027 1728 servitutem,
1071 1645 1190 1710 sibi
1232 1666 1359 1710 non
1403 1647 1623 1711 utendo
1667 1647 1937 1728 deperdit
1966 1667 2074 1711 nee
2108 1646 2379 1728 amptius

359 1736 430 1798 in
499 1755 571 1799 ea
631 1755 699 1798 re
759 1754 978 1799 causae
1039 1755 1248 1800 eorum
1307 1735 1647 1816 fundorum
1710 1737 2039 1800 miscentur
2050 1756 2071 1811 ;
2136 1755 2245 1799 neo
2303 1736 2381 1816 fit

358 1823 491 1887 ulla
527 1824 768 1887 iniuria
802 1824 860 1888 ei
903 1825 1078 1888 euius
1117 1823 1355 1904 fundus
1396 1825 1605 1906 servit,
1651 1824 1839 1889 immo
1883 1826 1941 1890 si
1985 1844 2103 1906 quo
2148 1824 2379 1905 melior,

359 1912 653 1994 quoniam
705 1912 861 1976 alter
914 1913 1307 1978 dominorum
1360 1913 1580 1979 utendo
1632 1913 1776 1996 sibi,
1840 1934 1965 1979 non
2020 1913 2129 1978 toti
2178 1912 2378 1994 fundo

346 2002 612 2085 proficit.

1117 2098 1216 2164 De
1258 2100 1616 2165 minoribuS.

497 2214 598 2278 ..9
634 2211 713 2277 D.
734 2214 794 2297 4,
813 2214 874 2293 4,
893 2213 953 2298 3,
979 2216 1033 2280 1
1105 2214 1283 2279 Idem
1323 2214 1438 2300 (se.
1462 2212 1809 2303 Ulpianus)
1840 2216 2007 2281 libro
2038 2215 2375 2281 undecimo

367 2304 447 2368 ad
495 2302 791 2368 edietum.

545 2434 599 2474 v.
648 2413 808 2473 infra
851 2414 1267 2491 Epistularum
1312 2415 1513 2475 libros.

1207 2596 1520 2662 Mandati.

544 2713 642 2777 10.
691 2710 767 2778 D.
803 2713 902 2795 17,
935 2715 990 2795 1,
1023 2712 1120 2776 16.
1199 2710 1517 2796 Ulpianus
1555 2713 1723 2778 libro
1761 2712 2134 2796 trigensimo
2169 2711 2375 2795 primo

366 2801 445 2865 ad
503 2801 800 2866 edictum.
851 2836 926 2847 —-
979 2798 1047 2864 Si
1102 2800 1246 2884 quis
1306 2801 1465 2865 mihi
1510 2801 1915 2866 mandaverit
1956 2802 2026 2865 in
2071 2821 2215 2864 meo
2264 2800 2374 2864 ali-

364 2888 516 2973 quid
581 2889 788 2953 faeere
853 2893 918 2952 et
979 2890 1220 2970 fecero,
1283 2891 1646 2974 quaesitum
1712 2895 1836 2974 est,
1906 2911 1987 2954 an
2051 2889 2140 2954 sit
2204 2910 2377 2953 man-

365 2977 500 3041 dati
555 2975 741 3042 aeti0.
841 2981 904 3040 et
968 2977 1060 3041 ait
1116 2975 1339 3042 Celsus
1402 2979 1572 3043 libro
1632 2979 1907 3064 septimo
1963 2977 2375 3063 Digestorum

365 3065 486 3130 hoe
531 3065 938 3149 respondisse
985 3087 1072 3149 se,
1118 3087 1263 3130 cum
1310 3066 1609 3132 Aurelius
1658 3068 1925 3144 Quietus
1970 3066 2216 3151 hospiti
2261 3088 2373 3131 suo

365 3154 610 3218 medico
679 3153 1020 3218 mandasse
1084 3153 1423 3240 diceretur,
1488 3160 1562 3221 ut
1624 3157 1693 3220 in
1755 3156 1962 3222 hortis
2030 3157 2164 3221 eius
2218 3176 2371 3239 quos

369 3241 712 3306 Ravennae
775 3242 1085 3327 habebat,
1146 3242 1214 3306 in
1279 3266 1437 3327 quos
1495 3246 1793 3310 omnibus
1849 3244 2032 3310 annis
2089 3244 2371 3309 secedere

366 3329 648 3413 solebat,
723 3329 1253 3412 sphaeristerium
1329 3336 1395 3395 et
1464 3333 1863 3417 hypocausta
1935 3337 2002 3397 et
2065 3332 2370 3418 quaedam

364 3416 567 3502 ipsius
627 3417 984 3482 valetudini
1041 3424 1192 3502 apta
1248 3440 1367 3483 sua
1420 3418 1712 3504 impensa
1764 3421 2030 3503 faeeret3
2107 3419 2368 3486 deducto

509 3578 536 3625 1
582 3572 731 3627 Trib.
773 3573 1074 3629 constituto
1117 3576 1386 3643 tempore.
