2575 3900
982 257 1029 308 ¹1.
1069 251 1446 309 PROCULUS
2096 252 2224 319 163

197 419 351 500 [nisi
404 420 623 482 tamen
668 420 933 500 paratus
981 415 1069 481 sit
1111 417 1356 500 petitor
1400 416 1540 500 pati
1585 416 1815 481 tollere
1862 438 2007 482 eum
2055 419 2222 482 aedi-

194 508 429 572 ficium.
530 505 698 590 quod
766 509 832 569 et
893 505 959 568 in
1024 525 1173 570 area
1226 506 1412 569 uxori
1467 505 1708 570 donata
1759 527 1876 588 per
1930 505 2223 591 iudicem,

198 597 307 680 qui
371 596 448 659 de
506 595 654 660 dote
719 594 1082 679 cognoscit,
1135 593 1497 658 faciendum
1557 593 1900 676 dixerunt}
1997 595 2110 659 sed
2165 596 2223 660 si

196 705 467 768 puerum
522 703 764 764 meum,
820 703 964 748 cum
1010 680 1401 765 possidereS,
1457 681 1802 764 erudisses,
1866 702 1996 747 non
2051 684 2222 748 idem

196 773 666 838 observandum
710 769 1024 836 Proculus
1076 771 1432 854 existimat,
1489 771 1642 854 quia
1699 773 1957 854 [neque]
2005 793 2222 837 carere

196 883 382 926 servo
430 881 573 925 meo
616 859 835 944 (non)
884 859 1150 923 debeam
1198 860 1344 940 [nec
1389 862 1608 944 potest
1652 859 2005 924 remedium
2051 861 2220 926 idem

196 949 516 1029 adhiberi,
562 948 733 1032 quod
778 950 845 1012 in
892 968 1045 1012 area
1088 947 1411 1031 diximus}
1591 963 1598 972 ·

373 1044 445 1102 cf.
482 1043 729 1102 Pernice
774 1034 863 1100 11²
865 1043 1037 1119 ,383
1058 1041 1100 1100 f.

379 1127 525 1192 100.
571 1127 648 1191 D.
678 1127 783 1209 22,
816 1128 871 1210 1,
903 1126 1092 1208 19pr.
1183 1122 1386 1188 Gaius
1433 1124 1602 1189 libro
1647 1129 1829 1189 sexto
1879 1125 1959 1189 ad
2005 1127 2219 1212 legem

194 1215 533 1280 duodecim
597 1176 969 1279 tabular'um
1032 1211 1133 1315 (P.
1178 1209 1360 1298 440).
1415 1247 1502 1260 -·—
1561 1212 1940 1298 Videamus,
2005 1237 2088 1280 an
2149 1217 2218 1280 111

194 1305 495 1370 omnibus
542 1304 735 1369 rebus
779 1301 1001 1388 petitis
1050 1303 1119 1365 in
1165 1300 1416 1366 fructus
1464 1323 1716 1387 quoque
1755 1303 2220 1369 condemnatur

192 1413 535 1496 possessor
579 1442 593 1456 .
624 1441 681 1456 ..
729 1393 786 1456 si
831 1411 987 1456 usus
1036 1391 1279 1454 fructus
1326 1391 1566 1473 petitus
1616 1391 1719 1473 sit,
1765 1390 2076 1457 Proculus
2125 1396 2220 1458 ait

193 1484 262 1546 in
308 1481 558 1546 fructus
598 1484 941 1565 perceptos
989 1478 1423 1543 condemnari.

376 1570 521 1634 101.
593 1569 671 1634 D.
708 1569 769 1650 5,
806 1570 865 1651 3,
892 1568 980 1645 40
999 1589 1093 1651 pr.
1193 1566 1433 1631 Paulus
1496 1567 1662 1631 libro
1729 1569 2074 1634 vicensimo
2137 1571 2217 1635 ad

192 1659 475 1724 edictum
528 1655 629 1744 (P.
668 1619 845 1740 32'2).
904 1691 981 1704 -—
1044 1655 1281 1719 Illud.
1315 1655 1558 1740 ‚quod
1621 1656 1688 1719 in
1745 1657 2033 1722 oratione
2090 1658 2218 1723 divi

193 1747 513 1812 Hadriani
579 1749 705 1827 est,
767 1751 841 1810 ut
901 1748 1055 1828 post
1119 1749 1456 1827 acceptum
1519 1743 1825 1808 iudicium
1889 1745 1954 1809 id
2015 1747 2218 1812 actori

192 1840 584 1921 praestetur,
641 1835 809 1918 quod
865 1833 1205 1898 habiturus
1260 1837 1461 1916 esset,
1517 1833 1571 1897 si
1627 1853 1702 1897 eo
1754 1839 2043 1918 tempore
2090 1857 2216 1918 quo

190 1925 363 2009 petit
427 1924 732 1989 restituta
797 1926 969 1988 esset
1022 1920 1374 2005 hereditas,
1437 1881 1757 1987 interdum
1815 1922 2043 1988 durum
2100 1929 2216 1990 est.

190 2014 420 2097 quid.
449 2063 494 2098 .‚
548 2014 603 2077 si
657 2016 807 2097 post
864 2013 1045 2077 litem
1102 2014 1536 2075 contestatam
1593 2012 1912 2095 mancipia
1968 2017 2079 2077 aut
2123 2015 2216 2078 iu-

190 2106 411 2167 menta
476 2107 589 2167 aut
650 2122 884 2185 pecora
948 2099 1378 2183 deperierint?
1445 2100 1738 2164 damnari
1804 2100 2062 2165 debebit
2119 2124 2218 2167 se·-

189 2191 469 2257 eundum
526 2192 723 2255 verba
768 2189 1111 2272 orationis,
1168 2188 1320 2272 quia
1366 2186 1581 2272 potuit
1623 2188 1868 2272 petitor
1910 2191 2218 2255 restituta

190 2280 555 2344 hereditate
628 2278 1003 2343 distraxisse
1077 2298 1169 2341 ea.
1286 2280 1354 2339 et
1426 2277 1549 2342 hoc
1621 2280 1862 2343 iustum
1937 2298 2077 2343 esse
2147 2281 2217 2344 in

192 2368 587 2453 specialibus
622 2366 1047 2453 petitionibus
1075 2364 1350 2431 Proculo
1387 2366 1618 2450 placet.
1692 2364 1958 2432 Cassius
1991 2372 2218 2433 contra

191 2457 411 2522 sensit.

372 2552 445 2611 cf.
482 2549 756 2610 Cassium
798 2569 855 2625 p.
888 2550 987 2608 64.

650 2702 752 2769 De
795 2704 1171 2785 adquirendo
1218 2722 1424 2767 rerum
1469 2703 1758 2767 dominia

378 2811 521 2875 102.
577 2810 657 2875 D.
686 2812 791 2893 41,
822 2810 881 2891 1,
908 2811 991 2875 21
1016 2831 1111 2893 pr.
1198 2807 1598 2892 Pomponius
1653 2806 1819 2872 libro
1872 2806 2213 2873 undecimo

188 2901 269 2965 ad
327 2898 640 2965 Sabinum
696 2897 795 2985 (P.
834 2860 1041 2983 5’742).
1090 2934 1172 2943 —
1228 2894 1298 2961 Si
1354 2918 1574 2961 servus
1631 2918 1809 2961 meus
1865 2897 1988 2961 tibi
2042 2898 2214 2963 bona

189 2988 315 3053 fide
376 2988 647 3053 serviret
696 2992 761 3051 et
806 3006 942 3051 rem
990 2986 1250 3051 emisset
1294 2986 1659 3071 traditaque
1707 2984 1766 3049 ei
1812 2988 2008 3070 esset,
2059 2984 2213 3051 Pro-

191 3078 373 3141 culus
438 3098 553 3141 nec
616 3098 825 3140 meam
890 3076 1057 3159 fieri,
1121 3075 1269 3159 quia
1337 3096 1588 3139 servum
1645 3094 1774 3139 non
1827 3036 2214 3158 possideam,

188 3187 306 3231 nee
361 3172 571 3247 tuam,
626 3165 683 3228 si
739 3185 870 3228 non
922 3184 999 3227 ex
1042 3185 1113 3228 re
1160 3168 1275 3228 tua
1322 3162 1408 3228 sit
1453 3166 1696 3247 parata.
1790 3162 1901 3228 sed
1949 3164 2003 3229 si
2048 3162 2214 3229 liber

192 3255 364 3319 bona
410 3253 533 3318 fide
578 3253 705 3318 tibi
750 3252 1032 3316 serviens
1081 3252 1332 3336 emerit,
1377 3252 1582 3335 ipsius
1628 3252 1787 3317 fieri.

374 3344 517 3408 103.
585 3340 661 3407 D.
689 3342 795 3421 41,
826 3341 883 3423 1,
912 3340 1017 3425 27,
1044 3342 1102 3406 2.
1176 3340 1572 3423 Pomponius
1618 3342 1788 3406 libro
1831 3340 2211 3424 trigensimo

192 3432 271 3495 ad
323 3429 637 3496 Sabinum
685 3426 796 3516 (P
815 3390 993 3515 750).
1044 3464 1119 3477 ——-
1169 3426 1364 3516 (Cum
1417 3433 1637 3512 partes
1694 3430 1963 3495 duorum
2018 3428 2214 3494 domi-

190 3542 427 3584 norum
483 3519 828 3583 ferrumine
884 3515 1372 3604 cohaereant).
1407 3570 1420 3583 .
1479 3519 1532 3582 si
1585 3522 1818 3582 neutra
1873 3517 2060 3583 alteri
2116 3541 2213 3583 ac-

194 3608 475 3674 cessioni
522 3612 647 3693 est,
695 3608 1056 3692 videamus,
1099 3628 1181 3671 ne
1227 3610 1342 3670 aut
1385 3606 1715 3691 utriusque
1763 3626 1900 3670 esse
1950 3605 2213 3671 dicenda

1786 3708 1895 3761 11*
