2575 3900
544 188 586 243 1.
627 187 978 243 VETERUM
1017 187 1479 243 SENTENTIAE
1514 189 1610 243 ET
1647 187 1859 243 LIBRI.
2078 159 2234 250 507‘

985 350 1087 417 De
1131 352 1419 416 ovatione.

371 464 454 532 3.-
479 465 638 531 Gell.
682 467 742 550 5,
781 467 844 550 6,
880 468 982 532 27.
1036 504 1108 512 —
1163 515 1178 530 .
1209 516 1222 530 .
1255 519 1267 531 .
1300 466 1675 531 dissensisse
1720 469 1965 531 veteres
2014 466 2207 550 scrip-

191 558 368 619 tores
428 555 690 638 accipi0.
789 557 1028 639 partim
1083 557 1255 618 enim
1314 556 1734 639 scripserunt,
1800 555 1911 638 qui
1968 560 2209 639 ovaret,

191 643 460 708 introire
508 643 773 708 solitum
820 666 982 729 equo
1028 643 1385 709 vehentem.

369 755 442 814 cf.
487 753 549 812 H
592 757 625 814 1
675 775 732 831 p.
772 758 916 816 372.

755 916 848 974 De
893 916 1110 975 delictis
1154 916 1649 975 extraordinariis.

367 1024 428 1089 4.
489 1022 726 1090 Collat.
791 1024 900 1107 15,
960 1026 1029 1109 2,
1095 1025 1128 1088 1
1192 1023 1339 1108 Ulp.
1400 1024 1441 1088 1.
1501 1023 1632 1089 VII
1691 1025 1767 1088 de
1827 1023 1991 1089 offic.
2056 1046 2206 1107 pro-

192 1134 362 1178 cons.
420 1149 504 1159 —
572 1163 585 1178 .
625 1164 638 1177 .
687 1113 1102 1178 interdictum
1167 1116 1264 1176 est
1320 1113 1920 1178 mathematicorum
1977 1113 2209 1178 callida

189 1203 524 1286 inpostura
561 1205 628 1266 et
666 1201 993 1267 obstinata
1030 1202 1463 1286 persuasione.
1527 1224 1643 1267 nec
1689 1201 1880 1267 hodie
1926 1201 2207 1284 primum

191 1290 487 1355 interdici
517 1291 608 1355 eis
637 1291 897 1374 placuit,
936 1291 1049 1355 sed
1073 1296 1257 1356 vetus
1285 1291 1444 1354 haec
1472 1289 1825 1373 prohibitio
1856 1294 1971 1355 est.
2034 1289 2208 1354 deni-

191 1401 312 1464 que
359 1383 539 1444 extat
577 1384 840 1444 senatus
879 1377 1244 1444 consultum
1280 1377 1641 1463 Pomponio
1690 1383 1755 1444 et
1791 1377 1963 1443 Rufo
2003 1400 2208 1444 conss.

189 1465 278 1553 (a.
311 1465 426 1554 17)
472 1467 716 1533 factum
767 1518 820 1532 ..
862 1518 875 1531 .
923 1468 1029 1532 sed
1078 1468 1202 1530 fuit
1249 1469 1631 1550 quaesitum,
1675 1473 1893 1531 utrum
1940 1467 2209 1532 scientia

189 1556 383 1620 huius
423 1557 596 1621 modi
632 1557 966 1621 hominum
1003 1556 1310 1640 puniatur
1340 1579 1419 1619 an
1451 1556 1751 1620 exercitio
1782 1559 1847 1619 et
1873 1556 2209 1639 professio.

192 1649 258 1710 et
294 1644 549 1729 quidem
598 1644 763 1728 apud
803 1649 1052 1709 veteres
1091 1643 1426 1710 dicebatur
1461 1644 1928 1728 professionem
1967 1667 2207 1729 eorum,

187 1755 319 1798 non
366 1733 668 1798 notitiam
715 1755 853 1798 esse
898 1732 1317 1816 prohibitam.

367 1843 714 1922 Sequuntur
759 1846 933 1904 haec:
981 1839 1216 1921 ‘postea
1251 1839 1594 1905 variatum'.

773 2037 834 2101 2.
889 2036 1003 2100 Ad
1046 2036 1165 2101 ius
1210 2035 1617 2120 privatum.

842 2157 910 2248 a)
958 2159 1063 2225 De
1110 2160 1272 2225 iure
1320 2160 1556 2226 civili.

936 2281 1031 2339 De
1075 2282 1437 2341 testamentis.

365 2390 426 2455 5.
507 2390 585 2454 D.
648 2391 756 2475 28,
825 2392 881 2474 1,
944 2389 1049 2468 20,
1113 2391 1152 2455 8
1219 2389 1538 2474 Ulpianus
1601 2390 1769 2455 libro
1834 2390 2043 2473 primo
2119 2391 2201 2455 ad

192 2478 523 2544 Sabinum.
591 2512 669 2525 —-
738 2528 752 2543 .
790 2526 807 2541 .
851 2483 1098 2543 veteres
1154 2482 1543 2561 putaverunt
1597 2499 1707 2543 eos
1775 2479 1883 2561 qui
1938 2484 2202 2563 propter

191 2566 529 2632 sollemnia
575 2568 950 2631 testamenti
991 2566 1393 2650 adhibentur,
1442 2566 1669 2631 durare
1707 2568 1951 2650 debere,
1999 2568 2201 2634 donec

189 2676 490 2739 suprema
535 2656 916 2720 contestatio
963 2659 1329 2739 peragatur.

368 2744 426 2808 6.
474 2741 551 2807 D.
580 2743 686 2826 28,
714 2743 774 2829 5,
803 2744 888 2807 32
904 2766 997 2827 pr.
1044 2743 1222 2807 Idem
1263 2743 1376 2827 (sc.
1406 2740 1633 2831 Gaius)
1670 2744 1837 2809 libro
1876 2744 2084 2827 primo
2124 2744 2202 2811 de

189 2832 596 2899 testamentis
644 2831 724 2896 ad
771 2832 1046 2897 edictum
1083 2832 1399 2916 praetoris
1454 2832 1703 2898 urbani.
1763 2868 1837 2877 —
1880 2881 1897 2897 .
1928 2884 1941 2898 .
1969 2882 1986 2898 .
2041 2833 2200 2898 satis

188 2925 560 2986 constanter
630 2923 880 2985 veteres
959 2921 1377 2986 decreverunt
1444 2924 1983 2986 testamentorum
2058 2922 2201 2986 iura

187 3012 332 3093 ipsa
367 3031 484 3095 per
523 3031 589 3074 se
626 3009 814 3073 firma
851 3031 990 3075 esse
1029 3013 1342 3094 oportere,
1387 3031 1517 3075 non
1564 3032 1641 3074 ex
1678 3010 1888 3075 alieno
1928 3010 2198 3077 arbitrio

185 3098 536 3253 Pendglieb.
569 3188 628 3273 6,
647 3188 754 3271 26,
779 3189 859 3253 10
885 3211 980 3272 pr.
1017 3185 1210 3275 (Imp.
1236 3186 1634 3252 Iustinianus
1664 3208 1717 3251 a.
1738 3185 1899 3272 531)
1921 3225 2007 3234 —
2036 3187 2199 3254 Cum
2328 3141 2333 3146 Ι

187 3275 450 3360 quidam
497 3276 744 3341 duobus
781 3276 1218 3361 impuberibus
1257 3276 1411 3341 filiis
1451 3276 1582 3341 suis
1632 3276 1973 3342 heredibus
2012 3277 2200 3342 insti-

185 3364 347 3429 tutis
423 3364 674 3449 adiecit,
749 3366 805 3429 si
876 3369 1144 3451 uterque
1217 3364 1511 3450 impubes
1572 3364 1941 3447 decesserit,
2012 3364 2199 3429 illum

187 3454 312 3517 sibi
360 3474 499 3517 esse
544 3452 861 3537 heredem,
916 3504 930 3518 .
960 3504 974 3519 .
1003 3501 1019 3518 .
1057 3453 1486 3518 ‘dubitabatur
1532 3453 1700 3537 apud
1765 3454 2064 3538 antiquos
2111 3454 2195 3518 le-

187 3562 343 3626 gum
405 3545 724 3624 auctores,
778 3547 1076 3607 utrumne
1131 3546 1285 3606 tunc
1341 3541 1548 3606 voluit
1602 3542 2023 3607 substitutum
2092 3541 2200 3607 ad-
