2575 3900
333 205 460 272 102
490 208 583 265 111.
604 208 756 265 GAII
778 206 1071 263 CLAUDII
1088 205 1363 262 NERON.
1383 206 1676 261 GALBA&
1697 205 1910 263 ΤΕΜΡ.
1932 205 2128 263 IUBIS
2150 205 2356 263 CONS.

327 377 513 436 habet
555 367 657 457 (D.
696 379 797 450 31,
836 379 939 449 49,
978 368 1074 455 3),
1126 376 1336 436 rustici
1381 393 1552 435 senes
1591 369 1698 455 (D.
1737 377 1840 450 32,
1879 377 1982 450 79,
2024 367 2111 455 1),
2157 376 2356 435 coloni

329 459 507 546 (Coll.
540 467 641 540 12,
675 467 731 540 7,
763 468 818 525 9.
876 465 947 522 D.
981 467 1080 540 19,
1112 468 1169 536 2,
1201 455 1292 544 3),
1338 483 1484 541 aper
1528 465 1633 539 qui
1678 464 1741 522 in
1776 464 2056 539 laqueum
2091 464 2351 523 venandi

331 572 513 613 causa
565 553 830 629 positum
878 552 1087 611 incidit
1132 546 1236 632 (D.
1264 557 1369 629 41,
1404 557 1458 630 1,
1491 545 1628 633 55),
1685 553 1984 612 nundinae
2031 543 2134 633 (D.
2163 553 2268 629 45,
2299 557 2357 630 1,

339 633 623 722 138pr.);
690 642 1019 701 triclinium
1075 644 1137 700 et
1190 641 1532 700 cubiculum
1589 635 1689 720 (D.
1721 643 1778 718 8,
1809 643 1867 717 2,
1900 643 1980 700 19
1997 633 2141 723 pr.),
2207 641 2356 701 bali-

331 749 512 788 neum
549 729 648 806 (D.
678 721 872 810 ibid.),
909 730 1217 789 balnearia
1244 731 1308 789 et
1332 729 1534 789 tubuli
1563 724 1662 809 (D.
1694 732 1753 807 8,
1782 732 1840 806 2,
1873 721 2003 809 13),
2039 730 2359 789 castellum

332 817 682 894 plumbeum
728 821 791 876 et
831 818 1071 878 fistulae
1117 819 1229 878 sub
1265 820 1490 877 terram
1525 818 1743 877 missae
1782 809 1886 898 (D.
1917 821 2018 894 19,
2051 821 2107 892 1,
2137 820 2240 893 38,
2271 812 2357 892 2),

329 907 543 965 furnus
589 898 769 988 (Coll.
803 908 904 985 12,
936 909 993 982 7,
1023 899 1119 989 8),
1180 909 1498 985 argentum
1543 906 1989 982 replumbatum
2035 899 2138 989 (D.
2168 909 2269 980 34,
2301 909 2360 982 2,

335 997 435 1073 19,
466 987 564 1077 3),
620 1014 859 1070 aurum,
915 1014 1204 1071 gemmae,
1262 995 1624 1072 margaritae
1671 986 1774 1076 (D.
1806 997 1908 1072 34,
1939 987 2160 1074 2,11),
2207 997 2359 1055 elec-

330 1089 494 1143 trum
544 1088 607 1145 et
652 1085 942 1144 electrina
985 1103 1131 1144 vasa
1177 1076 1279 1165 (D.
1312 1087 1416 1160 34,
1447 1086 1504 1160 2,
1534 1085 1637 1161 32,
1668 1082 1767 1162 5);
1826 1089 2035 1143 tonsor
2082 1075 2184 1164 (D.
2216 1087 2273 1160 9,
2301 1087 2359 1161 2,

337 1176 415 1232 11
441 1164 577 1253 pr.),
619 1174 886 1233 medicus
917 1165 1017 1252 (D.
1051 1176 1109 1248 9,
1141 1176 1197 1250 2,
1231 1177 1287 1248 7,
1319 1167 1409 1253 8),
1447 1173 1774 1249 argentarii
1803 1164 1906 1254 (D.
1929 1175 1987 1246 2,
2007 1175 2106 1248 14,
2129 1174 2209 1232 27
2229 1166 2358 1251 pr),

329 1263 819 1323 testamentarius
889 1254 990 1344 (D.
1033 1264 1135 1338 28,
1174 1265 1232 1336 5,
1272 1265 1332 1335 9,
1372 1255 1465 1342 3);
1539 1263 1820 1321 horreum
1889 1252 1992 1342 (D.
2031 1263 2089 1334 8,
2129 1263 2185 1332 2,
2228 1257 2358 1338 13),

328 1350 530 1410 insula
574 1343 676 1432 (D.
708 1354 764 1427 7,
795 1353 849 1423 1,
884 1353 963 1412 19
981 1371 1069 1427 pr.
1127 1353 1185 1430 8,
1217 1353 1275 1429 2,
1309 1353 1408 1410 13.
1459 1353 1559 1426 20,
1589 1353 1648 1425 4,
1682 1341 1825 1430 13),
1878 1350 2075 1408 insula
2128 1348 2357 1409 heredi-

330 1439 491 1498 taria
527 1431 626 1518 (D.
672 1442 727 1516 7,
770 1443 824 1516 1,
865 1443 946 1500 19
965 1432 1101 1519 pr.),
1154 1440 1436 1517 inquilini
1473 1432 1576 1521 (D.
1618 1443 1674 1515 7,
1714 1441 1772 1518 8,
1809 1441 1955 1514 4pr.
2004 1442 2104 1511 20,
2146 1441 2204 1508 4,
2247 1441 2350 1497 13.

335 1526 485 1587 Coll.
518 1531 620 1605 12,
654 1530 707 1599 7,
741 1520 835 1610 9);
881 1529 986 1604 qui
1020 1531 1083 1588 te
1119 1529 1423 1604 conduxit,
1468 1533 1542 1587 ut
1576 1528 1858 1586 iniuriam
1893 1528 2079 1586 facias
2119 1519 2219 1609 (D.
2253 1530 2354 1599 27,

332 1619 435 1688 10,
484 1620 593 1691 11,
642 1611 738 1694 4),
821 1618 985 1677 canis
1056 1617 1147 1676 ita
1217 1618 1520 1692 irritatus,
1591 1620 1664 1677 ut
1732 1617 1993 1694 aliquem
2057 1617 2359 1676 morderet

329 1698 434 1784 (D.
466 1708 531 1780 9,
573 1708 638 1781 2,
680 1709 789 1782 11,
820 1699 917 1787 5),
973 1708 1067 1766 vir
1121 1707 1226 1784 qui
1289 1725 1538 1765 uxorem
1602 1725 1772 1765 suam
1837 1705 2054 1765 occidit
2116 1697 2217 1784 (D.
2250 1707 2352 1782 24,

337 1796 527 1871 3,1o‚
563 1789 648 1875 1).

507 1881 594 1942 Ut
646 1883 980 1942 insularum
1027 1886 1091 1943 et
1132 1884 1583 1962 inquilinorum,
1628 1884 1717 1941 ita
1762 1901 2073 1942 servorum
2120 1901 2356 1961 quoque

329 1971 803 2049 libertorumque
852 1991 1026 2048 saepe
1065 1976 1284 2033 mentio
1323 1973 1408 2032 fit.
1483 1972 1872 2032 nominantur
1908 1977 2111 2032 autem
2147 1990 2356 2031 servus

329 2061 727 2121 hereditarius
765 2057 864 2138 (D.
895 2062 998 2138 45,
1030 2063 1086 2133 3,
1118 2064 1221 2129 28,
1248 2054 1338 2142 4),
1376 2062 1618 2123 venales
1654 2061 1876 2121 novicii
1913 2059 2012 2140 (D.
2045 2063 2103 2138 3,
2132 2063 2192 2137 5,
2224 2052 2358 2139 10),

331 2148 619 2208 ordinarii
657 2153 719 2209 et
754 2149 965 2209 vicarii
1000 2142 1100 2231 (D.
1135 2152 1234 2224 15,
1267 2153 1324 2225 1,
1356 2142 1487 2231 17),
1525 2168 1734 2211 servus
1772 2169 1808 2209 a
1845 2170 1940 2209 me
1975 2150 2359 2225 praepositus

331 2230 433 2319 (D.
471 2241 570 2314 14,
597 2240 656 2315 3,
691 2242 789 2313 17,
818 2230 918 2320 4),
974 2238 1132 2298 servi
1188 2257 1338 2313 quos
1385 2239 1521 2315 quis
1569 2237 1836 2298 Gadibus
1890 2239 2073 2297 habet
2118 2235 2219 2317 (D.
2252 2240 2358 2314 30,

336 2329 435 2400 12,
468 2318 564 2407 1);
602 2345 810 2386 servus
838 2346 1015 2403 quem
1046 2326 1310 2386 medicus
1337 2326 1611 2402 imperite
1640 2328 1831 2387 secuit
1859 2320 1962 2403 (D.
1994 2330 2053 2404 9,
2082 2330 2141 2404 2,
2174 2330 2230 2401 7,
2260 2320 2358 2405 8),

336 2416 556 2473 ancilla
602 2434 751 2491 quae
798 2416 1003 2492 nupsit
1050 2412 1148 2495 (D.
1181 2416 1281 2487 23,
1317 2418 1376 2495 3,
1407 2418 1508 2475 67.
1555 2418 1746 2490 45,1,
1777 2407 1918 2495 58),
1966 2415 2215 2493 familia,
2263 2416 2360 2474 cui

334 2503 466 2578 quis
519 2504 843 2582 persuasit,
899 2508 969 2564 ut
1023 2504 1094 2566 de
1149 2504 1522 2581 possessione
1580 2504 1829 2563 decedat
1881 2502 1981 2579 (D.
2020 2506 2080 2574 4,
2119 2508 2178 2581 3,
2216 2498 2358 2583 31);

334 2592 530 2652 coloni
568 2594 743 2670 servi,
789 2594 894 2670 qui
930 2594 1138 2654 villam
1174 2597 1532 2653 exusserunt
1569 2584 1747 2674 (Coll.
1780 2596 1880 2667 12,
1912 2595 1968 2665 7,
2001 2585 2096 2669 9);
2145 2611 2356 2653 servus

334 2681 437 2758 qui
482 2682 661 2742 alicui
704 2683 1018 2759 pecuniam
1065 2682 1243 2755 dedit,
1296 2702 1370 2741 ne
1415 2682 1646 2742 furtum
1691 2682 1766 2739 ab
1815 2701 1883 2741 00
1928 2682 2158 2742 factum
2203 2682 2362 2740 indi-

334 2772 499 2829 caret
528 2762 628 2851 (D.
663 2774 763 2843 12,
793 2774 850 2848 5,
882 2765 980 2851 5);
1017 2790 1224 2833 servus
1258 2768 1634 2845 communis[,
1670 2770 1732 2829 id
1761 2775 1854 2829 est
1883 2790 2050 2829 meus
2081 2776 2142 2829 et
2168 2768 2359 2847 tuus],

334 2858 439 2931 qui
484 2877 723 2918 servum
757 2878 960 2918 meum
996 2860 1209 2919 occidit
1247 2853 1352 2937 (D.
1383 2864 1440 2935 9,
1472 2863 1529 2933 2,
1561 2862 1662 2937 27,
1696 2851 1782 2939 1),
1830 2877 2038 2919 servus
2077 2860 2182 2937 qui
2218 2876 2358 2917 cum

335 2944 639 3004 dominum
712 2948 1215 3007 animadverteret
1287 2948 1636 3010 verberibus
1720 2966 1782 3007 se
1857 2947 2109 3008 adficere
2182 2948 2357 3019 velle,

332 3034 670 3109 praeripuit
716 3054 778 3093 se
825 3035 899 3093 ad
947 3036 1222 3114 amicum,
1268 3057 1450 3115 quem
1491 3036 1566 3095 ad
1602 3035 1966 3113 precandum
2002 3036 2360 3112 perduceret

336 3114 441 3202 (D.
472 3124 574 3198 21,
607 3125 661 3195 1,
696 3126 795 3199 17,
823 3118 912 3204 4),
962 3142 1167 3185 servus
1213 3127 1319 3201 qui
1365 3126 1523 3186 domi
1568 3126 1768 3203 latuit,
1814 3127 1885 3184 ut
1928 3125 2106 3203 fugae
2142 3130 2359 3183 nactus

338 3210 709 3270 occasionem
755 3230 817 3270 se
866 3214 1249 3274 subtraheret
1294 3209 1398 3297 (D.
1430 3218 1531 3292 21,
1565 3218 1620 3290 1,
1652 3217 1752 3289 17,
1782 3205 1883 3295 4),
1941 3214 2158 3273 mulier
2205 3232 2359 3290 quae

335 3301 475 3374 post
520 3300 939 3361 alienationem
976 3304 1385 3364 fraudulosam
1424 3304 1697 3379 concepit
1731 3310 1794 3361 et
1835 3304 2161 3379 autequam
2197 3302 2360 3361 frau-

338 3388 572 3448 datorio
618 3388 936 3451 interdicto
984 3392 1205 3471 agitur,
1249 3393 1486 3469 peperit
1531 3384 1631 3472 (D.
1663 3394 1766 3469 42,
1797 3394 1854 3461 8,
1887 3394 1988 3466 25,
2019 3385 2115 3473 2),
2161 3392 2360 3450 avitus

342 3475 596 3537 libertus
652 3469 756 3558 (D.
795 3482 897 3558 37,
940 3484 1039 3559 14,
1082 3474 1221 3564 17),
1294 3482 1550 3540 libertus
1611 3499 1683 3538 ex
1737 3480 2044 3555 provincia
2105 3480 2362 3539 Romam

336 3566 542 3628 venire
569 3568 769 3628 iussus
798 3570 876 3629 ad
900 3572 1230 3632 reddendas
1260 3588 1471 3647 operas
1501 3562 1602 3649 (D.
1635 3570 1736 3646 38,
1770 3572 1825 3643 1,
1858 3571 1958 3647 20,
1990 3560 2077 3649 1),
2105 3568 2361 3628 libertus
