2575 3900
313 111 446 174 504
517 110 583 165 V.
619 109 920 165 NERVAE
956 109 1054 165 ΕΤ
1092 109 1397 164 TRAIANI
1434 109 1649 164 TEMP.
1684 109 1876 164 IURIS
1917 109 2303 165 CONSULTI

315 297 443 340 non
499 273 746 357 deberi,
798 294 918 337 nee
973 293 1170 338 aurea
1213 273 1625 354 emblemata,
1683 294 1847 357 quae
1891 273 1959 336 in
2007 273 2383 339 absidibus

318 362 645 448 argenteis
693 362 842 426 sint.

496 454 866 514 Sententiam
922 457 1128 515 auctor
1179 455 1244 514 in
1292 455 1678 533 Digestorum
1724 474 1958 532 quoque
2012 455 2208 515 libros
2259 476 2373 516 re-

317 544 502 620 cepit:
561 538 793 604 ‘Celsus
856 544 1010 603 libro
1074 563 1227 604 nono
1279 543 1505 604 decimo
1559 543 1969 622 Digestorum,
2027 542 2369 604 Commen-

320 633 614 692 tariorum
660 633 911 708 septimo
960 627 1206 693 scribit'.

492 720 830 780 Videndum
877 725 970 781 est
1015 722 1088 780 de
1122 722 1193 781 D.
1225 723 1327 799 41,
1356 724 1415 798 3,
1447 724 1526 782 27
1547 741 1653 798 pr„
1701 721 1802 780 ubi
1840 723 1987 781 haee
2022 722 2364 799 leguntur:

315 804 510 869 ‘Idem
538 803 646 890 (so.
664 803 992 890 Ulpianus)
1021 809 1173 870 libro
1202 811 1552 888 trigensimo
1584 810 1777 886 primo
1809 810 1885 869 ad
1916 810 2226 870 Sabinum.
2264 841 2357 851 —-

316 897 528 958 Celsus
577 894 730 958 libro
777 899 1124 977 trigensimo
1171 903 1385 975 quarto
1424 917 1624 958 errare
1661 917 1763 958 eos
1802 899 1889 958 ait
1924 894 2065 974 qui’.
2148 899 2359 958 Lenel

314 990 514 1048 notat:
580 982 988 1063 ‘Digestorum
1039 988 1193 1048 libro
1247 987 1501 1046 XXXIV
1555 1006 1673 1046 non
1728 987 1965 1046 videtur
2021 988 2357 1047 convenire

316 1077 588 1152 quaestio
615 1079 901 1135 tractata:
932 1076 1003 1135 de
1031 1076 1392 1151 usucapione
1421 1076 1547 1153 egit
1576 1074 1782 1134 Celsus
1810 1076 1943 1154 Dig.
1962 1076 2065 1135 lib.
2089 1071 2353 1136 XXIII'.

315 1184 426 1240 pro
465 1158 862 1242 ‘trigensimo'
897 1165 1097 1240 potius
1135 1158 1512 1242 ‘vigensimo'
1550 1164 1869 1240 legendum
1911 1167 2077 1240 puto,
2123 1166 2217 1224 ita
2253 1169 2354 1242 ut,

319 1253 394 1312 de
441 1271 558 1328 qua
602 1271 666 1311 re
711 1252 864 1312 libro
901 1253 1104 1312 XXIII
1138 1255 1468 1313 tractatum
1505 1255 1613 1330 est,
1659 1251 1730 1312 de
1771 1252 1978 1312 eadem
2015 1253 2216 1329 prima
2254 1272 2353 1312 se·

320 1336 560 1418 quentis
606 1339 748 1400 libri
791 1345 963 1417 parte
1009 1342 1233 1402 dietum
1278 1343 1481 1404 suerii.

500 1535 888 1614 Digestorum
933 1536 1116 1597 libros
1152 1536 1405 1596 XXXIX
1451 1537 1547 1597 vel
1591 1537 1794 1612 potius
1839 1537 2131 1598 librorum
2178 1537 2351 1616 frag-

321 1627 525 1685 menta
567 1645 624 1687 v.
660 1625 888 1704 Paling.
933 1629 964 1685 1
980 1629 1144 1685 -27
1151 1627 1207 1684 4.
