2575 3900
997 277 1046 327 7.
1081 268 1460 327 PRocULUs
2109 271 2234 336 167

208 451 317 518 ‘De
343 452 425 517 iis
448 452 559 535 qni
584 452 654 517 in
681 452 1016 534 municipio
1038 450 1277 517 colonia
1298 453 1438 535 foro
1457 451 1589 517 iuri
1613 452 1874 517 dicundo
1895 451 2238 536 praesunt?

398 566 453 632 1.
517 565 594 631 D.
623 568 685 647 2,
716 568 775 652 1,
804 568 882 631 11
907 590 998 651 pr.
1092 565 1291 633 Gaius
1346 566 1510 632 libro
1567 567 1778 652 primo
1832 568 1911 633 ad
1959 568 2238 634 edictum

213 655 612 742 provinciale
668 651 765 741 (P.
804 651 937 743 56).
985 693 1069 703 —
1118 654 1186 721 Si
1240 656 1413 722 idem
1469 679 1614 722 cum
1669 657 1894 722 eodem
1946 655 2241 741 pluribus

217 744 580 811 actionibus
645 751 825 830 agat,
890 767 1161 829 quarum
1221 744 1629 831 singularum
1686 744 2012 830 quantitas
2069 746 2242 811 intra

214 833 725 899 iurisdictionem
762 832 1143 898 iudicantis¹
1181 830 1284 912 sit,
1322 833 1722 900 coacervatio
1762 856 1910 900 vero
1951 834 2240 900 omnium

215 922 479 987 excedat
515 922 775 987 modum
812 920 1278 987 iurisdictionis
1319 922 1480 1007 eiuS,
1519 921 1688 1006 apud
1727 944 1872 988 eum
1910 923 2016 1018 agi
2047 945 2242 1007 posse

219 1010 460 1077 Sabino
508 1007 732 1075 Cassio
776 1009 1047 1087 Proculo
1093 1009 1362 1094 placuit.

396 1102 585 1164 Gaius
648 1101 839 1163 addit:
903 1096 1080 1182 equae
1143 1104 1443 1165 sententia
1503 1104 1790 1182 rescripto
1853 1104 2235 1183 imperatoris

215 1193 511 1255 Antonini
556 1192 907 1253 confirmata
952 1187 1088 1254 est'.

396 1296 458 1363 2.
524 1292 601 1359 D.
637 1293 791 1358 ibid.
828 1296 868 1376 ξ
905 1294 965 1359 2.
1032 1330 1115 1341 —-
1181 1292 1251 1358 Si
1314 1316 1443 1360 una
1507 1295 1674 1359 actio
1736 1297 2092 1364 communis
2158 1296 2246 1360 sit

217 1386 500 1469 plurium
546 1404 989 1466 personarum,
1031 1382 1233 1448 veluti
1276 1382 1563 1448 familiae
1601 1384 2028 1467 erciscundae,
2069 1406 2246 1449 com-

215 1474 401 1552 muni
457 1470 835 1554 dividundo,
887 1471 1113 1535 finium
1165 1471 1632 1557 regundorum,
1686 1478 1904 1553 utrum
1951 1473 2247 1558 singulae

217 1565 439 1647 partes
502 1560 890 1644 spectandae
945 1563 1101 1625 sunt
1153 1560 1326 1625 circa
1378 1560 1893 1638 iurisdictionem,
1943 1563 2079 1626 eius
2137 1561 2249 1646 qui

218 1650 587 1736 cognoscit,
638 1648 811 1732 quod
856 1647 1047 1713 Ofilio
1105 1652 1170 1713 et
1212 1647 1492 1714 Proculo
1545 1650 1790 1734 placet,
1846 1651 1996 1734 quia
2050 1672 2246 1716 unus-

219 1740 489 1824 quisque
546 1737 623 1802 de
677 1740 863 1821 parte
920 1759 1037 1802 sua
1092 1737 1340 1823 litigat,
1392 1760 1474 1801 an
1529 1738 1746 1822 potius
1801 1742 1941 1804 tota
1992 1759 2095 1803 res
2139 1786 2158 1804 .
2187 1789 2202 1805 .
2231 1788 2248 1802 .

724 1877 825 1945 De
855 1880 1063 1964 pactis
1106 1884 1165 1943 et
1205 1878 1745 1945 conventionibus?

400 1988 459 2052 3.
505 1986 583 2051 D.
613 1987 675 2069 2,
702 1985 804 2068 14,
824 1987 927 2070 21,
946 1987 1009 2051 2.
1095 1985 1340 2050 Paulus
1386 1986 1552 2051 libro
1599 1987 1792 2052 tertio
1841 1987 1920 2051 ad
1969 1987 2248 2052 edictum

220 2075 322 2164 (P.
355 2072 556 2162 1270).
592 2111 680 2121 -
716 2073 855 2140 Nos
902 2122 952 2138 ..
998 2074 1120 2156 his,
1166 2074 1274 2160 qui
1320 2074 1393 2139 in
1438 2079 1666 2140 nostra
1711 2079 2032 2159 potestate
2075 2079 2249 2160 sunt,

224 2162 605 2251 paciscendo
651 2163 955 2247 prodesse
1003 2185 1133 2227 non
1178 2181 1536 2248 possumus.
1611 2163 1722 2229 sed
1767 2164 1959 2229 nobis
1996 2163 2061 2227 id
2097 2186 2247 2249 pro-

222 2253 532 2335 futurum,
577 2251 634 2317 si
678 2250 937 2317 nomine
986 2273 1204 2316 eorum
1254 2251 1728 2336 conveniamur,
1771 2251 2084 2318 Proculus
2133 2253 2248 2318 ait.

918 2393 1019 2458 De
1061 2394 1317 2476 myotiis
1355 2394 1555 2477 yestia

403 2501 464 2565 4.
508 2498 589 2566 D.
626 2499 695 2582 3,
732 2499 801 2574 5,
840 2501 941 2566 17.
1018 2498 1279 2564 ⁴Paulus
1353 2499 1522 2565 libro
1586 2520 1761 2564 nono
1826 2499 1907 2564 ad
1970 2499 2251 2565 edictum

226 2588 326 2678 (P.
358 2590 534 2674 190).
568 2625 645 2635 —
671 2587 983 2653 Proculus
1014 2593 1078 2653 et
1107 2588 1394 2672 Pegasus
1432 2589 1670 2652 bonam
1705 2585 1897 2652 fidem
1936 2608 2100 2672 enm,
2138 2589 2254 2673 qui

227 2680 294 2744 in
334 2678 643 2744 servitute
682 2698 901 2760 gerere
939 2677 1170 2761 coepit,
1207 2680 1534 2761 praestare
1574 2675 1802 2739 debere
1837 2677 2045 2759 aiunt3
2083 2676 2253 2742 ideo-

223 2790 351 2852 que
399 2771 739 2852 quantum,
794 2767 849 2830 si
896 2765 1063 2830 alius
1110 2766 1247 2830 eius
1292 2763 1558 2848 negotia
1609 2765 1946 2848 gessisset,
1999 2777 2252 2829 servare

227 2856 569 2940 potuisset,
605 2858 860 2919 tantum
905 2876 1069 2936 eum,
1114 2853 1227 2937 qui
1270 2873 1312 2918 a
1359 2856 1562 2917 semet
1604 2853 1749 2936 ipso
1785 2873 1917 2917 non
1953 2852 2254 2938 exegerit,

222 2945 639 3030 negotiorum
685 2947 1017 3028 gestorum
1054 2943 1306 3006 actione
1342 2943 1870 3026 praestaturumL
1914 2941 1974 3006 si
2011 2941 2253 3027 aliquid

226 3033 462 3100 habuit
506 3033 575 3096 in
619 3031 872 3116 peculio
881 3081 899 3115 ,
956 3031 1138 3097 cuius
1185 3031 1547 3094 retentione
1592 3030 1658 3095 id
1705 3032 1946 3096 servari
1993 3034 2254 3115 potest}

408 3127 648 3187 Inclusa
691 3125 875 3185 verba
918 3125 1168 3186 Pei-nice
1212 3124 1564 3185 Triboniani
1610 3140 1739 3185 esse
1786 3129 2001 3185 censet.

406 3262 531 3344 Qui
571 3263 900 3329 arbitrium
944 3262 1296 3344 receperint,
1340 3267 1413 3326 ut
1452 3255 1815 3328 sententiani
1858 3263 2084 3328 dicant.

406 3379 466 3445 5.
514 3378 590 3445 D.
616 3379 677 3457 4,
698 3379 962 3463 8,21,9.
1051 3375 1377 3462 Ulpianus
1423 3378 1588 3443 libro
1635 3378 1831 3442 tertio
1879 3378 2123 3443 decimo
2172 3378 2255 3442 ad

226 3469 510 3534 edictum
551 3465 651 3553 (P.
677 3465 859 3555 460).
896 3504 980 3514 -—
1022 3465 1090 3534 Si
1137 3467 1278 3551 quis
1328 3488 1405 3533 ex
1441 3466 1884 3552 litigatoribus
1931 3467 2075 3532 ideo
2121 3487 2256 3533 non

378 3631 406 3678 1
446 3623 840 3694 magistratus?
879 3621 1292 3680 duumvirorum
1306 3630 1330 3678 ⁸?
