2575 3900
799 220 850 270 6.
893 213 1313 270 IAVOLENUS
1350 214 1646 271 PRISCUS
2098 215 2227 281 437

211 376 451 441 Titium
501 380 759 441 tutorem
803 378 895 443 do,
985 379 1044 443 si
1087 378 1145 443 is
1187 398 1315 443 nou
1357 378 1527 460 vivit,
1570 381 1701 443 tum
1750 375 1988 443 Gaium
2033 378 2234 445 Plau-

209 466 367 531 tium
404 470 664 531 tutorem
699 466 799 531 ἅθ’
831 468 1036 533 Titius
1069 468 1312 532 vixerat
1342 472 1403 532 et
1427 467 1681 532 tutelam
1701 472 1985 551 yesserat,
2021 469 2235 534 deiude

206 559 489 620 mortuus
551 560 699 619 erat.
804 555 1126 621 Trebatius
1189 560 1374 639 negat
1424 556 1509 620 ad
1558 555 1888 622 Plautium
1931 558 2238 639 pertinere

209 644 492 727 tutelam,
545 643 748 709 Labeo
792 650 1034 729 eontra,
1080 644 1391 711 Proculus
1432 646 1593 727 quod
1632 644 1853 710 Labeo.
1940 667 2044 729 eyo
2094 646 2237 711 Tre—

207 732 364 903 baftii
401 734 772 886 seguntiam
795 733 1007 821 probo,
1051 734 1203 816 quia
1246 734 1363 799 illa
1406 734 1589 800 verba
1630 736 1718 799 ad
1748 736 1965 800 mortis
2001 739 2235 820 tempus

207 842 275 887 re
303 842 456 887 erun
524 843 576 887 r.

1040 950 1262 1011 Liber
1305 951 1409 1011 IX.

1050 1070 1149 1137 De
1189 1072 1398 1151 furtis.

389 1194 537 1260 149.
603 1196 678 1259 D.
717 1195 822 1275 47,
858 1196 921 1278 2,
959 1195 1040 1261 91
1059 1218 1152 1279 pr.
1261 1194 1607 1261 Iavolenus
1681 1196 1849 1261 libro
1920 1216 2092 1261 nono
2156 1216 2236 1259 ex

209 1283 678 1367 posterioribus
726 1283 1062 1349 Labeonis,
1117 1320 1192 1331 —
1243 1284 1433 1349 Fullo
1485 1286 1719 1351 actione
1773 1284 1955 1351 locati
2006 1286 2080 1349 de
2131 1286 2235 1349 do-

208 1374 379 1437 miuo
417 1372 710 1437 liberatus
745 1378 846 1439 est.
930 1377 1114 1456 ueyat
1146 1393 1286 1438 eum
1317 1372 1479 1454 furti
1512 1378 1665 1439 reete
1699 1378 1981 1438 acturum
2017 1372 2242 1438 Labe0.

212 1462 359 1526 item
393 1462 453 1525 si
483 1459 647 1542 furti
682 1463 910 1546 eyisset,
933 1464 1309 1544 priusquam
1344 1482 1420 1526 ex
1456 1462 1649 1527 locato
1685 1482 1823 1527 eum
1858 1482 1924 1527 eo
1944 1462 2241 1546 ‘ageretur

211 1554 285 1634 et,
327 1554 660 1632 antequam
705 1551 778 1616 de
817 1551 988 1631 furto
1023 1552 1417 1630 iudicaretur,
1463 1550 1645 1616 locati
1678 1552 1915 1616 actione
1950 1551 2241 1616 liberatus

210 1644 384 1718 esset,
437 1642 497 1703 et
543 1639 654 1719 fur
707 1639 783 1704 ab
840 1659 906 1703 eo
959 1639 1192 1706 absolvi
1243 1639 1422 1704 debet.
1512 1640 1675 1722 quod
1723 1640 1782 1705 si
1824 1639 1987 1705 nihil
2030 1660 2240 1705 eorum

211 1733 354 1793 ante
402 1728 746 1807 accidisset,
796 1727 1004 1809 furem
1047 1729 1104 1793 ei
1148 1729 1547 1793 condemnari
1590 1732 1873 1811 oportere.
1962 1728 2108 1793 haec
2149 1730 2241 1794 id-

209 1818 394 1896 eireo,
457 1817 753 1899 quoniam
811 1815 974 1898 furti
1031 1821 1278 1883 eatenus
1330 1816 1508 1883 habet
1556 1818 1878 1898 actionem,
1942 1822 2242 1899 quatenus

211 1906 344 1972 eius
387 1906 650 1972 interest.

392 1995 538 2061 150.
583 1993 663 2060 D.
692 1995 844 2060 ibid.
875 1996 914 2077 ἓ
950 1997 1002 2060 1.
1050 2031 1126 2042 -
1167 1993 1377 2060 ‘Nemo
1413 2015 1583 2078 opem
1616 2001 1731 2062 aut
1764 1997 2087 2062 eonsilium
2122 1998 2242 2061 alii

199 2089 527 2166 praestare
557 2089 775 2167 potest,
824 2086 932 2168 qui
977 2086 1105 2167 ipse
1146 2085 1307 2165 furti
1344 2084 1621 2166 faciendi
1663 2087 1987 2151 eonsilium
2030 2106 2242 2169 capere

213 2194 341 2239 nou
427 2177 592 2238 otest.

373 2194 541 2327 1151.
611 2262 690 2327 D.
739 2262 853 2347 49,
902 2262 1014 2345 15,
1058 2263 1164 2329 27.
1275 2261 1617 2328 Iavolenus
1690 2263 1859 2329 libro
1926 2285 2097 2328 nono
2163 2285 2240 2326 ex

213 2350 682 2436 posterioribus
719 2350 1062 2417 Labeonis.
1101 2387 1184 2397 —
1222 2350 1527 2417 Latrones
1573 2352 1685 2416 tibi
1726 2371 1967 2416 servum
2011 2354 2241 2433 eripue-

211 2445 378 2504 rant.
434 2444 659 2521 postea
692 2442 748 2505 is
791 2461 1000 2506 servus
1043 2440 1131 2504 ad
1173 2439 1518 2506 Germanos
1549 2446 1939 2523 pervenerat,·
1986 2442 2130 2506 inde
2172 2442 2243 2506 in

213 2528 364 2593 bello
409 2529 584 2592 vietis
625 2525 960 2594 Germanis
1003 2549 1216 2594 servus
1258 2530 1545 2593 venierat.
1626 2535 1854 2612 neyant
1883 2549 2066 2612 posse
2098 2549 2243 2595 usu-

213 2617 356 2698 eapi
391 2636 530 2681 eum
566 2616 643 2681 ab
678 2623 940 2699 emptore
974 2617 1180 2682 Labeo
1219 2615 1444 2699 Ofilius
1476 2617 1813 2702 Trebatius,
1849 2619 1998 2701 quia
2032 2639 2243 2684 verum

213 2709 370 2771 esset
417 2725 557 2770 eum
608 2706 959 2788 subreptum
1011 2725 1161 2789 esse,
1213 2727 1323 2771 nee
1362 2707 1526 2788 quod
1564 2706 1830 2772 hostium
1870 2707 2093 2788 fuisset
2133 2712 2247 2772 aut

203 2795 598 2879 postliminio
641 2796 914 2878 redisset,
958 2795 1016 2860 ei
1057 2795 1150 2860 rei
1193 2796 1638 2878 impedimento¹
1662 2817 1801 2862 esse.

935 2971 1034 3038 De
1077 2972 1199 3055 zeye
1242 2973 1524 3056 Aquilia.

279 3093 282 3096 ⁴
401 3096 542 3163 152.
590 3095 667 3163 D.
693 3096 795 3181 19,
825 3098 883 3180 2,
913 3095 1019 3162 57.
1092 3095 1440 3163 Iavolenus
1470 3098 1636 3163 libro
1665 3119 1838 3164 nono
1868 3121 1949 3162 ex
1975 3100 2245 3182 posteri-

220 3186 443 3251 oribus
499 3185 836 3250 Labeonis.
894 3221 980 3231 —
1046 3185 1170 3266 Qui
1230 3188 1480 3252 domum
1538 3186 1816 3269 habebat,
1878 3208 2092 3253 aream
2146 3189 2244 3252 in-

221 3277 498 3350 iunctam
550 3275 608 3339 ei
661 3275 873 3340 domui
924 3275 1122 3340 vicino
1154 3277 1451 3357 proximo
1497 3275 1812 3341 locaverat.
1905 3278 1963 3342 is
2006 3276 2245 3341 vicinus

217 3383 358 3430 cum
420 3365 772 3446 aedificaret
829 3365 901 3428 iu
961 3383 1099 3442 su0,
1165 3369 1390 3429 terram
1451 3365 1522 3428 iu
1573 3384 1710 3428 eam
1762 3385 1975 3430 aream
2028 3365 2209 3428 iuxta
2222 3361 2246 3400 ¹

219 3474 407 3536 quam
465 3451 876 3533 fundamenta
928 3454 1319 3518 caementieia
1375 3454 1657 3519 loeatoris
1708 3459 1887 3519 erant
1938 3454 2242 3537 oonyessit,

364 3595 394 3644 1.
433 3590 526 3646 F'z.
565 3589 825 3661 amplius.
