2575 3900
328 191 462 256 540
1061 187 1502 244 ADDITAMEN
1504 187 1617 242 TA.

507 352 640 418 42⁶?
693 351 774 417 D.
802 353 906 435 34,
934 354 995 436 4,
1024 354 1084 432 6,
1113 353 1172 416 2.
1236 351 1476 417 Paulus
1528 351 1695 416 libro
1743 351 1970 435 quinto
2019 349 2098 414 ad
2134 349 2362 434 legem

325 442 567 507 Iuliam
613 444 679 506 et
722 440 1011 526 Papiam.
1042 476 1127 486 —
1170 493 1183 506 .
1214 490 1227 505 .
1258 441 1312 505 si
1360 461 1478 525 pro
1524 439 1721 505 fundo
1769 439 1985 504 decem
2031 439 2362 522 legentur,

329 530 591 615 quidam
637 533 869 614 putant
912 552 1043 595 non
1091 550 1232 595 esse
1280 529 1647 612 ademptum
1693 528 1872 612 prius
1921 529 2227 611 legatum.

506 620 611 685 43.
666 618 743 682 D.
782 619 887 701 33,
926 620 987 704 7,
1026 619 1107 683 12
1128 642 1220 703 pr.
1301 617 1620 702 Ulpianus
1674 617 1842 681 libro
1900 615 2206 681 vicesimo
2269 615 2360 678 ad

331 706 659 773 Sabinum.
679 744 766 756 —
792 707 1170 784 Quaesitum
1209 712 1326 790 est,
1356 729 1437 771 an
1465 705 1856 771 frumentum
1887 705 2056 789 quod
2085 703 2358 769 cibariis

328 797 650 862 cultorum
689 801 988 880 paratum
1026 795 1211 877 foret,
1249 796 1678 860 instrumento
1716 795 1986 859 cederet.
2055 798 2120 857 et
2151 792 2358 876 pluri-

328 885 451 951 mis
495 906 626 949 non
674 885 906 969 placet,
954 883 1107 969 quia
1153 887 1650 948 consumeretur.

503 975 608 1040 44.
658 972 735 1038 D.
774 973 927 1038 ibid.
972 1010 1062 1019 —
1106 972 1271 1037 Item
1316 973 1644 1037 nonnullis
1691 971 1902 1036 visum
1941 975 2039 1036 est
2071 970 2358 1034 frumen-

327 1066 495 1145 tum,
547 1063 719 1148 quod
775 1062 1022 1126 serendi
1070 1083 1264 1126 causa
1309 1060 1676 1145 depositum
1723 1062 1850 1143 est,
1912 1061 2357 1124 instrumento

328 1151 662 1217 contineri.

840 1264 932 1322 De
978 1264 1181 1322 domus
1224 1264 1601 1322 instrumento
1647 1263 1843 1336 leyato.

506 1373 611 1438 45.
684 1371 763 1438 D.
808 1372 959 1436 ibid.
1009 1374 1048 1453 ἓ
1083 1374 1183 1438 18.
1228 1409 1318 1420 -
1362 1373 1637 1437 Acetum
1685 1392 1966 1455 quoque,
2024 1370 2192 1455 quod
2243 1391 2354 1434 ex—

330 1461 701 1546 stinguendi
730 1461 1009 1526 incendii
1037 1484 1229 1527 causa
1259 1465 1544 1545 paratur,
1572 1460 1731 1524 item
1761 1463 2067 1524 centones
2093 1458 2357 1542 sifones,

330 1549 640 1633 [perticae
688 1571 939 1635 quoque
997 1554 1059 1613 et
1116 1551 1352 1630 scalae]
1412 1553 1477 1614 et
1522 1549 1873 1614 formiones
1921 1551 1988 1611 et
2040 1547 2352 1632 spongias

328 1646 395 1703 et
442 1661 621 1704 amas
670 1644 736 1703 et
783 1661 1009 1723 scopas
1057 1639 1374 1704 contineri
1421 1638 1707 1723 plerique
1755 1685 1771 1701 .
1801 1687 1815 1702 .
1846 1687 1862 1703 .
1909 1636 2110 1701 aiunt.

508 1733 580 1792 ef.
627 1733 707 1809 Π,
748 1735 784 1791 2
831 1754 887 1808 p.
929 1734 1073 1792 305.

1072 1893 1165 1952 De
1197 1910 1362 1967 penu
1402 1893 1604 1966 leyata.

507 2003 611 2067 46.
666 2003 745 2068 D.
774 2003 888 2085 33,
917 2004 985 2080 9,
1014 2004 1083 2088 5,
1115 2005 1170 2067 1.
1251 2002 1493 2067 Paulus
1539 2002 1705 2066 libro
1753 2004 1986 2086 quarto
2035 2001 2113 2065 ad
2164 1998 2350 2065 Sabi-

328 2114 505 2157 num.
544 2128 627 2137 —
668 2145 679 2157 .
713 2141 726 2155 .
768 2092 1029 2175 quidam
1076 2094 1479 2176 negaverunt
1521 2090 1706 2175 piper
1751 2094 1818 2154 et
1860 2090 2236 2174 ligusticum
2289 2095 2355 2154 et

328 2202 587 2245 careum
636 2185 701 2244 et
736 2181 907 2245 laser
944 2182 1009 2243 et
1048 2184 1262 2245 cetera
1299 2180 1668 2244 huiusmodi
1705 2179 1775 2243 in
1813 2200 1984 2263 penu
2019 2200 2150 2243 non
2189 2200 2354 2243 esse.

504 2274 682 2333 Pauli
727 2275 907 2350 plena
952 2274 1136 2333 verba
1184 2276 1350 2333 sunt:
1399 2268 1579 2350 ‘quod
1626 2272 1878 2351 quidam·
1907 2318 1920 2331 .
1951 2319 1964 2332 .
1994 2320 2006 2333 .
2043 2292 2164 2332 non
2203 2291 2356 2347 esse,

326 2362 736 2438 improbatum
781 2356 913 2424 est'.

503 2456 609 2520 47.
648 2453 811 2520 Gell.
840 2456 901 2538 4,
936 2458 990 2538 1,
1020 2457 1077 2518 2.
1114 2492 1188 2500 —
1221 2453 1433 2539 Ligna
1471 2476 1720 2538 quoque
1759 2457 1824 2518 et
1864 2453 2081 2539 virgas
2119 2455 2188 2517 et
2213 2475 2349 2518 car-

326 2545 530 2608 bones
588 2544 819 2629 quibus
878 2543 1295 2609 conficeretur
1350 2565 1580 2627 penuS,
1646 2542 2029 2626 quibusdam
2085 2542 2178 2606 ait
2235 2540 2351 2627 (sc.

327 2633 652 2698 Masurius
702 2630 1009 2719 Sabinus)
1056 2632 1259 2696 videri
1306 2653 1444 2695 esse
1489 2631 1557 2695 in
1601 2653 1789 2715 penu.

502 2722 633 2787 48‘?
663 2721 741 2786 D.
772 2721 879 2807 35,
905 2722 965 2804 2,
989 2725 1045 2801 1,
1066 2723 1123 2786 8.
1188 2719 1426 2784 Paulus
1462 2720 1630 2785 libro
1669 2719 1983 2804 singulari
2023 2720 2100 2784 ad
2131 2720 2347 2803 legem

324 2810 696 2876 Falcidiam.
737 2847 821 2857 —
871 2861 883 2874 .
923 2860 938 2875 .
986 2810 1039 2874 si
1095 2810 1187 2873 ita
1240 2810 1529 2893 legatum
1577 2808 1661 2872 sit
1716 2807 1925 2873 ‘heres
1973 2830 2152 2873 meus
2200 2806 2352 2873 Seio

325 2920 562 2983 penum
628 2900 813 2983 dato3
888 2900 942 2964 si
1010 2921 1142 2963 non
1208 2897 1480 2980 dederit,
1544 2898 1761 2962 decem
1825 2895 2020 2981 dato',
2085 2897 2352 2981 quidam

325 2992 561 3071 putant
606 2988 976 3053 omnimodo
1023 2988 1090 3052 in
1136 2988 1354 3070 legato
1390 2986 1606 3051 decem
1645 3008 1810 3070 esse,
1855 3008 2092 3070 penum
2132 2990 2351 3049 autem

326 3076 555 3140 mortis
602 3098 796 3141 causa
842 3077 988 3161 capi
1031 3098 1149 3140 nec
1195 3079 1263 3139 in
1312 3075 1665 3140 Falcidiam
1711 3076 2029 3160 imputare
2067 3075 2134 3139 id
2168 3074 2352 3139 here-

327 3164 474 3227 dem
518 3186 728 3247 posse.

1042 3260 1135 3318 De
1179 3260 1379 3318 ovibus
1424 3259 1640 3331 leyatis.

502 3370 607 3433 49.
656 3367 731 3433 D.
762 3367 869 3450 32,
897 3368 1001 3451 81,
1028 3370 1091 3433 4.
1162 3368 1564 3433 Modestinus
1610 3368 1776 3432 libro
1822 3388 1994 3432 nono
2031 3367 2354 3432 Differen-

325 3457 583 3522 tiarum.
621 3495 705 3504 -
754 3457 993 3523 Ovibus
1048 3458 1280 3541 legatis
1336 3478 1542 3540 neque
1600 3476 1802 3541 agnos
1861 3478 2065 3541 neque
2113 3457 2354 3522 arietes

384 3547 643 3611 'utineri
690 3546 947 3629 quidam
996 3596 1009 3609 .
1038 3595 1052 3609 .
1102 3546 1492 3610 existimant.
