2575 3900
341 178 474 243 416
546 178 612 235 V.
649 178 950 235 NERVAE
988 178 1083 233 ET
1121 178 1429 235 TRAIANI
1463 178 1677 236 ΤΕΜΡ.
1711 178 1905 234 IURIS
1942 176 2311 234 CONSULTI

1040 347 1136 407 De
1179 351 1415 421 amento
1459 348 1657 421 loyato.

521 458 625 523 53.
683 455 760 523 D.
789 456 944 522 ibid.
973 460 1014 539 ξ
1045 458 1100 523 1.
1144 492 1234 505 --
1279 456 1435 522 Cum
1479 458 1572 522 ita
1617 458 1881 539 leyatum
1924 461 2076 523 esset
2118 456 2366 539 ‘arqen-

341 551 473 612 tum
517 547 680 628 quod
720 548 896 612 domo
939 567 1078 611 mea
1121 546 1240 612 erit
1279 566 1427 610 oum.
1463 546 1740 630 moriar',
1793 545 2019 629 Ofilius
2060 566 2169 611 neo
2206 547 2379 628 quod

339 636 678 717 depositum
725 657 768 701 a
811 656 875 701 se
917 656 1028 701 nee
1069 636 1233 718 quod
1273 636 1719 701 commodatum
1762 636 2108 718 reliquisset
2149 655 2376 718 arqen-

341 730 474 789 tum
511 725 774 808 leqatum
809 724 1007 790 videri
1041 725 1369 807 respondit.
1438 725 1601 789 idem
1630 722 1965 791 Cascellius
2002 726 2077 789 de
2107 744 2371 789 eommo-

191 798 214 821 '
339 814 502 879 dato.
573 813 792 897 Labeo,
827 815 990 896 quod
1013 814 1351 895 depositum
1378 817 1540 895 esset,
1576 814 1671 878 ita
1697 812 1914 897 deberi,
1944 814 2003 878 si
2020 814 2373 896 praesentis

339 902 648 967 custodiae
691 922 897 987 causa,
941 922 1067 968 non
1103 906 1432 984 perpetuae
1474 901 1661 967 veluti
1704 904 1776 967 in
1820 902 2150 968 thensauro
2192 903 2373 984 depo-

339 991 533 1057 situm
585 996 759 1075 esset,
813 992 966 1074 quia
1017 992 1132 1056 illa
1183 991 1368 1057 verba
1429 990 1615 1073 ‘quod
1664 992 1841 1056 domo
1894 1011 2030 1056 mea
2082 990 2223 1056 erit'
2282 992 2372 1057 sio

339 1080 540 1161 accipi
582 1080 789 1145 debere
833 1079 979 1145 ‘esse
1021 1078 1288 1161 solebat',
1333 1084 1391 1144 et
1430 1079 1542 1145 hoo
1574 1080 1782 1162 probo.

523 1168 627 1233 54.
709 1167 978 1234 D..ibid
1018 1171 1058 1250 ἓ
1096 1169 1153 1232 2.
1217 1204 1307 1215 -
1370 1168 1592 1233 Ateius
1647 1166 1930 1234 Servium
1990 1169 2374 1252 respondisse

340 1257 578 1340 sarmit,
641 1258 743 1323 eui
803 1263 1124 1341 arqentum
1135 1307 1154 1342 ,
1213 1258 1378 1339 quod
1436 1258 1507 1321 in
1575 1258 1926 1323 Tusculano
1975 1257 2175 1338 fundo
2231 1277 2371 1323 oum

341 1352 680 1411 moreretur
739 1346 1076 1431 habuisset,
1141 1347 1407 1427 legatum
1468 1350 1641 1425 esset,
1705 1351 1765 1411 et
1822 1348 1997 1435 quod·
2037 1352 2371 1429 antequam

342 1441 682 1500 moreretur
725 1456 800 1501 ecc
843 1436 990 1500 urbe
1032 1437 1102 1500 in
1146 1434 1566 1500 Tusculanum
1610 1435 1787 1500 iussu
1828 1426 2132 1501 testatoris
2169 1440 2370 1499 trans-

341 1523 542 1589 latum
569 1530 733 1609 esset,
760 1524 990 1602 deberi;
1027 1528 1240 1590 contra
1262 1524 1415 1609 fore,
1442 1524 1499 1589 si
1525 1523 1771 1589 iniussu
1799 1524 2175 1590 translatum
2202 1528 2368 1589 esset.

1070 1697 1164 1757 De
1209 1698 1372 1757 lance
1417 1698 1624 1771 leyata.

520 1806 622 1872 55.
668 1805 749 1872 D.
778 1807 882 1885 34,
910 1808 970 1889 2,
995 1808 1097 1872 31.
1171 1807 1390 1873 Labeo
1419 1806 1586 1873 libro
1617 1806 1896 1872 secundo
1926 1806 2364 1890 posteriorum

339 1918 378 1961 a
442 1894 752 1961 Iavoleno
817 1896 1335 1979 epitomatorum.
1388 1932 1481 1943 —
1534 1896 1657 1978 Qui
1720 1897 1954 1962 lancem
2016 1896 2366 1965 maximam

337 1987 640 2050 minorem
701 1987 1032 2050 minimam
1095 1986 1493 2070 relinquebat,
1556 1987 1650 2051 ita
1706 1986 2040 2068 leyaverat:
2106 1984 2367 2051 ‘lancem

337 2075 638 2139 minorem
680 2074 781 2138 illi
825 2073 992 2158 leyo'.
1081 2077 1317 2140 mediae
1360 2075 1811 2158 maynitudinis
1853 2075 2054 2140 videri
2100 2075 2366 2157 leyatam

339 2163 576 2228 lancem
630 2181 987 2244 responsum
1041 2169 1151 2248 est,
1204 2165 1264 2229 si
1316 2183 1442 2229 non
1486 2168 1836 2248 appareret,
1889 2183 2081 2246 quam
2129 2163 2368 2230 lanoem

335 2273 414 2318 ex
460 2250 558 2316 his
589 2258 774 2334 pater
814 2251 1103 2333 familias
1146 2255 1563 2318 demonstrare
1606 2252 1904 2318 voluisset.

1032 2426 1126 2486 De
1158 2427 1391 2502 poculis
1434 2427 1655 2500 leyatis.

517 2535 621 2601 56.
661 2536 736 2602 D.
763 2536 866 2618 32,
887 2538 974 2603 30
988 2559 1084 2622 pr.
1154 2537 1371 2602 Labeo
1408 2536 1575 2600 libro
1616 2535 1893 2600 seeundo
1924 2535 2365 2618 posteriorum

335 2646 378 2689 a
451 2623 754 2690 Iavoleno
831 2627 1351 2712 epitomatorum.
1424 2659 1511 2672 —-
1594 2625 1716 2704 Qui
1784 2629 2074 2707 quattuor
2133 2626 2368 2708 pocula

337 2715 652 2795 oleayinea
713 2715 995 2798 habebat,
1056 2716 1150 2780 ita
1205 2715 1457 2798 leyavit:
1521 2711 1759 2794 ‘poeula
1814 2713 2127 2796 oleaqinea
2174 2715 2368 2797 paria

333 2800 499 2867 duo'.
598 2805 884 2884 respondi
934 2824 1131 2868 unum
1175 2824 1305 2886 par
1359 2804 1619 2886 legatum
1674 2822 1822 2881 esse,
1884 2802 2037 2884 quia
2090 2823 2221 2868 non
2275 2804 2367 2869 ita

334 2895 520 2954 esset:
565 2891 713 2956 bina
745 2893 945 2972 paria
988 2912 1178 2974 neque
1219 2894 1346 2957 ita:
1383 2891 1745 2976 poculorum
1771 2892 1969 2973 paria
2009 2892 2151 2957 duo.
2206 2893 2367 2957 idem

334 2982 398 3040 et
446 2977 780 3043 Trebatius.

884 3073 978 3132 De
1025 3071 1338 3134 Corinthiis
1379 3075 1540 3133 vasis
1583 3074 1800 3148 leqatis.

519 3179 623 3243 57.
688 3176 764 3242 D.
804 3181 907 3258 32,
948 3181 1096 3267 100,
1131 3182 1190 3247 3.
1298 3182 1644 3247 Iavolenus
1710 3181 1878 3248 libro
1944 3184 2227 3250 secundo
2288 3206 2365 3250 ex

337 3265 807 3349 posterioribus
863 3268 1200 3335 Labeonis.
1265 3307 1342 3318 —
1406 3268 1523 3335 Cui
1578 3270 1901 3336 Corinthia
1955 3292 2111 3338 vasa
2168 3275 2367 3358 leyata

339 3357 553 3437 essent,
598 3373 832 3419 aeneas
879 3357 1103 3439 βάσεις
1147 3378 1381 3439 quoque
1422 3378 1632 3422 eorum
1666 3380 1957 3425 vasorum
1992 3361 2367 3428 collocando-

337 3460 482 3504 rum
544 3460 732 3505 eausa
772 3449 1042 3523 paratas
1098 3446 1299 3510 deberi
1357 3444 1678 3512 Trebatius
1730 3449 2055 3531 respondit.
2154 3450 2365 3516 Labeo

335 3532 544 3593 autem
586 3529 656 3592 id
696 3550 823 3594 non
849 3533 1088 3615 probat,
1135 3533 1262 3598 nisi
1299 3553 1525 3598 aeneas
1560 3535 1784 3616 βάσεις
1820 3541 2069 3602 testator
2104 3559 2364 3605 numero
