2575 3900
795 196 844 243 6.
889 186 1307 244 IAVOLENUS
1345 187 1645 245 PRISCUS
2100 191 2228 256 397

201 356 522 417 maritimis
599 357 848 415 aluntur
910 348 1014 438 (D.
1053 359 1158 433 33’,
1198 360 1254 431 7,
1296 348 1437 438 11),
1508 358 1723 417 horrea
1786 362 1957 419 extra
2018 361 2232 421 urbem

201 438 304 528 (D.
337 448 440 523 32,
470 436 613 527 84),
667 445 971 505 frumenta
1015 446 1075 504 in
1122 445 1325 505 herbis
1372 449 1575 521 empta
1620 467 1770 525 quae
1816 449 1984 511 nives
2030 468 2230 511 corru-

200 539 424 612 perunt
472 526 572 615 (D.
607 536 706 611 15,
740 537 795 609 1,
829 539 863 594 7
873 536 928 611 8,
959 525 1045 615 3).

383 622 635 700 Saepius
681 624 883 700 agitur
923 624 995 682 de
1031 624 1301 698 patronis
1339 623 1688 701 libertisque
1727 628 1788 685 et
1824 625 1897 685 de
1934 626 2231 688 locatione

204 712 610 773 conductione.
690 712 933 771 disserit
977 712 1134 771 enim
1170 711 1489 772 Iavolenus
1536 713 1609 772 de
1654 714 1949 774 maiorum
1992 718 2234 791 patroni

204 800 534 877 sepulchris
583 792 681 883 (D.
713 801 814 877 38,
847 803 903 878 2,
933 793 1076 882 36),
1125 800 1196 859 de
1242 801 1367 861 filio
1412 802 1693 861 libertino
1740 796 1838 885 (D.
1876 806 1979 881 28,
2008 807 2064 881 8,
2100 800 2234 885 10),

205 890 281 949 de
316 890 534 949 liberto
573 890 720 949 duos
756 890 1041 966 patronos
1077 889 1339 949 habente
1376 881 1477 971 (D.
1511 894 1610 969 38,
1643 894 1701 969 2,
1733 884 1866 971 34),
1904 894 1976 951 de
2014 894 2232 955 liberto

202 980 447 1055 patroni
483 981 846 1039 testamento
885 979 1331 1039 commendatus
1369 971 1469 1059 (D.
1504 982 1604 1057 28,
1634 982 1692 1056 5,
1726 972 1855 1061 60),
1905 982 1977 1039 de
2015 982 2234 1043 liberto

204 1067 309 1145 qui
365 1068 646 1127 solvendo
702 1086 822 1126 non
869 1070 999 1127 erat
1045 1069 1107 1126 et
1151 1068 1307 1126 aeris
1354 1068 1536 1127 alieni
1580 1070 2053 1145 magnitudinem
2097 1073 2235 1131 reli·

204 1156 340 1232 quit
388 1148 487 1237 (D.
519 1158 619 1229 38,
651 1158 711 1234 2,
741 1147 870 1237 36),
920 1155 991 1215 de
1028 1156 1246 1216 liberto
1285 1157 1390 1232 qui
1425 1157 1743 1217 fraudandi
1778 1160 2018 1234 patroni
2055 1179 2236 1221 causa

203 1245 462 1303 fundum
501 1244 633 1304 Seio
681 1244 978 1321 mancipio
1025 1246 1164 1304 dare
1212 1246 1405 1305 voluit
1446 1238 1547 1325 (D.
1579 1248 1680 1321 35,
1714 1248 1771 1323 5,
1804 1242 1932 1329 12),
1981 1249 2235 1327 denique

205 1334 281 1392 de
345 1337 625 1410 patrono,
690 1333 796 1411 qui
852 1352 1226 1393 communem
1281 1333 1559 1393 libertam
1614 1354 1860 1395 uxorem
1916 1338 2085 1397 duxit
2133 1331 2236 1418 (D.

209 1424 313 1496 23,
345 1424 403 1500 3,
434 1414 566 1503 46).
638 1441 748 1481 nec
793 1421 991 1481 minus
1039 1423 1280 1482 disserit
1328 1424 1399 1481 cle
1445 1423 1644 1483 locata
1690 1424 1863 1485 domo
1912 1417 2012 1506 (D.
2047 1430 2147 1504 19,
2180 1430 2235 1506 2,

209 1513 295 1571 60
314 1503 459 1590 pr.),
515 1511 715 1570 insula
770 1504 870 1589 (D.
903 1514 1004 1585 19,
1035 1514 1094 1590 2,
1124 1513 1206 1572 58
1223 1506 1369 1590 pr.),
1425 1530 1565 1571 area
1612 1504 1709 1593 (D.
1745 1515 1843 1590 19,
1877 1516 1932 1589 2,
1965 1506 2105 1595 57),
2163 1517 2236 1575 de

205 1600 422 1660 horreo
484 1600 682 1659 locato
737 1591 838 1681 (D.
881 1604 981 1677 19,
1021 1603 1078 1675 2,
1118 1602 1220 1676 59,
1261 1603 1319 1660 6.
1350 1590 1437 1681 9),
1493 1618 1626 1658 cum
1684 1601 1757 1659 de
1814 1620 1983 1663 servo
2039 1606 2234 1665 locato

207 1680 313 1769 (D.
347 1690 448 1767 18,
480 1690 536 1767 6,
571 1680 700 1769 17),
745 1694 880 1747 tum
920 1690 992 1747 de
1030 1688 1292 1748 mulione
1330 1690 1621 1749 conducto
1661 1681 1763 1769 (D.
1796 1693 1893 1763 19,
1927 1694 1983 1770 2,
2016 1694 2117 1769 60,
2152 1687 2236 1775 7),

205 1779 526 1853 praeterea
571 1777 641 1836 de
685 1777 960 1837 vehiculo
1008 1776 1299 1837 conducto
1348 1771 1449 1859 (D.
1479 1777 1622 1836 ibid.
1654 1775 1694 1853 ἓ
1726 1772 1821 1858 8),
1880 1780 1952 1839 de
1997 1782 2235 1857 publico

207 1866 454 1942 praedio
493 1866 876 1943 vectigalium
915 1884 1098 1925 causa
1134 1868 1331 1928 locato
1371 1858 1473 1950 (D.
1502 1868 1562 1943 4,
1595 1868 1651 1943 6,
1684 1870 1785 1944 34,
1817 1859 1904 1951 1),
1942 1871 2015 1928 de
2043 1871 2235 1931 hortis

204 1956 466 2031 publicis
513 1975 550 2014 a
594 1974 659 2014 re
705 1955 944 2031 publica
989 1957 1295 2017 conductis
1341 1948 1443 2038 (D.
1476 1959 1577 2032 32,
1608 1959 1709 2031 30,
1745 1948 1828 2039 1).

391 2044 642 2103 Veteres
688 2044 1012 2104 laudantur
1056 2049 1297 2105 tantum
1340 2045 1405 2105 in
1450 2045 1619 2106 libris
1664 2065 1734 2105 ex
1776 2045 2053 2108 Labeone
2100 2068 2235 2110 con·

208 2133 384 2193 fectis
429 2133 592 2210 iique
640 2133 768 2192 sine
815 2134 996 2194 dubio
1045 2136 1119 2193 ad
1165 2133 1461 2194 Labeonis
1508 2135 1871 2212 exemplum,
1922 2141 2237 2212 praeterea

207 2223 339 2298 ipse
386 2222 608 2298 LabeO,
652 2222 986 2283 Massurius
1035 2223 1291 2283 Sabinus
1340 2215 1439 2304 (D.
1472 2227 1573 2301 19,
1606 2226 1660 2298 2,
1692 2226 1793 2284 59.
1833 2227 1935 2304 45,
1971 2229 2023 2300 1,
2060 2219 2234 2309 105),

209 2308 453 2370 Cassius
494 2302 594 2393 (D.
626 2312 728 2382 40,
762 2316 818 2384 7,
851 2314 952 2390 28,
987 2315 1040 2370 1.
1087 2314 1196 2392 46,-
1223 2315 1280 2389 3,
1314 2314 1415 2371 78.
1456 2314 1554 2386 35,
1590 2315 1643 2388 1,
1677 2315 1759 2373 54
1775 2307 1913 2395 pr.),
1951 2315 2236 2375 Proculus

214 2391 320 2479 (D.
359 2401 461 2478 29,
502 2401 558 2473 2,
599 2403 697 2460 62.
745 2399 817 2458 D.
851 2403 950 2477 32,
984 2403 1128 2478 100,
1159 2405 1214 2461 3.
1264 2401 1334 2460 D.
1366 2403 1469 2475 35,
1501 2403 1558 2478 1,
1588 2403 1691 2476 40,
1722 2405 1777 2461 5.
1825 2402 1895 2462 D.
1931 2407 2032 2479 26,
2064 2407 2122 2481 2,
2154 2407 2234 2465 33

215 2481 513 2567 aliaque),
560 2483 843 2548 ‘Caelius’
895 2485 1010 2567 (ita
1056 2490 1213 2548 enim
1257 2509 1367 2566 pro
1417 2484 1761 2550 ‘Caecilius'
1807 2489 1876 2550 D.
1921 2494 2022 2569 24,
2066 2497 2121 2570 1,
2154 2496 2235 2555 64

210 2575 530 2652 legendum
577 2569 873 2658 videtur),
919 2577 981 2636 id
1028 2582 1121 2637 est
1167 2577 1404 2638 Caelius
1453 2577 1708 2636 Sabinus
1756 2573 1859 2658 (cf.
1904 2578 2031 2640 Gai.
2065 2583 2121 2657 3,
2156 2586 2237 2642 70

212 2657 479 2724 ‘Caelius
535 2665 788 2725 Sabinus
845 2667 932 2725 ait
968 2712 980 2725 .
1015 2712 1028 2726 .
1059 2711 1074 2725 .
1120 2666 1437 2727 Iavolenus
1494 2669 1695 2725 autem
1752 2661 1921 2744 ait’),
1968 2669 2233 2747 Pegasus

211 2758 278 2814 et
323 2752 556 2831 Aristo,
602 2755 760 2831 quod
806 2754 876 2815 D.
911 2758 1012 2834 28,
1044 2757 1101 2831 5,
1135 2759 1211 2816 19
1263 2755 1413 2814 satis
1457 2755 1698 2817 videtur
1742 2755 2021 2816 indicare.
2200 2814 2204 2818 .

391 2841 804 2903 Dissensiones
859 2863 1012 2920 quae
1068 2845 1428 2904 exstiterunt
1474 2847 1535 2904 et
1579 2843 1847 2904 Labeoni
1894 2863 2031 2906 cum
2076 2847 2235 2923 prio-

212 2931 380 2993 ribus
437 2935 499 2992 et
552 2933 710 2992 inter
765 2934 1151 3010 posteriores„
1219 2933 1447 2993 seilicet
1500 2935 1658 2992 inter
1712 2933 2077 2994 Massurium
2133 2937 2237 2996 Sa·

212 3020 421 3079 binum
475 3022 572 3081 vel
628 3020 902 3081 Cassium
958 3026 1018 3082 et
1061 3022 1426 3100 Labeonem,
1481 3041 1588 3082 nec
1643 3022 1839 3082 minus
1894 3023 2052 3084 inter
2096 3025 2238 3085 Pro-

215 3109 415 3168 culum
481 3112 544 3169 et
605 3111 860 3186 prioreS,
934 3111 1183 3187 denique
1247 3111 1407 3171 inter
1467 3114 1739 3188 posteros
1802 3112 2237 3175 intercedentes

213 3217 251 3257 a
296 3198 578 3260 Iavoleno
625 3199 946 3276 diligenter
991 3201 1329 3260 examinata
1371 3220 1499 3261 esse
1548 3205 1812 3277 apparet.
1895 3201 2041 3262 haec
2078 3204 2238 3262 enim

213 3306 302 3347 ex.
350 3307 439 3365 gr.
486 3288 798 3365 leguntur:
857 3282 897 3349 ἵ
927 3334 942 3350 .
973 3335 986 3348 .
1025 3287 1344 3349 Trebatius
1398 3294 1582 3367 negat
1620 3338 1632 3351 .
1663 3335 1677 3350 .
1707 3337 1720 3350 .
1755 3289 1954 3350 Labeo
2012 3297 2238 3367 contra,

213 3375 504 3435 Proculus
569 3377 728 3454 quod
796 3377 997 3437 Labeo
1037 3423 1050 3437 .
1090 3397 1199 3455 ego
1266 3378 1537 3437 Trebatii
1608 3379 1969 3439 sententiam
2029 3383 2235 3457 probe,

214 3465 358 3539 quia
385 3510 398 3524 .
431 3509 444 3522 .
475 3457 510 3522 .’
551 3465 624 3525 D.
653 3467 756 3540 26,
787 3467 845 3539 2,
875 3467 975 3525 33.
1055 3459 1094 3524 ³.
1125 3512 1137 3524 .
1167 3513 1179 3527 .
1212 3466 1531 3526 Trebatius
1568 3469 1876 3544 respondit
1905 3513 1919 3526 .
1948 3515 1961 3528 .
1995 3515 2007 3528 .
2036 3467 2237 3529 Labeo

216 3552 490 3612 Trebatii
545 3553 902 3613 sententiam
954 3554 1170 3630 probat
1207 3599 1219 3614 .
1253 3602 1264 3614 .
1297 3603 1310 3616 .
1347 3555 1503 3613 idem
1561 3558 1623 3615 et
1678 3575 1787 3631 ego
1844 3559 1905 3616 et
1947 3557 2236 3618 Proculus
