2575 3900
352 183 433 247 78
491 184 588 239 111.
618 182 769 238 GAII
800 182 1095 239 CLAUDII
1119 180 1392 237 NERON.
1415 179 1702 236 GALBAE
1721 179 1938 234 TEMP.
1957 177 2150 234 IURIS
2171 178 2357 237 CONS

976 369 1070 428 De
1112 369 1411 428 interdicto
1454 367 1750 428 Salviarw.

526 480 630 546 25.
688 479 769 544 D.
802 480 902 562 13,
934 480 991 562 7,
1024 479 1124 562 18,
1152 478 1209 542 3.
1302 477 1546 543 Paulus
1591 477 1759 543 libro
1806 479 2154 545 vicensimo
2201 500 2375 545 nono

348 570 429 635 ad
476 569 755 635 edictum
804 567 901 655 (Ρ.
929 565 1110 652 449).
1156 602 1241 613 -
1291 565 1361 631 Si
1407 566 1552 651 quis
1598 566 1868 652 caverit,
1911 571 1988 634 ut
2034 569 2201 633 silva
2247 568 2375 633 sibi

346 659 608 744 pignori
656 661 827 723 esset
868 655 966 741 <..
986 657 1067 742 .,>
1110 677 1345 721 navem
1392 677 1470 719 ex
1515 677 1592 719 ea
1635 617 1910 721 materia
1954 656 2194 722 factam
2240 678 2376 722 non

348 769 488 812 esse
534 746 795 833 pignori
834 742 1098 810 Cassius
1145 745 1255 827 ait,
1303 744 1456 828 quia
1500 743 1674 808 aliud
1722 745 1810 810 sit
1855 745 2149 829 materia,
2194 745 2375 811 aliud

349 836 552 902 navis.
621 839 687 899 et
727 835 872 900 ideo
912 833 1328 915 [nominatim
1375 833 1443 896 in
1490 833 1698 897 dando
1746 834 2046 920 pignore]
2096 834 2376 898 adicien-

349 925 499 989 dum
530 945 671 989 esse
702 924 878 1005 [ait].
908 921 1221 1006 quaeque
1250 944 1327 986 ex
1355 919 1520 1006 (ea)
1548 922 1710 987 silva
1735 921 1911 988 facta
1939 926 2177 987 natave
2198 920 2375 989 sint'.

526 1044 837 1122 Czyhlarz-
815 1041 1036 1102 -Gluck
1083 1035 1268 1102 Serie
1318 1041 1426 1101 der
1458 1041 1696 1101 Bucher
1729 1044 1809 1101 41
1842 1063 1900 1101 ιι.
1930 1037 2040 1101 42’
2067 1041 2099 1102 I
2128 1034 2369 1124 (188‘·)

350 1135 475 1194 282
500 1152 583 1208 sq.
631 1132 834 1192 Eisele
881 1132 944 1193 Z.
974 1132 1029 1192 d.
1060 1129 1445 1208 Savigny·St.
1473 1130 1622 1189 XIII
1671 1133 1794 1190 144
1818 1150 1902 1208 sq.

1120 1319 1347 1378 Damni
1389 1319 1605 1392 infecti.

524 1437 627 1502 26.
702 1437 781 1503 D.
826 1438 931 1520 39,
978 1439 1038 1521 2,
1084 1439 1189 1502 28.
1299 1435 1616 1520 Ulpianus
1689 1436 1858 1501 libro
1924 1436 2371 1522 octogensimo

345 1527 558 1611 primo
616 1527 694 1590 ad
753 1527 1032 1592 edictum
1088 1525 1186 1610 (P.
1223 1523 1442 1612 1755).
1503 1560 1579 1571 —
1639 1523 1720 1588 In
1775 1525 1896 1589 hac
1951 1524 2369 1608 stipulatione

345 1616 540 1700 venit,
588 1616 810 1700 quanti
856 1637 933 1680 ea
976 1637 1081 1679 res
1129 1615 1265 1680 erit.
1351 1619 1417 1679 et
1457 1613 1601 1678 ideo
1641 1611 1904 1679 Cassius
1943 1613 2167 1678 scribit
2203 1635 2370 1699 eum,

347 1704 458 1789 qui
521 1704 739 1769 damni
801 1703 1021 1769 infecti
1086 1703 1437 1787 stipulatus
1502 1706 1630 1787 est,
1692 1703 1748 1767 si
1803 1707 2068 1787 propter
2123 1706 2368 1767 metum

344 1794 570 1858 ruinae
618 1815 693 1857 ea
741 1792 1056 1895 aedificia,
1114 1813 1385 1877 quorum
1431 1790 1690 1855 nomine
1738 1790 1863 1855 sibi
1911 1791 2108 1876 cavit,
2159 1789 2370 1875 fulsit,

344 1883 672 1985 impensas
711 1881 845 1945 eius
882 1881 979 1945 rei
1016 1903 1093 1945 ex
1122 1881 1438 1967 stipulatu
1468 1881 1771 1965 consequi
1799 1900 2005 1964 posse.
2069 1841 2370 1965 idemque

342 1970 507 2035 iuris
555 1991 715 2053 esse,
762 1992 903 2035 cum
948 1973 1217 2055 propter
1261 1970 1490 2034 vitium
1539 1970 1897 2034 communis
1945 1968 2213 2052 parietis
2257 1969 2369 2054 qui

346 2060 521 2126 cavit
565 2059 691 2123 sibi
739 2059 955 2123 damni
1003 2059 1245 2143 infecti,
1299 2080 1562 2122 onerum
1611 2080 1832 2122 eorum
1879 2057 2368 2122 relevandorum

347 2147 580 2235 gratia,
617 2169 781 2232 quae
818 2149 887 2211 in
918 2149 1234 2232 parietem
1264 2147 1662 2230 incumbunt,
1700 2146 1992 2211 aedificia
2022 2168 2139 2210 sua
2166 2145 2367 2211 fulsit.

523 2238 627 2301 27.
668 2235 746 2300 D.
760 2236 1161 2319 39,2,15‚35.
1235 2234 1552 2319 Ulpianus
1581 2235 1749 2299 libro
1780 2236 2366 2320 quinquagensimo

345 2326 542 2390 tertio
599 2325 678 2389 ad
735 2325 1010 2389 edictum
1056 2321 1159 2411 (P.
1193 2321 1412 2410 1278).
1464 2360 1540 2371 -
1593 2322 1661 2387 Si
1717 2326 1860 2408 quis
1917 2328 2094 2388 metu
2144 2324 2369 2388 ruinae

346 2414 688 2479 decesserit
742 2415 1146 2497 possessione
1204 2414 1291 2496 [si
1346 2412 1629 2498 quidem,
1683 2434 1826 2477 cum
1879 2412 2181 2478 adiuvare
2229 2434 2366 2477 rem

343 2524 478 2567 non
522 2506 761 2587 posset,
804 2501 871 2566 id
916 2502 1119 2587 fecit],
1163 2502 1382 2567 Labeo
1431 2502 1656 2566 scribit
1699 2500 2026 2586 integrum
2070 2501 2173 2566 ius
2219 2521 2369 2565 eum

344 2592 631 2695 habere,
675 2591 939 2676 perinde
1005 2614 1079 2657 ac
1145 2594 1202 2656 si
1266 2592 1333 2655 in
1399 2591 1803 2674 possessione
1863 2593 2367 2674 perseverasset3

345 2681 530 2785 quod·
579 2682 661 2765 si,
733 2702 879 2745 cum
942 2684 1166 2764 posset
1230 2700 1624 2764 succurrere,
1688 2679 1920 2743 maluit
1983 2678 2368 2762 relinquere,

345 2771 637 2835 amisisse
667 2792 811 2834 eum
852 2770 1169 2853 praetoris
1210 2768 1603 2850 beneficium,
1638 2789 1846 2851 neque
1887 2768 1943 2832 si
1971 2770 2202 2851 postea
2229 2788 2368 2832 suc-

345 2858 512 2923 curri
560 2858 687 2923 sibi
724 2858 901 2936 velit,
948 2858 1332 2923 audiendum
1371 2880 1532 2921 eum.
1595 2854 1859 2921 Cassius
1899 2859 2112 2920 autem
2153 2856 2263 2938 ait,
2309 2856 2366 2919 si

343 2950 519 3011 metu
577 2946 803 3010 ruinae
858 2948 1218 3031 recesserit,
1279 2968 1413 3012 non
1466 2946 1589 3011 hoc
1643 2946 1858 3010 animo
1870 2995 1888 3028 ,
1949 2949 2022 3008 ut
2077 2944 2368 3009 aedificia

344 3034 844 3120 derelinqueret,
925 3035 1392 3100 restituendum
1464 3034 1535 3099 in
1613 3035 2107 3118 possessionem.
2217 3055 2366 3098 eum

342 3128 587 3203 tamen,
644 3124 753 3207 qui
799 3124 1036 3189 missus
1083 3125 1149 3188 in
1204 3124 1680 3207 possessionem
1724 3145 1856 3187 non
1903 3123 2260 3203 accesserit,
2308 3122 2367 3187 si

342 3212 633 3279 aedificia
678 3214 941 3297 ruerint,
986 3213 1363 3278 beneficium
1410 3212 1730 3296 praetoris
1778 3212 2073 3276 amisisse
2123 3210 2366 3276 scribit.

522 3332 686 3403 Quae
729 3334 903 3393 uncis
949 3333 1183 3413 inclusi,
1226 3332 1472 3392 Pernice
1517 3332 1783 3393 eicienda
1828 3333 2044 3395 censet.

520 3452 625 3519 28.
696 3452 774 3517 D.
814 3452 918 3536 39,
955 3454 1015 3534 2,
1053 3452 1157 3531 24,
1198 3452 1253 3516 8.
1363 3450 1544 3515 Idem
1612 3450 1725 3535 (sc.
1775 3449 2128 3534 Ulpianus)
2193 3448 2364 3514 libro

343 3543 787 3628 octogensimo
843 3540 1055 3625 primo
1112 3540 1192 3605 ad
1244 3538 1523 3604 edictum
1567 3537 1664 3627 (P.
1700 3537 1918 3626 1753).
1969 3576 2046 3587 —
2098 3537 2363 3605 Cassius
