2575 3900
303 152 431 217 154
459 151 550 209 111.
572 152 725 208 GAII
744 151 1039 208 CLAUDII
1056 150 1329 208 NERON.
1351 151 1638 208 GALBAE
1657 151 1878 208 TEMP.
1897 151 2089 208 IURIS
2111 151 2320 210 CONS.

1128 333 1229 399 De
1271 334 1489 400 tutelis.

477 448 579 515 60.
625 448 703 513 D.
732 450 839 533 26,
866 451 927 533 2,
948 449 1051 515 33.
1116 449 1463 515 Iavolenus
1489 449 1659 515 libro
1689 452 1915 516 octavo
1945 471 2022 514 ex
2049 449 2323 534 posteri-

296 537 519 603 oribus
594 536 935 604 Labeonis,
1004 575 1080 586 -
1151 538 1502 603 Tutoribus
1575 538 1670 602 ita
1745 537 1941 603 datis:
2015 537 2318 604 ‘Lucium

295 626 541 691 Titium
587 630 868 692 tutorem
914 627 997 692 do
1035 677 1050 692 .
1089 628 1144 692 si
1188 626 1247 691 is
1285 648 1419 691 non
1456 627 1636 709 vivit,
1679 630 1818 692 tum
1859 626 2091 692 Gaium
2128 626 2321 693 Plau-

296 716 463 780 tium
514 719 793 781 tutorem
852 715 977 801 do',
1023 716 1235 781 Titius
1289 716 1539 781 vixerat
1584 721 1650 780 et
1696 717 1970 780 tutelam
2018 720 2323 800 gesserat,

296 803 523 869 deinde
584 809 879 870 mortuus
937 809 1092 871 erat.
1201 804 1544 869 Trebatius
1603 809 1803 890 negat
1856 805 1937 870 ad
1991 804 2321 870 Plautium

296 893 619 978 pertinere
647 895 939 977 tutelam,
970 892 1187 958 Labeo
1217 897 1460 958 eontra.
1533 892 1849 958 Proculus
1885 893 2055 978 quod
2083 892 2322 959 LabeO.

477 983 581 1048 61.
629 981 706 1047 D.
727 983 833 1061 26,
861 983 921 1061 2,
944 981 1045 1062 10,
1066 983 1125 1048 3.
1180 980 1502 1065 Ulpianus
1532 982 1704 1048 libro
1733 983 2112 1067 trigensimo
2143 984 2322 1047 sexto

301 1071 382 1136 ad
422 1069 733 1136 Sabinum
771 1070 868 1156 (P.
899 1067 1123 1156 2830).
1162 1107 1245 1116 —
1285 1068 1353 1135 Si
1391 1071 1674 1136 furiosus
1711 1074 2104 1137 testamento
2143 1074 2326 1136 tutor

298 1159 512 1244 detur,
577 1159 634 1224 si
688 1160 972 1244 quidem,
1028 1182 1175 1225 eum
1228 1159 1439 1224 furere
1495 1159 1787 1244 desierit,
1840 1164 2121 1225 tutorem
2180 1181 2322 1224 esse

295 1253 469 1313 reete
527 1248 750 1313 datum
810 1247 1123 1314 Proculus
1189 1247 1536 1314 existimat.
1637 1249 1807 1332 quod
1873 1249 1928 1313 si
1989 1250 2179 1314 datus
2235 1249 2325 1313 sit

297 1359 484 1423 pure,
534 1341 730 1422 negat
775 1336 1087 1402 Proculus
1133 1338 1348 1402 valere
1397 1336 1739 1403 dationem.

477 1427 579 1492 62.
653 1431 749 1490 Ad
812 1431 1245 1508 possessionem
1311 1430 1689 1490 alienandam
1742 1431 2045 1508 pupillum
2099 1430 2320 1491 tutoris

296 1520 663 1581 auctoritate
734 1539 854 1580 non
925 1520 1194 1598 indigere
1258 1520 1552 1580 Proculus
1624 1520 1866 1580 videtur
1929 1521 2320 1581 existimasse.

297 1603 667 1670 Marcianus
724 1610 881 1668 enim
937 1602 1015 1669 D.
1052 1605 1169 1688 41,
1210 1606 1275 1680 1,
1317 1605 1394 1668 11
1458 1602 1682 1668 tradit:
1748 1601 2064 1688 ‘Pupillus
2123 1625 2322 1688 quan·

298 1698 439 1757 tum
513 1693 593 1758 ad
669 1693 1136 1779 adquirendum
1207 1714 1340 1758 non
1414 1692 1662 1778 indiget
1732 1691 1970 1758 tutoris
2046 1691 2321 1757 auetori-

298 1785 462 1865 tate3
517 1783 799 1847 alienare
854 1803 1007 1847 vero
1063 1782 1314 1846 nullam
1361 1803 1496 1846 rem
1543 1784 1761 1864 potest
1805 1781 1932 1846 nisi
1978 1786 2321 1866 praesente

297 1874 511 1936 tutore
560 1875 848 1955 auctore,
904 1874 970 1934 et
1013 1893 1097 1935 ne
1144 1870 1402 1955 quidem
1448 1871 1957 1956 possessionem,
2013 1891 2174 1954 quae
2222 1874 2324 1935 est

298 1960 617 2025 naturalis
628 2010 645 2043 ,
718 1964 793 2024 ut
853 1956 1219 2024 Sabinianis
1287 1960 1499 2025 visum
1565 1962 1691 2043 est3
1765 1981 1926 2044 quae
2001 1960 2324 2024 sententia

302 2071 455 2114 vera
501 2048 645 2115 est'.

477 2138 580 2203 63.
626 2136 707 2201 D.
740 2137 843 2218 16,
871 2137 930 2219 3,
960 2137 1065 2201 32.
1144 2133 1374 2201 Celsus
1421 2136 1587 2201 libro
1635 2135 1973 2202 undecimo
2021 2136 2323 2221 Digesto-

297 2248 440 2291 rum
488 2224 587 2311 (P.
616 2222 747 2309 91).
802 2260 877 2271 —
929 2222 1114 2301 Quod
1161 2224 1380 2289 Nerva
1431 2224 1670 2290 diceret
1716 2224 2017 2291 latiorem
2063 2225 2324 2310 eulpam

298 2315 519 2380 dolum
567 2334 734 2395 esse,
779 2311 1052 2379 Proculo
1101 2313 1508 2397 displicebat.

478 2408 549 2468 cf.
596 2406 667 2468 D.
699 2410 801 2486 27,
832 2410 890 2483 5,
923 2410 1065 2484 lpr.

478 2510 609 2575 64⁸.
665 2509 805 2574 Gai.
849 2511 904 2593 1,
945 2510 1088 2575 196.
1136 2547 1220 2557 —
1268 2508 1542 2575 Masculi
1571 2560 1586 2574 .
1618 2559 1632 2574 .
1661 2531 1809 2575 cum
1859 2510 2133 2594 puberes
2179 2530 2324 2573 esse

301 2600 685 2685 coeperint,¹
719 2600 925 2664 tutela
979 2599 1337 2665 liberantur
1373 2648 1388 2665 .
1419 2649 1435 2665 .
1461 2649 1476 2666 .
1516 2599 1804 2663 diversae
1862 2598 2117 2663 scholae
2174 2618 2322 2663 auc-

297 2692 473 2754 tores
539 2688 723 2754 annis
786 2692 1023 2772 putant
1076 2690 1485 2772 pubertatem
1541 2687 2036 2771 aestimandam,
2101 2685 2166 2750 id
2223 2689 2325 2751 est

300 2798 444 2843 eum
509 2779 812 2860 puberem
870 2799 1010 2842 esse
1065 2778 1467 2862 existimant,
1531 2775 1685 2860 <qui
1739 2775 1898 2840 XIV
1958 2798 2160 2841 annos
2217 2796 2322 2839 ex-

349 2866 563 2947 levit).

298 2888 342 2949 P
481 2953 616 3019 64¹².
670 2952 820 3036 Ulp.
853 2953 955 3036 11,
983 2952 1087 3017 28.
1138 2987 1213 2998 -
1265 2950 1656 3017 Liberantur
1709 2953 1919 3018 tutela
1965 2952 2235 3017 maseuli
2265 3002 2280 3016 .
2307 3002 2326 3019 .

300 3042 661 3126 pubertate.
716 3041 1026 3125 puberem
1068 3045 1283 3104 autem
1313 3090 1329 3106 .
1359 3089 1374 3105 .
1403 3090 1418 3105 .
1447 3040 1667 3106 dieunt
1695 3090 1710 3105 .
1739 3092 1753 3107 .
1783 3092 1797 3107 .
1829 3040 2234 3107 Proculeiani
2263 3091 2278 3106 .
2309 3090 2326 3104 .

302 3153 475 3214 eum,
523 3131 633 3213 qui
681 3127 1193 3213 quattuordecim
1242 3150 1447 3195 annos
1494 3130 1790 3213 explevit.

1140 3306 1243 3372 De
1283 3307 1491 3389 furtis.

480 3421 582 3490 65.
640 3421 719 3486 D.
763 3422 863 3507 17,
904 3422 961 3509 1,
999 3424 1103 3506 22,
1143 3425 1198 3488 7.
1289 3422 1529 3490 Paulus
1584 3424 1752 3489 libro
1801 3423 2178 3507 trigensimo
2227 3444 2323 3487 se-

302 3513 510 3580 eundo
563 3512 643 3579 ad
691 3512 971 3579 edictum
1019 3511 1115 3599 (P.
1144 3509 1328 3599 487).
1372 3550 1446 3560 -
1491 3512 1561 3579 Si
1608 3513 1728 3579 tibi
1776 3516 2032 3578 centum
2071 3512 2324 3595 deder0,
