2575 3900
349 164 481 229 466
552 165 619 220 V.
656 163 954 219 NERVAE
991 164 1085 217 ET
1121 164 1425 219 TRAIANI
1460 163 1674 218 ΤΕΜΡ.
1710 161 1900 217 IURIS
1938 160 2325 252 CONSULTI.

341 328 656 410 extitisset,
698 329 1003 409 inemptus
1045 328 1231 411 fieret,
1274 333 1332 392 et
1373 329 1431 393 is
1474 327 1586 392 tibi
1630 326 1894 391 traditus
1935 330 2025 390 est
2067 330 2127 390 et
2148 331 2383 408 postea

342 417 614 482 condicio
658 417 1015 497 emptionem
1059 418 1326 500 resolvit,
1379 422 1628 498 tempas,
1671 435 1789 496 quo
1832 415 2005 497 apud
2042 419 2381 497 emptorem

339 506 487 588 fnit,
523 506 794 570 accedere
827 507 1125 570 venditori
1159 506 1363 570 debere
1396 505 1695 587 existimo,
1730 505 2024 585 qnoniam
2056 523 2123 568 eo
2152 525 2385 585 ⁸qenere

342 599 506 658 retro
550 599 692 658 acta
735 595 997 658 venditio
1042 599 1192 659 esset
1231 594 1623 659 redhibitioni
1664 593 1909 671 similiS,
1956 593 2030 656 in
2070 613 2199 673 qua
2242 614 2381 658 non

342 683 550 748 dubito
606 688 838 766 tempus
885 684 1015 747 eins
1058 684 1167 765 qui
1208 682 1581 748 redhibuerit
1620 683 1925 747 venditori
1966 701 2381 764 accessurum,

341 773 639 854 quoniam
673 772 1076 856 (quamquam
1088 771 1157 855 ,2)
1193 792 1264 834 ea
1300 771 1563 837 venditio
1582 771 1839 852 proprie
1864 771 1987 836 dici
2010 790 2138 849 non
2154 775 2381 852 potest.

917 982 1017 1049 De
1059 984 1375 1049 verborum
1420 983 1798 1066 obliyatione.

519 1109 580 1173 4.
626 1107 706 1172 D.
739 1108 839 1186 17,
872 1111 928 1190 1,
956 1107 1060 1172 52.
1140 1108 1320 1173 Idem
1369 1106 1484 1195 (sc.
1520 1106 1893 1191 Iavolenus)
1940 1106 2113 1171 libro
2152 1108 2377 1191 primo

342 1197 811 1281 Epistularum.
847 1233 935 1243 —
973 1197 1095 1278 Qui
1106 1195 1128 1233 ¹
1169 1198 1302 1262 sine
1336 1197 1666 1261 adiectione
1701 1197 1991 1261 bonitatis
2028 1197 2223 1261 tritici
2245 1217 2375 1278 pro

340 1288 537 1352 altero
583 1286 856 1350 triticum
898 1288 1238 1368 spopondit,
1281 1285 1586 1368 quodlibet
1628 1286 1901 1349 triticum
1944 1286 2153 1350 dando
2191 1306 2376 1350 reum

343 1375 606 1440 liberare
640 1394 821 1455 posse
861 1375 1175 1452 existimo;
1221 1395 1264 1437 a
1306 1394 1408 1439 reo
1452 1377 1658 1438 autem
1702 1394 1825 1437 non
1869 1374 2051 1438 aliud
2093 1374 2379 1438 triticum

341 1468 603 1545 repetere
646 1464 896 1546 poterit,
949 1483 1136 1544 quam
1188 1483 1305 1545 quo
1349 1463 1617 1544 pessimo
1672 1464 1871 1527 tritico
1917 1462 2175 1526 liberare
2220 1483 2285 1527 se
2330 1484 2376 1526 a

341 1552 703 1634 stipulatore
765 1552 953 1617 licuit.
1043 1553 1247 1633 itaque
1306 1553 1367 1616 si
1420 1556 1683 1632 paratus
1733 1551 1927 1632 fuerit
1975 1571 2144 1635 reus,
2208 1553 2383 1632 quod

339 1641 546 1705 dando
607 1641 736 1721 ipse
797 1642 1084 1705 creditori
1147 1640 1401 1705 liberari
1455 1641 1682 1721 potnit,
1747 1641 2042 1722 sponsori
2099 1640 2254 1704 dare
2317 1646 2379 1704 et

343 1724 648 1812 sponsor²
691 1730 761 1793 id
801 1730 962 1811 quod
1002 1730 1248 1808 dederit,
1294 1730 1364 1794 id
1403 1733 1492 1793 est
1522 1729 1741 1793 melius
1777 1729 2051 1793 triticum
2086 1730 2383 1814 condicet,

340 1819 684 1899 exceptione
727 1838 864 1882 enm
907 1819 1036 1883 doli
1079 1817 1235 1882 mali
1277 1818 1645 1882 summoveri
1686 1818 1981 1882 existimo.

517 1936 703 1997 Lenel
755 1939 953 1998 notat:
1017 1932 1202 1998 ‘haud
1255 1938 1379 1998 scio
1436 1958 1514 1997 an
1565 1936 1885 1999 Iavolenus
1939 1939 2052 1998 hoc
2107 1937 2240 1998 loco
2297 1938 2383 1999 de

343 2026 585 2103 depensi
631 2027 864 2088 actione
910 2029 1127 2104 egerit,
1172 2046 1295 2087 non
1338 2029 1411 2087 de
1457 2022 1869 2088 condictione’.

518 2136 579 2202 5.
619 2136 695 2200 D.
717 2138 818 2220 12,
843 2140 898 2220 1,
919 2137 1022 2202 36.
1091 2136 1431 2201 Iavolenus
1461 2137 1629 2202 libro
1657 2138 1868 2221 primo
1896 2138 2377 2222 Epistularum.

341 2262 428 2272 —
475 2226 839 2311 Pecuniam,
882 2247 1070 2308 quam
1114 2226 1270 2290 mihi
1313 2226 1447 2290 sine
1490 2227 1837 2291 condicione
1878 2226 2143 2303 debebas,
2190 2228 2379 2292 iussu

339 2335 471 2379 meo
516 2316 857 2396 promisisti
898 2315 1073 2379 Attio
1121 2315 1232 2380 snb
1278 2316 1637 2380 condicione.
1709 2335 1848 2380 cum
1884 2317 2181 2399 pendente
2224 2336 2373 2380 con-

341 2404 580 2469 dicione
630 2405 701 2468 in
755 2424 821 2468 eo
873 2408 1038 2467 statu
1081 2404 1168 2468 sit
1211 2402 1495 2485 obliyatio
1542 2409 1651 2468 tua
1694 2406 1988 2471 adversus
2032 2424 2153 2487 me,
2211 2408 2374 2470 tam-

341 2512 529 2574 quam
573 2493 684 2557 sub
728 2493 1105 2558 contrariam
1149 2492 1559 2557 condicionem
1603 2513 1740 2556 eam
1779 2493 1936 2558 mihi
1970 2494 2376 2575 spopondisti,

339 2582 399 2645 si
429 2583 730 2664 pendente
772 2580 1118 2646 condicione
1149 2584 1397 2664 petam,-
1430 2602 1518 2645 an
1561 2580 1725 2645 nihil
1768 2586 2022 2647 acturus
2064 2580 2250 2647 sum?

514 2670 886 2752 Respondit:
941 2690 1066 2734 non
1109 2669 1342 2750 dubito,
1396 2671 1549 2751 quin
1593 2668 1642 2753 [
1632 2690 1695 2733 m
1685 2669 1808 2753 ]ea
1839 2671 2129 2753 pecunia,
2174 2690 2376 2753 quam

338 2759 470 2839 ipse
519 2762 655 2823 sine
696 2758 1044 2823 condicione
1086 2758 1422 2839 stipulatas
1464 2778 1629 2841 sum,
1682 2757 1945 2842 [etiam]
1988 2760 2049 2823 si
2091 2760 2371 2824 condicio

336 2847 410 2909 in
441 2866 714 2929 persona
750 2846 934 2931 Attii,
978 2847 1088 2927 qui
1131 2866 1207 2911 ex
1240 2866 1378 2910 mea
1413 2847 1724 2911 voluntate
1757 2849 2009 2912 eandem
2032 2849 2375 2930 pecuniam

336 2933 450 2998 snb
503 2936 851 2999 condicione
903 2934 1234 3015 stipulatus
1285 2940 1398 3018 est,
1450 2955 1576 2999 non
1622 2936 1911 3013 extiterit,
1967 2937 2201 3001 credita
2243 2956 2381 3001 esse

324 3027 695 3105 permaneat
701 3043 723 3099 ,·
756 3023 1016 3105 perinde
1058 3027 1147 3087 est
1183 3024 1366 3105 enim,
1409 3044 1487 3088 ac
1516 3025 1577 3088 si
1610 3024 1789 3088 nulla
1822 3025 2143 3106 stipulatio
2178 3027 2369 3089 inter-

337 3110 610 3175 venisset.
696 3112 994 3193 pendente
1053 3117 1258 3176 autem
1311 3132 1501 3177 cansa
1552 3113 1924 3178 condicionis
1968 3114 2130 3178 idem
2163 3118 2376 3196 petere

335 3218 464 3263 non
496 3218 770 3282 possum,
815 3200 1127 3281 quoniam,
1172 3221 1312 3265 cum
1356 3202 1653 3265 incertum
1686 3202 1787 3282 sit,
1831 3222 1920 3265 an
1955 3222 2029 3267 ex
2064 3223 2139 3268 ea
2172 3203 2381 3283 stipu-

333 3286 572 3359 latione
614 3286 815 3351 deberi
843 3289 1070 3371 possit,
1115 3293 1255 3353 ante
1302 3294 1534 3370 tempus
1567 3294 1771 3372 petere
1812 3291 2036 3355 videor.

483 3462 511 3510 1
557 3457 711 3514 Trib.
749 3458 1126 3514 fideiussorem
1167 3459 1217 3514 si
1252 3462 1492 3516 restituit
1528 3463 1829 3519 orationem
1863 3464 2111 3519 Pernice.

480 3535 513 3582 2
556 3528 706 3584 Trio.
745 3529 1060 3585 fideiussori
1094 3537 1147 3586 et
1181 3530 1489 3586 fideiussor.
