2575 3900
804 206 853 257 c.
899 199 1319 257 IAVOLENUS
1355 200 1653 257 Pmscus
2106 180 2238 267 425

398 362 504 428 94.
563 363 641 429 D.
679 363 834 429 ibid.
872 367 913 446 ξ
958 367 1011 429 1.
1071 396 1151 411 -
1207 365 1509 430 Fundam
1552 366 1629 430 ab
1674 385 1740 430 eo
1784 365 2009 446 emisti,
2062 366 2238 432 cuius

215 452 346 535 filii
394 456 611 555 postea
673 454 924 519 tutelam
985 453 1415 535 administras,
1477 474 1586 519 nec
1644 474 1905 519 vacuam
1957 454 2239 537 accepisti

203 542 665 623 possessionem.
747 543 887 608 dixi
930 544 1165 607 &odere
1211 547 1264 607 te
1310 504 1421 607 tibi
1442 544 1883 625 possessionem
1916 542 2028 608 hoc
2060 544 2238 608 modo

201 649 403 713 posse,
449 635 521 695 ut
549 631 836 713 pupillus
877 636 936 696 et
972 632 1228 712 familia
1271 633 1405 697 eius
1447 633 1689 697 decedat
1720 634 1793 698 de
1833 631 2049 713 fundo,
2095 637 2239 697 amc

216 725 462 785 demum
507 724 575 784 tu
618 720 994 805 inqrediaris
1023 722 1485 804 possessionem.

399 807 504 873 95.
557 806 637 873 D.
674 808 826 873 ibid.
865 811 906 889 ξ
943 810 1003 873 2.
1052 846 1134 857 --
1190 808 1316 913 Qui
1368 809 1639 891 fundum
1690 830 1765 875 ea
1820 810 1941 893 leye
1994 813 2238 895 emerat,

213 900 290 962 ut
320 896 522 962 soluta
549 898 814 979 pecunia
850 898 1191 963 traderetur
1225 899 1282 963 ei
1306 900 1627 982 possessio,
1661 898 1894 964 duobus
1923 898 2242 964 heredibus

213 985 444 1051 relictis
486 987 748 1051 decessit.
828 987 889 1052 si
929 1006 1096 1051 unus
1139 1008 1379 1052 omnem
1412 987 1744 1070 pecuniam
1786 988 2049 1071 solverit,
2082 1008 2239 1070 par-

217 1078 340 1139 tem
372 1075 658 1155 familiae
691 1074 1122 1141 herciscundae
1155 1077 1383 1141 iudicio
1417 1076 1683 1142 servabit
1690 1097 1714 1154 ,·
1752 1097 1876 1158 nec,
1911 1078 1971 1141 si
1990 1081 2241 1159 partem

213 1162 439 1242 solvat,
495 1183 569 1228 ex
622 1168 818 1246 empto
870 1185 1007 1229 cum
1060 1166 1368 1231 venditore
1418 1170 1577 1251 ayet‚
1630 1166 1925 1249 quoniam
1967 1167 2057 1231 ita
2100 1186 2238 1231 con·

218 1256 483 1317 tractum
526 1272 631 1317 aes
673 1254 948 1318 alienum
993 1254 1190 1319 dividi
1229 1274 1359 1319 non
1390 1257 1610 1336 pomit.

398 1340 504 1406 96.
559 1340 639 1406 D.
667 1342 820 1407 ibid.
850 1345 890 1421 ἓ
919 1342 979 1407 3.
1021 1378 1096 1389 -
1137 1342 1488 1408 Frumenta
1529 1363 1686 1425 quae
1722 1344 1793 1408 in
1827 1342 2028 1408 herbis
2062 1347 2244 1407 erant

218 1449 360 1495 cum
421 1431 811 1514 vendidisses,
875 1431 1092 1497 dixisti
1156 1436 1236 1515 te,
1300 1433 1359 1497 si
1418 1432 1572 1514 quid
1619 1432 1684 1497 vi
1736 1436 1850 1496 aut
1900 1435 2243 1515 tempestate

214 1517 453 1599 factum
506 1524 680 1604 esset,
720 1525 1205 1602 praestaturum.
1269 1540 1344 1585 ea
1393 1521 1709 1601 frumenta
1752 1520 1921 1585 nives
1964 1540 2241 1602 corrupe-

225 1610 406 1685 runt;
469 1609 528 1673 si
582 1609 1020 1674 immoderatae
1068 1609 1327 1689 fuerunt
1378 1614 1435 1673 et
1486 1614 1700 1674 contra
1753 1610 2242 1675 consuetudinem

223 1697 616 1780 tempestatis,
660 1697 768 1780 aqi
812 1702 1004 1764 tecum
1047 1718 1124 1763 ex
1167 1702 1364 1781 empto
1397 1698 1639 1780 poterit.

895 1880 989 1939 De
1033 1884 1279 1956 emptore
1326 1882 1576 1941 liberato.

400 1989 504 2054 97.
561 1989 638 2055 D.
671 1989 771 2067 19,
805 1998 860 2071 1,
888 1990 991 2056 50.
1073 1990 1291 2058 Labeo
1336 1992 1501 2057 libro
1540 1996 1770 2076 quarto
1809 1992 2243 2077 posteriorum

225 2100 265 2143 a
317 2077 620 2144 Iavoleno
679 2080 1192 2164 epitomatorum.
1240 2117 1326 2126 —
1374 2081 1564 2146 Bona
1616 2082 1769 2165 fides
1824 2102 1949 2146 non
1982 2081 2242 2164 patitur,

221 2171 307 2246 ut,
351 2188 492 2233 cum
534 2173 766 2251 emptor
810 2169 1076 2235 alicuius
1121 2168 1268 2252 leyis
1304 2170 1586 2252 beneficio
1613 2171 1947 2252 pecuniam
1982 2171 2074 2234 rei
2106 2189 2245 2233 ven-

221 2257 389 2321 ditae
442 2257 646 2322 debere
697 2259 946 2322 desisset
987 2262 1317 2340 antequam
1360 2279 1459 2324 res
1504 2260 1561 2323 ei
1604 2261 1915 2338 tradatur,
1968 2258 2269 2350 venditor⁹

221 2346 461 2410 tradere
504 2346 900 2427 compellatur
944 2351 1002 2411 et
1041 2367 1110 2411 re
1151 2367 1269 2412 sua
1315 2353 1560 2412 careret.
1627 2348 2006 2430 possessione
2039 2351 2245 2412 autem

223 2434 459 2497 tradita
527 2435 816 2515 futurum
882 2441 994 2513 est,
1065 2440 1139 2500 ut
1196 2457 1326 2500 rem
1389 2436 1488 2517 <et
1537 2436 1909 2519 pecuniam>
1970 2436 2246 2500 venditor

222 2541 410 2603 aeque
470 2524 798 2606 amitteret,
860 2529 1061 2605 utpote
1122 2545 1260 2588 cum
1314 2527 1543 2607 petenti
1600 2545 1737 2589 eam
1789 2544 1919 2588 rem
1972 2522 2247 2609 <emptor

223 2611 623 2692 exceptionem
675 2613 768 2676 rei
819 2613 1095 2676 venditae
1146 2618 1204 2677 et
1257 2615 1523 2679 traditae
1575 2634 1870 2717 opponere
1904 2615 2102 2695 possit
2138 2633 2248 2678 nec

209 2699 473 2783 perinde
515 2701 623 2782 sit,
671 2703 855 2782 quasi
898 2721 1033 2764 eam
1077 2703 1248 2785 rem>
1282 2703 1511 2783 petitor
1554 2705 1610 2767 ei
1652 2723 1841 2786 neque
1884 2703 2249 2768 vendidisset

222 2809 413 2871 neque
457 2789 823 2854 tradidisset.

793 2946 892 3014 De
938 2949 1229 3015 locatione
1273 2951 1677 3016 conductione.

827 3107 833 3114 -
958 3070 1052 3129 De
1097 3072 1268 3130 domu
1315 3073 1517 3131 locata.

402 3170 505 3236 98.
551 3167 630 3236 D.
666 3170 763 3256 19,
792 3172 852 3254 2,
882 3172 984 3238 28.
1068 3171 1283 3237 Labeo
1331 3172 1500 3237 libro
1548 3178 1778 3258 quarto
1815 3173 2244 3254 posteriorum

227 3260 731 3343 epitomatorum
779 3282 817 3325 a
852 3259 1178 3327 IavolenO.
1223 3297 1297 3308 —-
1351 3261 1529 3342 Quod
1568 3262 1626 3327 si
1670 3263 1839 3327 domi
1872 3261 2247 3328 habitatione

223 3349 548 3414 conductor
600 3369 786 3430 aeque
835 3369 986 3414 usus
1035 3349 1279 3432 fuisset,
1333 3348 1570 3435 parti&
1624 3352 1812 3415 etiam
1856 3352 1986 3416 eius
2030 3354 2247 3416 domus

215 3437 548 3503 'mercedem
558 3487 576 3522 ,
620 3457 776 3518 quae
819 3439 1036 3502 vitium
1074 3438 1341 3520 fecisset,
1384 3439 1584 3504 deberi
1614 3444 1817 3521 putat.

370 3581 398 3628 1
440 3573 539 3630 Fz.
574 3577 1001 3645 praestaturum.
