2575 3900
876 183 921 230 5.
975 177 1253 233 SEXTUS
1291 175 1550 232 PEDIUS
2138 176 2220 241 87

194 341 456 406 etiamsi
506 341 667 405 alius
716 346 959 405 metum
1006 339 1187 426 fecit3
1236 361 1388 404 nam
1434 340 1504 404 in
1551 340 1818 404 alterius
1863 340 2221 423 praemium

194 431 363 495 verti
410 430 689 494 alienum
738 433 981 494 met-um
1026 451 1158 494 non
1206 433 1481 512 oportet.

996 585 1083 641 De
1118 587 1242 640 dolo
1276 586 1435 640 malo.

381 687 483 752 12.
541 686 619 752 Ι).
666 688 727 768 4,
770 686 827 764 3,
877 689 932 763 1,
973 685 1033 749 4.
1133 684 1454 770 Ulpianus
1516 684 1684 749 libro
1745 685 2081 750 undecimo
2143 684 2225 749 ad

194 775 480 840 edictum
534 771 633 860 (P.
672 772 879 861 385⁸).
935 811 1019 821 —
1079 775 1193 839 Ait
1246 781 1535 858 praetor:
1601 771 1682 838 ‘si
1738 773 1817 839 de
1871 773 1973 838 his
2028 773 2221 838 rebus

194 863 327 929 alia
376 864 551 929 actio
596 886 728 929 non
776 862 942 930 erit'.
1023 864 1257 928 merito
1305 867 1568 946 praetor
1614 863 1708 927 ita
1753 862 2006 927 demum
2055 863 2222 928 hanc

196 955 521 1018 actionem
576 951 945 1038 pollicetur,
1000 953 1057 1016 si
1115 952 1244 1016 alia
1291 973 1420 1016 non
1465 952 1570 1029 sit,
1621 952 1924 1035 quoniam
1970 951 2222 1016 famosa

194 1041 370 1107 actio
432 1063 566 1107 non
628 1044 869 1105 temere
935 1040 1159 1105 debuit
1222 1063 1263 1104 a
1325 1045 1623 1124 praetore
1679 1039 1960 1124 decerni,
2025 1041 2080 1104 si
2137 1040 2224 1104 sit
2290 1039 2298 1047 '

194 1129 413 1195 civilis
462 1130 564 1194 vel
609 1129 978 1214 honoraria,
1025 1151 1153 1215 qua
1198 1129 1410 1213 possit
1454 1129 1746 1212 experiri,
1791 1150 1996 1213 usque
2045 1128 2223 1210 aden,

199 1223 275 1282 ut
321 1218 560 1283 Pedius
605 1219 772 1283 libro
823 1224 1055 1283 octavo
1102 1215 1408 1299 scribat²,
1462 1217 1658 1282 etiam
1707 1218 1760 1281 si
1808 1216 2221 1282 interdictum

199 1311 291 1372 sit
334 1329 463 1391 quo
512 1308 653 1392 quis
702 1307 994 1391 experiri,
1041 1308 1141 1371 vel
1189 1306 1479 1390 exceptio
1519 1327 1646 1390 qua
1681 1327 1751 1370 se
1790 1306 1960 1371 tueri
1997 1307 2224 1392 possit,

192 1418 451 1461 cessare
492 1395 618 1460 hoc
664 1394 963 1462 edictum.

382 1485 484 1551 13.
529 1482 609 1550 D.
640 1485 699 1567 6,
730 1484 787 1566 1,
818 1485 877 1547 7.
963 1484 1143 1548 Idem
1194 1481 1308 1567 (sc.
1353 1479 1624 1569 Paulus)
1671 1483 1838 1548 libro
1885 1482 2220 1549 undecimo

194 1574 274 1639 ad
332 1574 614 1638 edictum
670 1573 769 1658 (P.
808 1569 986 1660 214).
1046 1609 1123 1618 —-
1185 1570 1254 1636 Si
1310 1571 1395 1652 is,
1455 1572 1566 1658 qui
1621 1571 1865 1655 optulit
1918 1593 1986 1636 se
2041 1573 2223 1636 fundi

192 1661 649 1746 vindicationi,
697 1662 1040 1726 damnatus
1090 1664 1206 1745 est,
1250 1659 1459 1726 nihilo
1506 1660 1719 1725 minus
1767 1683 1805 1724 a
1850 1682 2221 1745 possessore

190 1756 365 1816 recte
411 1751 684 1837 petitur,
730 1751 899 1815 sicut
943 1749 1175 1815 Pedius
1224 1749 1336 1814 ait.

795 1907 895 1964 Ex
930 1908 1127 1979 quibus
1162 1907 1346 1963 causis
1379 1906 1626 1963 maiores.

377 2009 478 2074 14.
507 2009 913 2095 D.41,3,8‚1.
953 2005 1194 2073 Paulus
1223 2008 1392 2072 libro
1421 2007 1798 2073 duodecimo
1830 2007 1908 2070 ad
1938 2008 2217 2072 edictum

188 2096 292 2186 (P.
330 2096 512 2186 232).
564 2136 638 2147 -
692 2148 706 2163 .
744 2148 759 2164 .
798 2121 967 2180 eum,
1024 2098 1132 2182 qui
1187 2120 1306 2162 suo
1351 2096 1613 2162 nomine
1658 2096 1823 2160 nihil
1868 2118 2220 2181 usucapere

188 2192 427 2273 potest,
472 2209 553 2252 ne
599 2210 712 2272 per
760 2209 1015 2251 servum
1064 2186 1320 2271 quidem
1367 2207 1560 2271 posse
1603 2184 1838 2249 Pedius
1886 2185 2130 2250 scribit.

370 2298 534 2357 Num
569 2299 714 2358 haec
751 2298 869 2357 duo
906 2298 1245 2376 fragmenta
1280 2296 1422 2356 libri
1448 2295 1600 2355 VIII
1636 2295 1878 2374 fuerint,
1914 2314 2036 2355 non
2072 2297 2218 2357 satis

186 2390 443 2448 constat.

900 2502 1116 2561 Liber
1160 2500 1519 2559 IX—XIV‘?

513 2609 601 2664 De
637 2610 967 2664 alienatione
1001 2609 1202 2663 iudicii
1236 2608 1494 2662 mutandi
1529 2622 1698 2661 causa
1732 2607 1901 2673 facta.

378 2708 477 2775 15.
524 2708 602 2773 D.
629 2710 693 2789 4,
724 2712 780 2794 7,
807 2712 870 2793 4,
898 2710 958 2775 2.
1040 2706 1365 2791 Ulpianus
1410 2706 1578 2771 libro
1617 2704 1812 2770 tertio
1851 2704 2098 2769 decimo
2137 2706 2217 2770 ad

191 2797 473 2862 edictum
519 2794 617 2883 (P.
648 2795 825 2886 447).
866 2834 950 2844 —
991 2796 1225 2861 Pedius
1270 2795 1437 2860 libro
1482 2816 1652 2859 nono
1698 2813 1831 2859 non
1879 2794 2088 2858 solum
2137 2793 2216 2859 ad

191 2886 466 2951 dominii
500 2888 992 2951 translationem
1029 2886 1150 2951 hoc
1178 2884 1461 2949 edictum
1489 2884 1812 2968 pertinere
1843 2883 1954 2967 ait,
1991 2905 2216 2949 verum

191 2976 274 3039 ad
347 2976 783 3059 possessionis
849 2996 1128 3061 quoque:
1210 2974 1492 3056 alioquin
1555 2994 1693 3038 oum
1755 2994 1872 3055 quo
1943 2974 2014 3037 in
2086 2994 2217 3039 rem

197 3065 515 3150 ayebatwr,
557 3066 794 3149 inquit,
837 3066 895 3130 si
932 3065 1305 3147 possessione
1347 3064 1536 3147 cessit,
1580 3082 1708 3128 non
1753 3063 2062 3127 tenebitur.

818 3220 930 3291 Qui
962 3222 1259 3277 arbitrium
1293 3221 1603 3291 receperint.

376 3321 478 3385 16.
523 3318 604 3384 D.
631 3322 693 3402 4,
723 3321 781 3401 8,
814 3322 962 3404 7pr.
1034 3318 1358 3405 Ulpianus
1404 3321 1571 3385 libro
1610 3320 1806 3384 tertio
1846 3320 2093 3385 decimo
2134 3321 2214 3384 ad

190 3408 477 3474 edictum
525 3404 623 3495 (P.
652 3407 858 3496 453⁰).
902 3445 979 3456 —
1020 3409 1255 3475 Pedius
1302 3409 1468 3474 libro
1506 3430 1679 3473 nono
1719 3412 1785 3472 et
1821 3407 2215 3492 Pomponius

338 3553 367 3599 1
410 3547 505 3603 Fz.
542 3548 609 3601 ut
644 3552 702 3602 ct
739 3589 752 3602 .
784 3589 797 3602 .
829 3590 839 3603 .
880 3548 1090 3603 scribit.
