2575 3900
951 207 999 258 5.
1047 200 1282 257 'I'I'ITUS
1318 200 1585 257 ARISTO
2141 204 2272 268 393

247 388 404 431 nam
443 366 498 430 si
538 364 699 449 quis,
739 364 966 451 inquit,
1000 364 1272 431 fundum
1314 365 1475 430 mihi
1512 365 1868 430 vendiderit
1904 368 1971 430 et
2002 366 2273 432 necdum

254 454 602 519 tradiderit
646 458 712 520 et
756 453 1032 537 vicinus,
1080 476 1226 519 cum
1272 476 1433 538 opus
1478 454 1688 520 faeere
1734 455 1927 521 vellet
1972 458 2038 519 et
2082 456 2275 521 sciret

251 565 357 607 me
420 543 654 609 emisse
719 546 785 607 et
845 544 916 608 in
977 543 1176 609 fundo
1233 543 1505 628 morari,
1568 544 1729 609 mihi
1785 544 2273 628 denuntiaverit,

252 653 394 697 esse
451 654 596 696 eum
642 634 856 696 tutum
902 631 1220 717 futurum,
1277 632 1448 717 quod
1496 633 1578 697 ad
1626 633 2056 717 suspicionem
2103 632 2272 698 clam

249 719 410 787 facti
458 720 671 806 operis
716 720 1091 806 pertineret.

945 881 1044 947 De
1077 883 1306 947 damno
1350 882 1583 963 infecto,

433 988 535 1053 64.
609 952 688 1052 D.
735 988 840 1072 39,
886 988 947 1073 2,
993 988 1097 1053 28.
1206 988 1529 1071 Ulpianus
1594 988 1761 1053 libro
1828 988 2272 1073 octogensimo

251 1076 466 1159 primo
525 1075 604 1140 ad
662 1077 941 1143 edictum
997 1073 1097 1163 (P.
1140 1074 1358 1164 1755).
1408 1114 1489 1125 -
1547 1077 1625 1141 In
1676 1077 1800 1143 hac
1854 1078 2274 1163 stipulatione

255 1165 455 1246 venit,
499 1166 724 1249 quanti
770 1187 848 1230 ea
891 1187 995 1231 res
1041 1166 1176 1231 erit.
1261 1171 1326 1231 et
1361 1167 1503 1231 ideo
1543 1164 1807 1231 Cassius
1846 1165 2072 1231 scribit
2109 1189 2275 1251 eum,

254 1253 368 1355 qui
434 1252 649 1318 damni
713 1255 939 1320 infecti
1003 1255 1353 1340 stipulatus
1410 1257 1535 1340 est,
1601 1256 1656 1320 si
1711 1260 1977 1342 propter
2029 1260 2275 1322 metum

254 1342 483 1407 ruinae
530 1364 610 1407 ea
655 1343 969 1428 aedificia,
1029 1366 1302 1429 quorum
1346 1343 1605 1409 nomine
1654 1344 1779 1408 sibi
1824 1344 2020 1429 cavit,
2072 1343 2276 1428 fulsit,

256 1430 583 1533 impensas
621 1431 758 1497 eius
794 1433 887 1497 rei
926 1455 1003 1497 ex
1033 1433 1347 1517 stipulatu
1374 1433 1677 1517 consequi
1708 1454 1915 1515 posse.
1975 1433 2278 1518 idemque

255 1520 414 1583 iuris
461 1541 617 1605 esse,
669 1543 812 1586 cum
859 1524 1124 1607 propter
1172 1520 1400 1587 vitium
1448 1521 1806 1587 communis
1853 1522 2117 1604 parietis
2165 1523 2276 1606 qui

259 1608 439 1674 cavit
483 1609 608 1674 sibi
656 1610 872 1675 damni
917 1611 1159 1693 infecti,
1206 1631 1471 1675 onerum
1518 1632 1740 1675 eorum
1785 1610 2274 1675 relevandorum

257 1697 492 1782 gratia,
529 1720 692 1783 quae
728 1699 798 1763 in
833 1700 1145 1784 parietem
1175 1699 1577 1782 incumbunt,
1614 1698 1900 1764 aedificia
1928 1721 2045 1764 sua
2072 1699 2276 1767 fulsit.

255 1786 328 1850 in
375 1787 598 1851 eadem
644 1809 839 1853 causa
886 1793 986 1852 est
1031 1788 1488 1853 detrimentum
1525 1809 1781 1873 quoque
1818 1792 2085 1873 propter
2120 1788 2275 1853 emi-

253 1875 618 1960 grationem
673 1877 1163 1963 inquilinorum,
1218 1877 1390 1962 quod
1446 1898 1525 1941 ex
1576 1878 1749 1942 iusto
1807 1883 1984 1943 metu
2027 1876 2273 1942 factum

254 1967 374 2030 est.
453 1959 681 2036 Aristo
730 1970 990 2032 autem.
1065 1967 1325 2050 ‚adicit‚
1373 1967 1564 2033 sicuti
1610 1967 1717 2031 hic
1755 1967 1958 2052 exigit
1994 1965 2273 2050 Cassius,

252 2057 328 2118 ut
377 2054 434 2118 si
477 2052 646 2140 (iis)
690 2055 899 2121 iustus
947 2060 1155 2121 metus
1202 2055 1532 2140 migrandi
1577 2077 1838 2121 causam
1884 2056 2274 2140 praebuerit,

253 2142 351 2206 ita
387 2143 458 2207 in
497 2143 632 2208 eius
671 2166 1012 2227 personam
1051 2145 1162 2230 qui
1197 2144 1386 2209 fulsit
1412 2144 1634 2210 eadem
1666 2142 1960 2210 Cassium
1987 2142 2276 2209 adicerel

257 2231 581 2316 debuisse,
629 2233 684 2297 si
731 2233 906 2299 iusto
953 2238 1131 2299 metu
1176 2234 1403 2298 ruinae
1446 2233 1675 2299 fulcire
1721 2238 1983 2299 coactus
2030 2237 2145 2298 est.

1019 2417 1120 2475 IV.
1169 2463 1182 2476 .
1213 2463 1225 2474 .
1258 2458 1273 2474 .
1311 2415 1513 2475 liber.

433 2537 615 2600 Liber
667 2539 996 2616 AristoniS‚
1057 2559 1236 2617 quem
1291 2537 1521 2599 Gellius
1578 2531 1663 2620 (v.
1709 2531 1896 2620 infra)
1956 2538 2271 2619 significat,

259 2625 537 2687 similiter
625 2632 806 2705 atque
890 2628 1094 2688 Sabini
1177 2628 1332 2687 liber
1412 2627 1484 2686 de
1565 2627 1746 2687 furtis
1830 2646 2004 2704 quem
2093 2645 2274 2703 supra

255 2714 417 2774 idem
462 2715 692 2778 Gellius
746 2717 982 2793 laudat,
1035 2717 1344 2793 proprium
1390 2716 1743 2792 opusculum
1784 2715 2025 2776 videtur
2070 2715 2275 2794 fuisse,

255 2805 531 2882 quamvis
603 2807 820 2866 titulus
893 2826 1012 2866 non
1075 2806 1347 2866 addatur.
1454 2805 1808 2865 Mommseni
1870 2804 2275 2864 coniecturam

254 2914 311 2970 p.
353 2895 480 2955 475
539 2896 896 2970 suspicantis
957 2894 1216 2955 Gellium
1270 2894 1573 2955 Aristonis
1625 2897 1799 2954 notas
1855 2893 1933 2952 ad
1987 2893 2275 2953 Sabinum

254 2983 569 3060 respicere,
613 2983 889 3062 Krueger
934 3006 987 3060 p.
1032 2986 1158 3044 164
1204 3005 1260 3044 n.
1302 2986 1421 3045 151
1472 2983 1573 3043 vix
1618 2981 1985 3060 probandam
2028 2983 2272 3042 iudicat.

433 3065 594 3131 Gell.
632 3071 729 3151 11,
760 3067 861 3152 18,
893 3070 991 3133 16.
1039 3105 1126 3114 -
1172 3118 1188 3134 .
1217 3120 1231 3134 .
1261 3068 1529 3133 memini
1578 3067 1793 3153 legere
1841 3088 1942 3131 me
1987 3065 2057 3130 in
2105 3065 2272 3131 libro

255 3154 584 3221 Aristonis
631 3156 1069 3241 iureconsulti,
1111 3157 1598 3243 hautquaquam
1634 3155 1876 3220 indocti
1914 3155 2053 3239 viri,
2101 3155 2271 3240 apud

255 3248 503 3310 veteres
525 3243 905 3330 Aegyptios,
934 3246 1104 3331 quod
1126 3266 1326 3330 genus
1355 3246 1690 3311 hominum
1720 3246 1979 3310 constat
2006 3247 2071 3308 et
2088 3243 2157 3307 in
2178 3265 2277 3307 ar-

253 3332 431 3398 tibus
460 3334 849 3416 reperiendis
876 3336 1170 3399 sollertes
1190 3335 1482 3399 extitisse
1502 3338 1569 3399 et
1587 3335 1654 3398 in
1674 3332 2043 3418 cognitione
2062 3354 2275 3397 rerum

254 3421 624 3507 indaganda
663 3444 951 3508 sagaceS,
985 3422 1161 3488 furta
1190 3423 1407 3488 omnia
1434 3422 1633 3487 fuisse
1660 3421 1843 3487 licita
1871 3426 1937 3486 et
1964 3421 2275 3505 inpunita.

404 3583 430 3631 1
472 3577 566 3633 Fz.
605 3578 806 3635 dicere.
