2575 3900
319 192 453 258 532
1055 189 1608 244 ADDITAMENTA.

326 356 517 421 debet
562 353 820 436 publico
866 352 1101 418 iudicio
1148 353 1406 436 privata
1448 353 1698 418 actione
1745 352 2168 437 praeiudicari
2205 353 2350 438 qui-

324 446 472 510 dam
516 445 767 528 putant.

501 563 593 622 De
637 561 857 622 iudicio
902 561 1143 638 publico
1190 581 1260 621 ex
1305 562 1438 640 lege
1475 561 1631 620 Iulia.
1667 561 1740 620 de
1777 561 1838 620 vi
1874 561 2112 637 privata
2151 580 2348 622 sermo

325 657 433 713 est.
524 653 596 712 cf.
637 652 708 711 D.
738 653 841 730 48,
873 654 929 710 7.

996 802 1096 870 De
1137 806 1275 870 iure
1320 806 1672 889 leyatorum.

505 933 561 996 7.
601 928 679 994 D.
699 930 804 1012 50,
820 931 992 1008 7,18.
1021 928 1414 1013 Pomponius
1444 930 1614 995 libro
1643 929 2028 1015 trigensimo
2058 928 2344 1014 septimo

329 1023 407 1086 ad
447 1019 750 1096 Quintum
780 1017 1082 1083 Mucium.
1122 1055 1198 1068 —
1243 1065 1259 1080 .
1289 1069 1304 1083 .
1343 1041 1487 1083 eum
1527 1019 1636 1103 qui
1673 1017 1963 1102 legatum
2000 1017 2351 1101 pulsasset,

329 1109 605 1186 Quintus
662 1107 914 1171 Mucius
973 1105 1115 1170 dedi
1170 1107 1494 1190 hostibus,
1551 1128 1822 1190 quorum
1879 1111 2066 1171 erant
2123 1106 2347 1191 legati,

329 1198 557 1263 solitus
597 1202 697 1260 est
733 1194 1137 1280 respondere.
1194 1217 1379 1280 quem
1418 1196 1637 1261 hostes
1676 1195 1731 1258 si
1769 1217 1901 1260 non
1932 1195 2346 1278 recepissent,

329 1285 694 1371 quaesitum
740 1288 857 1368 est,
902 1305 983 1348 an
1033 1284 1188 1349 civis
1225 1283 1558 1349 Romanus
1595 1286 1911 1348 maneret:
1960 1283 2350 1368 quibusdam

328 1373 847 1440 existimantibus
894 1394 1179 1455 manere,
1226 1373 1368 1437 aliis
1417 1375 1656 1438 contra.
1689 1424 1704 1437 .
1735 1420 1751 1436 .

505 1494 578 1556 cf.
624 1487 657 1552 I
703 1515 759 1569 p.
802 1495 903 1554 34.

911 1701 970 1765 b.
1037 1699 1148 1763 Ad
1192 1702 1310 1765 ius
1356 1700 1763 1784 privatum.

1000 1852 1054 1890 α.
1111 1830 1210 1888 De
1255 1829 1412 1887 iure
1459 1829 1680 1889 civili.

1069 1947 1168 2014 De
1215 1950 1600 2015 testamentis.

799 2069 1287 2144 Quemadmodum
1333 2075 1665 2131 testamenta
1707 2072 1874 2143 fiant.

510 2182 566 2245 8.
615 2178 754 2245 Gai:
788 2181 850 2260 2,
882 2180 1025 2244 104.
1078 2218 1152 2226 -
1206 2230 1220 2244 .
1249 2228 1265 2245 .
1294 2229 1310 2245 .
1346 2180 1448 2243 his
1496 2180 1710 2245 verbis
1756 2181 2038 2245 familiae
2087 2184 2352 2263 emptor

334 2271 562 2334 utitur:
600 2267 870 2332 ‘familia
906 2268 1297 2351 pecuniaque
1334 2273 1448 2332 tua
1477 2270 1638 2335 endo
1668 2269 2102 2334 mandatelam
2131 2274 2348 2334 custo·

333 2360 665 2441 delamque
704 2379 930 2435 meam,
970 2380 1093 2442 quo
1132 2368 1202 2421 tu
1240 2358 1376 2421 iure
1405 2364 1862 2423 testamentum
1888 2357 2098 2423 facere
2125 2359 2352 2441 possis

335 2447 674 2512 secundum
738 2448 946 2530 legem
1002 2448 1350 2529 publicam,
1417 2447 1536 2512 hoc
1603 2446 1790 2529 aere',
1835 2450 1901 2510 et
1956 2449 2029 2510 ut
2083 2446 2352 2530 quidam

334 2536 621 2601 adiciunt
666 2532 1011 2617 eaeneaque
1057 2535 1243 2617 libra,
1291 2539 1430 2599 esto
1478 2536 1637 2599 mihi
1684 2534 1943 2620 empta'.

632 2719 724 2777 De
758 2719 1043 2791 postumis
1086 2719 1449 2777 instituendis
1492 2720 1580 2777 vel
1627 2720 2050 2779 escher-edundis.

511 2837 569 2902 9.
634 2835 710 2902 D.
752 2838 866 2919 28,
907 2838 975 2919 2,
1014 2836 1127 2919 29,
1168 2838 1225 2901 1.
1308 2834 1618 2902 Scaevola
1671 2837 1843 2902 libro
1903 2842 2086 2902 sexto
2144 2834 2351 2911 Quae·

334 2928 634 2991 stionum.
684 2961 767 2972 —
820 2927 1057 3009 (Gallus
1113 2930 1195 2989 sic
1240 2948 1414 3006 posse
1461 2931 1698 2990 institui
1743 2934 2052 3006 postumos
2097 2932 2346 3006 nepotes

333 3020 591 3079 induxit:
650 3013 725 3078 ‘si
777 3018 933 3077 filius
990 3037 1156 3078 meus
1210 3019 1347 3078 vivo
1402 3038 1499 3079 me
1551 3020 1867 3096 morietur,
1919 3022 2064 3079 tunc
2115 3020 2166 3079 si
2211 3019 2348 3095 quis

334 3109 482 3168 mihi
528 3128 599 3168 ex
644 3126 713 3165 eo
758 3126 943 3183 nepos
992 3108 1115 3167 sive
1163 3126 1314 3184 quae
1360 3108 1556 3184 neptis
1590 3113 1728 3184 post
1767 3113 2014 3168 mortem
2052 3127 2244 3167 meam
2283 3107 2350 3166 in

335 3199 537 3256 decem
590 3196 894 3255 mensibus
949 3196 1254 3272 proximis,
1313 3196 1526 3274 quibus
1577 3198 1735 3257 filius
1782 3216 1949 3257 meus
1996 3198 2350 3275 moreretur,

333 3288 513 3345 natus
567 3287 713 3343 nata
767 3286 897 3362 erit,
954 3285 1197 3344 heredes
1254 3277 1500 3367 sunto'.)
1585 3280 1858 3356 Quidam
1900 3329 1915 3345 .
1947 3331 1960 3345 .
2008 3280 2349 3345 admitten-

335 3370 486 3434 dum
534 3369 815 3450 credunt,
864 3368 1119 3433 etiamsi
1164 3391 1295 3433 non
1338 3369 1654 3451 exprimat
1691 3370 1766 3434 de
1804 3373 2014 3434 morte
2047 3368 2188 3452 filii,
2233 3369 2348 3432 sed

336 3457 715 3543 simpliciter
768 3458 1084 3542 instituat,
1131 3461 1204 3522 ut
1249 3480 1324 3523 eo
1372 3480 1524 3523 casu
1570 3458 1803 3543 valeat,
1849 3458 1960 3543 qui
2007 3480 2083 3522 ex
2129 3457 2348 3523 verbis

336 3546 587 3629 concipi
633 3546 859 3629 possit.
