2575 3900
1014 205 1064 254 3.
1100 197 1425 253 MINICIUS
1618 221 1625 234 ·
2095 199 2226 263 283

217 364 433 425 bitoris
498 364 733 425 nomine
798 365 1147 426 vindicando
1203 368 1620 443 consequetur.
1719 366 1822 426 sed
1876 367 1928 426 si
1979 367 2229 442 pecunia

218 472 339 514 non
394 455 590 513 exstat
644 456 706 513 et
758 454 973 513 mulier
1024 455 1380 530 locupletior
1425 457 1584 514 facta
1629 457 1745 528 est,
1800 455 2050 516 maritus
2097 474 2229 515 eam

216 545 413 618 petet3
457 542 833 619 intellegitur
870 544 1027 602 enim
1062 562 1135 602 ex
1169 562 1235 602 re
1272 543 1476 602 mariti
1510 543 1865 619 locupletior
1899 544 2062 604 facta
2099 562 2228 604 esse

218 630 455 709 mulier,
482 630 761 706 quoniam
790 629 1024 690 debitor
1050 631 1173 692 doli
1201 632 1347 690 mali
1374 632 1718 707 exceptione
1745 650 1807 692 se
1834 633 1993 692 tueri
2009 635 2227 710 potest.

716 801 818 867 De
858 803 1353 885 stipulationibus
1383 803 1735 885 praetoriis.

396 908 499 975 29.
546 907 624 973 D.
644 909 704 993 3,
725 909 785 994 3,
806 909 907 974 76.
968 908 1146 974 Idem
1176 905 1294 996 (sc.
1321 905 1643 996 Iulianus)
1679 909 1847 976 libro
1885 910 2109 994 quinto
2148 909 2229 974 ad

216 996 552 1062 Minicium
589 994 689 1083 (P.
709 993 887 1083 872).
929 1031 1005 1044 —
1048 996 1259 1062 Titius
1298 1019 1442 1062 cum
1480 999 1811 1062 absentem
1846 997 2231 1083 defenderet,

214 1084 555 1151 satisdedit
601 1089 667 1150 et
710 1086 891 1169 prius
927 1107 1120 1171 quam
1156 1086 1464 1151 iudicium
1502 1086 1819 1171 acciperet
1856 1087 2047 1152 desiit
2082 1108 2228 1152 reus

218 1173 527 1240 solvendo
592 1196 759 1258 esse,
822 1196 1014 1258 quam
1079 1174 1162 1238 ob
1228 1195 1490 1240 causam
1547 1174 1842 1241 defensor
1893 1175 2231 1242 recusabat

217 1263 523 1328 iudicium
559 1261 628 1327 in
668 1284 735 1326 se
771 1261 950 1327 reddi
987 1266 1304 1347 oportere.
1377 1284 1633 1348 quaero,
1671 1284 1754 1328 an
1785 1262 1850 1328 id
1879 1263 1939 1328 ei
1967 1263 2230 1329 concedi

212 1353 531 1435 oporteat.
631 1349 1014 1432 Uulianus?]
1073 1350 1430 1435 respondit:
1486 1350 1783 1417 defensor
1837 1373 1982 1416 cum
2039 1352 2229 1416 satis-

216 1440 410 1523 dedit,
457 1439 696 1504 domini
742 1438 885 1504 loco
922 1438 1254 1504 habendus
1294 1444 1411 1504 est.
1482 1460 1598 1504 nec
1638 1440 1913 1504 multum
1952 1439 2011 1503 ei
2048 1461 2228 1523 prae-

214 1531 503 1593 staturus
550 1531 651 1592 est
695 1531 973 1612 praetor,
1021 1528 1076 1590 si
1112 1548 1259 1591 eum
1296 1549 1431 1593 non
1467 1528 1748 1612 coegerit
1782 1527 2087 1593 iudicium
2126 1549 2226 1593 ac-

212 1617 447 1701 cipere,
484 1638 628 1681 cum
666 1616 749 1679 ad
782 1613 1153 1698 sponsores¹
1188 1616 1326 1680 eius
1362 1615 1445 1680 iri
1479 1617 1687 1700 possit
1722 1619 1789 1680 et
1820 1615 1890 1680 hi
1920 1615 2228 1701 quidquid

215 1704 688 1790 praestiterint,
734 1726 773 1768 a
818 1703 1150 1770 defensore
1195 1705 1601 1770 consecuturi
1648 1705 1793 1768 sint.

264 1853 277 1862 .
392 1799 468 1860 cf.
514 1816 695 1874 supra
738 1819 798 1875 p.
828 1799 973 1858 274.

392 1898 525 1965 30⁴?
571 1897 647 1963 D.
675 1899 783 1986 46,
810 1900 868 1982 8,
898 1899 1001 1966 23.
1064 1898 1243 1964 Idem
1280 1897 1394 1987 (sc.
1433 1897 1749 1987 Iulianus)
1786 1899 1954 1965 libro
2002 1898 2227 1984 quinto

212 2011 295 2053 ex
349 1987 613 2053 Minicio
668 1986 769 2074 (P.
808 1985 987 2077 873).
1043 2024 1126 2035 —
1180 1987 1572 2055 Procurator
1625 2011 1768 2054 cum
1823 1992 2070 2072 peteret
2120 2010 2227 2073 pe-

212 2079 500 2161 cuniam,
566 2076 906 2142 satisdedit
971 2077 1245 2161 amplius
1309 2099 1438 2143 non
1493 2077 1654 2161 peti3
1718 2082 1870 2162 post
1923 2076 2228 2142 iudicium

216 2169 549 2249 acceptum
578 2166 807 2243 extitit,
835 2166 945 2251 qui
974 2170 1040 2231 et
1061 2167 1200 2250 ipse
1219 2165 1664 2249 procuratorio
1683 2166 1942 2231 nomine
1963 2164 2229 2231 eandem

214 2255 554 2338 pecuniam
599 2258 851 2337 peteret
894 2304 910 2319 .
956 2254 1318 2338 quaesitum
1365 2261 1491 2337 est,
1537 2277 1681 2321 cum
1726 2254 1799 2337 is,
1844 2254 1956 2340 qui
2002 2258 2230 2339 postea

212 2346 485 2441 peteret,
503 2346 882 2426 procurator
897 2364 1029 2407 non
1050 2347 1219 2407 esset
1237 2345 1303 2406 et
1321 2347 1584 2427 propter
1601 2343 1724 2407 hoc
1745 2343 2227 2426 exceptionibus

213 2430 676 2515 procuratoriis
706 2430 955 2494 excludi
982 2435 1219 2513 posset,
1245 2452 1404 2494 num
1429 2428 1794 2513 sponsores²
1820 2431 2054 2515 prioris
2082 2452 2228 2515 pro-

216 2518 529 2585 curatoris
574 2520 959 2583 tenerentur.
1040 2517 1354 2599 [Iulianus
1364 2518 1425 2601 P]
1473 2518 1828 2603 respondit:
1873 2520 2084 2584 verius
2131 2524 2232 2583 est

214 2629 345 2672 non
404 2606 682 2690 obligari
734 2602 1128 2689 sponsores²;
1182 2628 1337 2671 nam
1391 2609 1460 2669 in
1506 2607 1921 2690 stipulatione
1970 2612 2229 2671 cavetur

212 2717 347 2761 non
391 2695 744 2779 petiturum
793 2714 964 2777 eum,
1010 2692 1192 2759 cuius
1238 2694 1315 2757 de
1360 2715 1437 2758 ea
1481 2715 1550 2757 re
1598 2694 1765 2759 actio
1811 2694 2040 2778 petitio
2085 2715 2250 2778 per·-

215 2782 461 2849 secutio
511 2782 613 2863 sit,
659 2787 723 2846 et
768 2785 982 2846 ratum
1027 2782 1363 2847 habituros
1411 2803 1650 2864 omnes,
1696 2783 1775 2846 ad
1818 2803 1978 2865 quos
2017 2803 2092 2847 ea
2127 2804 2228 2847 res

210 2868 588 2958 pertinebit.
677 2870 784 2935 hic
841 2874 1082 2955 autem,
1146 2870 1257 2954 qui
1309 2875 1686 2955 procurator
1740 2892 1872 2935 non
1926 2874 2051 2956 est,
2110 2892 2229 2937 nec

214 2960 540 3027 action'em
585 2981 701 3025 nec
745 2959 1123 3044 petitionem
1168 2958 1405 3023 habere
1453 2959 1920 3047 intellegendus
1967 2963 2081 3025 est.

884 3136 984 3203 De
1026 3138 1096 3202 in
1140 3157 1268 3202 rem
1311 3136 1561 3203 actione.

393 3243 523 3309 31⁴?
560 3242 639 3307 D.
658 3245 763 3327 40,
786 3245 889 3331 12,
909 3244 1010 3311 30.
1082 3242 1374 3310 Iulianus
1407 3242 1575 3308 libro
1606 3242 1829 3328 quinto
1859 3264 1934 3308 ex
1961 3242 2226 3309 Minicio

216 3330 313 3419 (P.
336 3328 514 3419 875).
555 3368 633 3378 —
677 3331 943 3398 Duobus
980 3333 1349 3417 petentibus
1386 3332 1709 3397 hominem
1745 3332 1813 3396 in
1851 3333 2227 3398 servitutem

359 3492 388 3540 1
431 3486 581 3543 Τοῦ.
618 3485 985 3542 fideiussores.

356 3564 389 3613 2
432 3558 581 3613 frib.
618 3556 984 3613 fideiussores.
