2575 3900
830 211 880 262 6.
925 204 1349 261 IAVOLENUS
1372 204 1681 262 PRISOUS
2132 206 2266 272 405

421 374 693 435 Iavoleni
765 373 1120 435 sententiam
1195 392 1234 433 a
1297 374 1659 435 Triboniano
1725 378 2073 451 corruptam
2134 393 2264 437 esse

242 464 536 541 illumque
583 463 658 523 de
701 462 777 523 iis
823 462 1042 523 dixisse
1083 464 1188 539 qui
1223 464 1589 524 testamenta
1622 464 1819 524 faeere
1855 464 2265 542 prohibentur,

245 552 495 613 Pernice
541 553 756 613 merito
801 552 1033 613 conicit.

661 731 756 790 De
788 731 1068 805 pluribus
1110 730 1414 791 heredibus
1456 732 1845 791 instituendis.

428 841 488 907 3.
533 839 614 905 D.
642 841 748 923 28,
781 840 839 925 1,
866 840 970 905 25.
1053 838 1395 905 Iavolenus
1438 840 1603 905 libro
1642 840 1866 925 quinto
1904 836 2267 929 (‘?primo‘?)

247 928 686 1015 posteriorum
723 928 1063 995 Labeonis.
1092 965 1177 977 -
1209 927 1286 995 Si
1320 930 1393 1013 is,
1428 931 1539 1012 qui
1579 934 2001 995 testamentum
2022 930 2269 1015 faceret,

243 1018 562 1084 heredibus
601 1019 836 1101 primis
887 1020 1283 1102 nuncupatis,
1314 1019 1691 1101 priusquam
1734 1020 2025 1085 secundos
2070 1020 2270 1101 expri-

244 1112 435 1174 meret
475 1107 742 1185 heredes,
787 1107 1192 1190 obmutuisset,
1237 1108 1437 1190 mayis
1479 1109 1736 1191 coepisse
1780 1128 1919 1173 eum
1954 1112 2270 1173 testamen-

245 1201 378 1262 tum
425 1196 631 1277 faeere
681 1217 870 1278 quam
909 1197 1120 1277 fecisse
1175 1158 1380 1262 Varus
1423 1195 1818 1279 Diyestorum
1871 1197 2025 1263 libro
2058 1198 2272 1279 primo

248 1284 534 1352 Servium
587 1285 966 1368 respondisse
1018 1286 1264 1368 scripsit
1271 1306 1295 1363 ,·
1360 1286 1567 1367 itaque
1610 1287 1858 1369 primos
1908 1285 2147 1351 heredes
2199 1306 2273 1351 ex

246 1396 314 1441 eo
368 1379 718 1439 testamento
771 1395 895 1438 uon
944 1374 1206 1455 futuros.
1297 1374 1502 1440 Labeo
1558 1379 1687 1439 tum
1742 1374 1852 1441 hoe
1893 1395 2105 1439 verum
2148 1394 2275 1440 esse

252 1464 584 1546 existimat,
629 1465 686 1528 si
730 1466 1033 1528 constaret
1072 1464 1334 1528 voluisse
1372 1464 1583 1545 plures
1617 1483 1773 1548 eum,
1817 1464 1927 1545 qui
1961 1467 2273 1527 testamen-

247 1556 378 1617 tum
423 1552 679 1635 fecisset,
723 1550 963 1617 heredes
997 1552 1423 1635 pronuntiare.
1505 1572 1607 1635 eyo
1652 1572 1759 1617 nee
1804 1551 2086 1617 Servium
2120 1556 2273 1635 puto

246 1642 429 1708 aliud
467 1642 738 1706 sensisse.

425 1730 515 1795 4⁶?
579 1728 660 1795 D.
697 1730 802 1812 28,
839 1729 903 1814 5,
941 1728 1044 1813 17,
1081 1728 1138 1794 5.
1240 1726 1558 1813 Ulpianus
1620 1730 1789 1794 libro
1856 1729 2134 1813 septimo
2190 1728 2273 1793 ad

249 1817 585 1885 Sabinum.
643 1855 718 1865 -
783 1816 968 1895 Quod
1033 1818 1090 1882 si
1153 1816 1298 1903 quis
1363 1818 1760 1902 dupundium
1821 1818 2156 1883 distribuit
2208 1821 2276 1883 et

247 1907 514 1974 tertium
571 1906 708 1972 sine
753 1911 942 1992 parte
987 1906 1299 1986 instituit,
1350 1907 1459 1974 hie
1505 1928 1638 1973 non
1682 1909 1751 1972 in
1799 1908 1999 1973 alium
2043 1929 2274 1989 assem,

249 1997 364 2063 sed
417 1993 522 2062 in¹
569 1999 873 2062 trientem
917 1998 1122 2081 venit,
1176 2000 1253 2061 ut
1297 1995 1512 2062 Labeo
1560 2001 1791 2082 quarto
1837 1997 2274 2082 posteriorum

181 2123 185 2126 ·
251 2087 540 2172 scripsit,
623 2107 740 2151 nee
805 2085 1029 2152 Aristo
1093 2087 1198 2151 vel
1261 2084 1470 2151 Aulus
1536 2081 1983 2174 (Iavolenus‘?)
2048 2091 2273 2170 utpote

250 2175 590 2260 probabile
635 2179 886 2240 notant.

943 2287 1038 2346 De
1079 2289 1593 2348 substitutionibus.

417 2387 491 2454 ὅ.
552 2387 631 2453 D.
661 2388 766 2468 28,
794 2388 854 2471 6,
883 2389 943 2454 9.
1023 2388 1241 2454 Labeo
1289 2389 1458 2454 libro
1503 2389 1714 2472 primo
1762 2389 2193 2471 posteriorum
2238 2409 2277 2452 a

252 2475 557 2542 Iavoleno
589 2477 1112 2560 epitomatorum.
1143 2515 1226 2524 —
1255 2475 1331 2543 Si
1346 2482 1530 2559 pater
1553 2478 1687 2560 silio
1714 2476 2021 2560 impuberi
2045 2478 2277 2542 eosdem

252 2585 404 2649 quos
438 2565 558 2631 sibi
593 2569 650 2630 et
685 2571 740 2630 te
774 2587 969 2631 uuum
991 2572 1320 2649 praeterea
1352 2566 1625 2630 heredem
1658 2566 1945 2644 instituit,
1981 2565 2277 2631 bonorum

249 2654 378 2738 filii
430 2659 485 2718 te
536 2655 892 2741 dimidium,
945 2660 1161 2722 eeteros
1205 2657 1416 2738 patris
1458 2653 1699 2720 heredes
1742 2655 2143 2718 communiter
2184 2654 2277 2718 di-

251 2743 519 2809 midium
554 2744 646 2808 ita
680 2743 914 2828 habere,
947 2749 1018 2809 ut
1045 2764 1212 2809 unus
1237 2744 1421 2809 semis
1446 2744 1618 2827 apud
1642 2747 1697 2808 te
1722 2747 1987 2827 maneat,
2021 2743 2279 2808 alterius

251 2833 524 2899 semissis
565 2852 688 2915 pro
743 2831 841 2898 his
881 2833 1172 2915 partibus
1225 2833 1386 2897 iuter
1438 2832 1677 2897 heredes
1720 2835 2015 2914 paternos
2057 2831 2277 2896 divisio

251 2924 394 3007 fiat,
446 2921 666 3004 quibus
718 2941 792 2986 ex
831 2923 1122 3004 partibus
1174 2921 1565 2987 hereditatem
1599 2927 1933 3004 paternam
1975 2920 2277 2987 habereut.

435 3010 494 3076 6.
568 3009 647 3076 D.
696 3011 799 3090 28,
847 3011 906 3093 6,
953 3011 1038 3076 39
1085 3034 1176 3095 pr.
1282 3010 1621 3077 Iavolenus
1688 3009 1857 3075 libro
1895 3010 2132 3093 ‘primo
2199 3031 2279 3074 ex

254 3099 725 3184 posterioribus
771 3099 1109 3165 Labeonis.
1161 3136 1236 3147 —
1289 3098 1448 3166 Cum
1500 3119 1575 3164 ex
1620 3099 1752 3182 silio
1797 3101 1937 3181 quis
1980 3100 2133 3164 duos
2176 3118 2279 3162 ne-

241 3195 417 3273 potes
461 3188 797 3270 impuberes
841 3187 1110 3267 habebat,
1155 3191 1261 3255 sed
1302 3194 1565 3254 alterum
1610 3209 1819 3254 eorum
1862 3188 1933 3253 iu
1965 3191 2277 3272 potestate,

253 3279 519 3344 alterum
553 3298 697 3358 nou,
733 3282 792 3342 et
821 3278 993 3344 vellet
1017 3282 1341 3361 utrumque
1367 3299 1441 3344 ex
1466 3279 1677 3360 aequis
1690 3277 1982 3360 partibus
2007 3277 2278 3341 heredem

253 3367 472 3433 habere
514 3371 586 3445 et,
635 3367 694 3432 si
737 3368 877 3448 quis
920 3387 994 3432 ea
1037 3367 1134 3433 his
1177 3367 1451 3449 impubes
1492 3367 1845 3450 decessisset,
1888 3366 1974 3430 ad
2014 3365 2279 3440 alterum

402 3520 429 3568 1
479 3514 792 3568 Mommsen
837 3514 1124 3568 emendatz
1172 3513 1288 3568 ‘hie
1334 3515 1395 3568 in
1441 3513 1613 3569 alium
1660 3529 1866 3582 assem,
1911 3511 2128 3568 seilicet
2170 3509 2275 3578 in'‚

258 3585 408 3656 quod
445 3582 515 3654 ΙΙ,
550 3592 575 3638 1
605 3603 660 3655 p.
692 3589 792 3639 183
829 3585 1286 3654 praetermissum
1324 3589 1425 3640 est.
