2575 3900
966 200 1015 249 5.
1062 192 1300 249 TITIUS
1335 193 1598 249 ARISTO
2156 193 2288 259 359

443 357 547 422 82.
604 354 680 422 D.
708 356 815 440 44,
843 357 904 439 2,
932 356 994 442 9,
1024 358 1079 421 1.
1168 355 1488 441 Ulpianus
1543 357 1713 422 libro
1759 358 2288 442 septuagensimo

259 445 491 530 quinto
530 444 612 509 ad
650 444 931 511 edictum
967 441 1067 531 (P.
1094 443 1311 532 1667).
1355 482 1430 495 —
1473 444 1542 511 Si
1583 446 1726 531 quis
1761 444 2050 531 fundum,
2096 468 2288 532 quem

258 536 537 619 putabat
592 556 661 600 se
717 534 1075 619 possidere,
1130 534 1514 616 defenderit,
1569 556 1720 599 mox
1765 536 2018 618 emerit,
2073 557 2143 601 re
2191 556 2286 599 se·

260 624 537 690 cundum
590 622 933 707 petitorem
989 623 1271 689 iudicata
1319 644 1402 688 an
1446 624 1785 689 restituere
1831 621 2147 708 cogatur?
2221 627 2287 689 et

259 714 354 778 ait
380 710 713 794 Neratius,
748 712 802 776 si
840 714 1047 777 actori
1081 712 1321 778 ‚iterum
1357 712 1608 797 petenti
1647 713 1966 779 obiciatur
1993 712 2286 796 exceptio

255 801 351 865 rei
396 801 743 885 iudicatae,
791 801 1102 884 replicare
1150 823 1298 867 eum
1347 805 1645 887 oportere
1690 802 1769 867 de
1815 823 1887 867 re
1934 800 2285 868 secundum

254 912 325 955 se
373 889 703 955 iudicata..

435 983 571 1045 Duo
616 984 959 1062 fragmenta
1004 983 1416 1045 antecedentia
1451 984 1935 1045 Membranarum
1979 984 2136 1045 libro
2165 984 2285 1045 VII

252 1072 439 1133 Lenel
486 1072 790 1151 attribuit,
836 1072 1067 1134 ratione
1114 1091 1233 1133 non
1280 1072 1430 1133 satis
1474 1071 1690 1133 idonea
1731 1074 1916 1133 nisus.

980 1244 1338 1311 Iudicatum
1381 1245 1552 1311 solvi.

434 1352 537 1417 83.
583 1351 661 1417 D.
685 1352 745 1435 3,
766 1353 825 1434 3,
844 1353 950 1436 27,
975 1355 1029 1416 1.
1101 1350 1424 1437 Ulpianus
1462 1351 1632 1416 libro
1668 1373 1841 1418 nono
1882 1352 1962 1417 ad
2000 1352 2280 1418 edictum

250 1437 353 1527 (P.
394 1437 575 1526 317).
624 1472 715 1487 -
770 1440 838 1505 Si
894 1463 973 1505 ex
1024 1444 1209 1524 parte
1266 1441 1504 1506 actoris
1560 1440 1699 1505 litis
1751 1442 2092 1507 translatio
2145 1442 2280 1527 fiat,

249 1527 524 1595 dicimus
572 1529 889 1596 committi
934 1528 1288 1594 iudicatum
1337 1529 1502 1594 solvi
1548 1529 2036 1615 stipulationem
2081 1553 2120 1596 a
2166 1552 2277 1596 reo

248 1617 520 1701 factam,
565 1618 756 1702 idque
804 1668 818 1683 .
847 1667 862 1683 .
908 1617 1217 1683 Neratius
1264 1617 1516 1702 probat.

427 1712 673 1789 Ulpiani
717 1713 904 1773 verba
946 1712 1126 1789 plena
1170 1715 1337 1772 sunt:
1383 1704 1471 1772 ‘et
1514 1711 1586 1773 N.
1632 1712 1852 1788 probat
1896 1716 1958 1772 et
1998 1713 2272 1774 Iulianus

248 1803 311 1860 et
355 1802 467 1861 hoc
512 1803 644 1861 iure
690 1802 922 1861 utimur
968 1848 981 1861 .
1013 1794 1052 1861 .’

828 2079 906 2163 5.
985 2083 1299 2157 TITIUS
1355 2083 1695 2158 ARISTO

423 2227 616 2289 Cassii
644 2228 917 2307 Longini,
949 2233 1017 2289 ut
1045 2228 1302 2302 videtur,
1333 2230 1570 2290 auditor
1599 2221 1940 2310 (D.4‚8‚40
1970 2223 2270 2290 ‘Cassium

243 2318 484 2378 audisse
540 2337 601 2378 se
658 2319 952 2378 dicentem
1009 2319 1214 2378 Aristo
1269 2311 1398 2378 ait'.
1489 2317 1562 2378 D.
1595 2320 1696 2395 17,
1729 2320 1785 2395 2,
1819 2321 1918 2394 19,
1953 2319 1988 2376 2
2039 2311 2268 2380 ‘Aristo

241 2407 433 2466 refert
479 2405 750 2466 Cassium
795 2397 1247 2487 respondisse'),
1297 2399 1784 2483 ‘haudquaquam
1829 2406 2104 2466 indoctus
2151 2400 2268 2468 vir’

242 2489 427 2572 (Gen.
469 2497 568 2566 11,
610 2497 712 2567 18,
752 2488 849 2573 2),
914 2489 1339 2571 ‘peritissimus
1401 2494 1624 2570 privati
1687 2494 1837 2554 iuris
1902 2497 1966 2553 et
2017 2489 2270 2570 publici'

241 2578 425 2660 (Plin.
456 2599 545 2656 ep.
578 2584 635 2657 8,
670 2585 750 2642 14
799 2584 872 2642 cf.
905 2586 962 2660 1,
993 2576 1169 2663 221),
1218 2582 1400 2642 Plinii
1441 2582 1686 2660 amicus,
1730 2583 2075 2642 litterarum
2113 2603 2268 2644 com·

239 2670 464 2729 mercio
510 2671 859 2731 coniunctus
904 2690 1039 2730 cum
1086 2670 1341 2731 Cerellio
1387 2670 1576 2730 Vitali
1623 2663 1722 2749 (D.
1754 2672 1811 2744 8,
1843 2673 1900 2748 5,
1931 2672 1988 2747 8,
2019 2664 2106 2751 5),
2153 2671 2270 2732 Ne·

238 2758 398 2818 ratio
452 2758 728 2836 Appiano
774 2750 875 2842 (D.
914 2762 1018 2838 40,
1055 2762 1115 2834 4,
1154 2751 1288 2841 46),
1343 2757 1517 2820 Celso
1572 2759 1697 2819 filio
1745 2752 1844 2839 (D.
1886 2762 1943 2837 2,
1985 2761 2085 2837 14,
2125 2762 2179 2836 7,
2209 2763 2267 2824 2.

240 2850 344 2926 40,
388 2851 442 2925 7,
482 2851 582 2924 29,
626 2841 721 2930 1),
774 2849 1022 2908 Neratio
1075 2848 1279 2912 Prisco
1331 2841 1431 2922 (D.
1466 2849 1566 2924 20,
1607 2851 1665 2927 5,
1704 2849 1762 2908 3.
1804 2850 1904 2927 19,
1947 2851 2002 2926 2,
2045 2851 2144 2927 19,
2176 2841 2266 2930 2),

236 2940 341 3015 qui
385 2941 558 2998 tanta
603 2957 739 2998 cum
787 2937 1143 2997 auctoritate
1188 2936 1601 3012 respondendo
1648 2956 1892 3014 operam
1939 2937 2147 3014 dabat,
2194 2944 2266 2998 ut

233 3027 333 3086 vel
377 3045 414 3085 a
459 3027 727 3103 principe
774 3027 1031 3086 Traiano
1076 3025 1488 3086 consuleretur
1527 3019 1627 3108 (D.
1660 3029 1762 3105 37,
1796 3028 1895 3102 12,
1927 3019 2012 3108 5).
2076 3027 2264 3088 libros

235 3135 471 3194 quoque
535 3115 894 3193 composuit,
967 3116 1225 3192 'quorum
1289 3115 1363 3175 de
1425 3116 1665 3176 nomine
1730 3117 1793 3176 et
1854 3115 2052 3176 indole
2113 3117 2263 3177 certi

232 3203 385 3264 nihil
438 3205 734 3263 traditum
790 3206 900 3264 est.
954 3204 1147 3265 ‘circa
1192 3223 1243 3265 a.
1277 3207 1359 3265 97
1407 3205 1617 3265 morbo
1663 3206 1752 3266 ita
1795 3205 2133 3281 laborabat,
2188 3210 2261 3264 ut

234 3291 307 3352 de
351 3292 483 3356 vita
523 3297 733 3369 sponte
771 3293 1034 3353 finienda
1069 3293 1381 3373 cogitaret.
1453 3312 1576 3371 qua
1611 3293 1684 3354 de
1722 3313 1787 3354 re
1822 3293 2053 3354 Plinius
2095 3297 2150 3368 1,
2177 3296 2257 3354 22

232 3378 450 3442 Catilio
498 3381 717 3443 Severo
762 3400 871 3442 suo
915 3381 1062 3442 haec
1110 3382 1376 3459 scripsit:

411 3465 552 3530 ‘Diu
598 3471 720 3531 iam
766 3472 829 3530 in
874 3471 1021 3530 urbe
1066 3469 1282 3531 haereo
1330 3475 1392 3531 et
1437 3470 1678 3548 quidem
1722 3471 2034 3532 attonitus.
2121 3489 2259 3546 per-

229 3559 441 3619 turbat
483 3579 577 3619 me
614 3561 799 3638 longa
833 3562 896 3620 et
928 3559 1207 3636 pertinax
1241 3559 1513 3621 valitudo
1552 3559 1677 3620 'I'iti
1711 3560 2030 3635 AristoniS,
2077 3577 2258 3635 quem
