2575 3900
764 189 813 236 4.
864 182 926 237 L.
965 125 1330 238 NERATIIJS
1367 181 1660 237 PRISCUS
2089 182 2214 248 351

193 346 406 432 magis
444 346 668 412 donari
706 348 767 410 ei
802 345 1067 412 videtur.
1130 367 1293 431 quae
1332 345 1652 411 sententia
1679 343 1936 412 Neratii
1965 368 2219 433 quoque

195 435 345 519 fuit3
393 435 489 500 ait
530 437 700 500 enim
748 434 971 501 datum
1010 434 1090 500 ad
1126 434 1354 500 villam
1393 434 1812 500 extruendam
1849 435 1952 500 vel
1990 457 2217 522 agrum

196 525 561 608 serendum,
607 523 775 610 quod
824 524 1111 608 alioquin
1156 524 1444 590 facturus
1492 545 1624 588 non
1671 529 1811 590 erat
1855 525 1911 589 is
1960 527 2071 610 qui
2117 546 2219 590 ac·

195 614 391 698 cepit,
434 613 505 678 in
550 614 829 696 speciem
876 613 1243 678 donationis
1289 612 1534 679 cadere.

372 723 667 802 Ulpianus
732 723 923 785 addit:
988 718 1156 803 ‘ergo
1218 725 1378 784 inter
1439 725 1638 786 virum
1693 728 1756 786 et
1807 745 2052 787 uxorem
2105 728 2218 787 hae

194 818 372 874 erunt
415 806 808 874 interdictae'.

762 986 863 1053 De
904 985 1222 1052 verborum
1266 985 1652 1070 obliqatione.

373 1110 476 1177 56.
521 1109 601 1177 D.
636 1112 737 1193 16,
764 1112 825 1194 2,
852 1113 914 1176 4.
995 1109 1238 1176 Paulus
1283 1111 1455 1176 libro
1500 1112 1693 1176 tertio
1740 1108 1974 1212 (ΧΙῬ)
1986 1112 2069 1177 ad
2107 1111 2218 1178 Sa-

197 1201 421 1265 binum
468 1200 566 1286 (P.
601 1161 825 1303 1645).
865 1236 940 1248 -
984 1249 997 1263 .
1021 1250 1070 1266 ..
1119 1203 1185 1264 et
1226 1198 1497 1264 Neratio
1543 1200 1934 1284 placebat..
1983 1202 2218 1286 ,[ipso

194 1289 361 1373 iure]
425 1310 499 1354 eo
556 1290 768 1354 minus
824 1288 1266 1354 fideiussorem
1324 1311 1402 1352 ex
1455 1288 1832 1371 arqentarii¹
1887 1295 2218 1356 contractu

194 1378 453 1460 debere,
510 1377 680 1462 quod
737 1399 814 1442 ex
860 1378 1380 1462 compensatione
1426 1399 1573 1442 reus
1620 1378 1899 1443 retinere
1943 1382 2219 1463 potest[:

196 1467 366 1532 sicut
410 1465 605 1548 enim,
657 1488 803 1532 cum
849 1472 1061 1532 totum
1105 1470 1261 1550 peto
1309 1488 1349 1529 a
1393 1487 1531 1568 reo,
1578 1467 1747 1531 male
1792 1470 1972 1552 peto,
2016 1469 2112 1533 ita
2155 1473 2221 1533 et

192 1556 534 1621 fideiussor
587 1578 719 1621 non
774 1558 1032 1620 tenetur
1084 1555 1230 1639 ipso
1286 1555 1424 1619 iure
1478 1558 1548 1618 in
1602 1557 1911 1621 maiorem
1967 1559 2218 1643 quanti-

191 1647 396 1710 tatem
446 1666 639 1730 quam
684 1667 831 1709 reus
879 1644 1288 1710 condemnari
1333 1645 1598 1728 potestJ.

372 1757 546 1816 Pauli
605 1758 791 1817 verba
844 1774 881 1815 a
936 1755 1300 1816 Triboniano
1365 1758 1649 1832 corrupta
1701 1774 1832 1816 esse
1886 1756 2004 1816 viri
2060 1756 2220 1817 docti

196 1846 605 1922 consentiunt3
652 1847 716 1904 at
760 1863 881 1921 qua
926 1844 997 1904 de
1043 1863 1108 1904 re
1152 1844 1257 1904 ille
1304 1844 1539 1921 dixerit,
1585 1864 1704 1904 non
1747 1845 1911 1904 item.
1989 1846 2220 1905 Mitteis

192 1935 280 1997 Ib.
311 1936 351 1997 f.
378 1935 595 2013 Dogm.
626 1937 729 2011 28,
762 1936 887 1994 154
910 1953 1035 2011 sqq.
1081 1933 1154 1994 de
1200 1933 1547 1995 fideiussore
1593 1932 2029 2010 indemnitatis,
2080 1934 2220 1995 Per-

192 2026 325 2085 nice
380 2017 471 2083 11²
523 2045 582 2101 p.
622 2026 748 2084 278
822 2024 1026 2100 potius
1092 2024 1165 2083 de
1228 2022 1554 2100 argentarii
1619 2026 1931 2083 contractu
1994 2023 2220 2085 dictum

192 2115 378 2175 fuisse
423 2113 639 2174 merito
686 2112 919 2173 conicit.

505 2291 599 2350 De
642 2292 1003 2365 adqwirenda
1047 2291 1136 2349 vel
1180 2290 1496 2350 amittenda
1529 2294 1907 2364 possessione.

373 2410 477 2475 57.
540 2408 620 2472 D.
648 2409 753 2492 41,
783 2410 844 2489 2,
871 2410 930 2486 3,
961 2409 1020 2473 3.
1121 2406 1359 2473 Paulus
1415 2408 1580 2473 libro
1636 2410 2218 2494 quinquagensimo

196 2506 431 2583 quarto
489 2497 566 2562 ad
625 2498 896 2562 edictum
944 2494 1042 2583 (P.
1072 2494 1251 2583 658).
1297 2533 1386 2543 —
1429 2494 1739 2562 Neratius
1795 2502 1861 2562 et
1909 2498 2218 2563 Proculus

193 2591 264 2651 et
308 2587 447 2650 solo
489 2585 705 2650 animo
746 2583 935 2667 [non]
973 2605 1163 2668 posse
1201 2605 1320 2648 nos
1360 2584 1692 2671 adquirere
1729 2587 2220 2671 possessionem,

194 2675 353 2759 <et>
402 2674 459 2739 si
505 2695 634 2739 non
682 2674 1021 2739 antecedat
1064 2673 1384 2738 naturalis
1428 2674 1772 2756 possessio,
1855 2673 2125 2758 ideoque
2165 2676 2220 2739 si

190 2766 614 2829 thensaurum
677 2762 746 2826 in
810 2760 1008 2827 fundo
1072 2783 1216 2826 meo
1280 2762 1568 2845 positum
1625 2763 1850 2847 sciam,
1914 2764 2219 2829 continuo

194 2875 297 2919 me
334 2851 684 2937 possidere,
722 2849 915 2916 simul
955 2854 1147 2935 atque
1184 2849 1555 2934 possidendi
1589 2852 1886 2918 affectum
1915 2851 2219 2938 habuero,

194 2943 346 3026 quia
393 2940 562 3026 quod
600 2940 769 3006 desit
801 2940 1085 3005 naturali
1120 2940 1534 3024 possessioni,
1577 2940 1644 3005 id
1683 2940 1936 3007 animus
1974 2942 2220 3027 implet.

370 3035 662 3096 Kuebler.
711 3036 771 3095 Z.
800 3034 855 3094 d.
886 3034 1055 3094 Sava·
1068 3032 1153 3093 St.
1180 3034 1294 3114 XI,
1324 3036 1425 3095 51.

372 3137 501 3205 582
555 3138 633 3203 D.
661 3138 766 3219 41,
794 3138 855 3221 2,
886 3136 945 3223 1,
971 3137 1076 3202 21.
1150 3135 1387 3201 Paulus
1428 3137 1594 3201 libro
1638 3138 2216 3225 quinquagensimo

195 3232 445 3311 quarto·
463 3227 544 3292 ad
582 3225 862 3291 edictum
902 3187 1001 3309 (P.
1022 3224 1147 3291 657
1154 3221 1225 3312 ⁰).
1268 3262 1346 3273 —
1380 3224 1502 3290 Si
1483 3226 1781 3291 iusserim
1820 3228 2217 3293 venditorem

191 3314 597 3400 procuratori
660 3336 798 3380 rem
862 3313 1143 3396 tradere,
1208 3335 1355 3379 cum
1421 3336 1496 3379 ea
1557 3315 1626 3379 in
1688 3317 2055 3399 praesentia
2115 3318 2218 3398 sit,

194 3405 400 3469 videri
463 3404 625 3469 mihi
687 3402 993 3469 traditam
1058 3403 1314 3469 Priscus
1382 3403 1501 3488 ait,
1566 3404 1864 3490 idemque
1931 3426 2096 3489 esse,
2162 3406 2218 3468 si

336 3567 366 3616 1
410 3562 559 3619 Trib.
597 3561 765 3617 omni.
