2575 3900
808 194 859 244 4.
906 188 966 244 L.
1004 185 1365 242 NERATIUS
1401 185 1696 242 PRISCUS
2121 184 2246 249 301

811 385 913 451 De
952 386 1271 451 verborum
1315 385 1687 468 obliyatione.

427 513 527 578 14.
579 509 657 575 D
700 511 803 593 16,
842 511 902 594 3,
939 511 1042 577 30.
1132 508 1439 575 Neratius
1492 509 1658 575 libro
1713 509 1923 592 primo
1967 508 2250 593 Respon-

246 621 482 666 sorum.
529 636 613 647 —
660 596 728 664 Si
778 598 1117 664 fideiussor
1160 619 1277 683 pro
1325 593 1391 664 te
1438 598 1606 681 apud
1652 618 1842 682 quem
1888 597 2250 681 depositum

244 692 345 753 est
395 689 530 753 litis
588 686 1035 753 aestimatione
1092 687 1434 752 damnatus
1492 687 1605 769 sit,
1668 706 1807 750 rem
1860 690 2040 750 tuam
2094 685 2251 752 fieri.

882 863 985 930 De
1025 884 1105 930 sc.
1149 864 1618 930 Macedoniam.

429 989 527 1055 15.
580 987 660 1053 D.
693 989 793 1074 14,
822 989 880 1070 6,
911 990 1058 1072 7pr.
1129 987 1449 1072 'Ulpianus
1491 987 1658 1052 libro
1696 985 2046 1051 vicensimo
2082 1008 2252 1052 nono

246 1079 331 1144 ad
375 1077 671 1143 edictum.
716 1115 802 1124 —
849 1127 865 1142 .
898 1127 914 1142 .
952 1078 1007 1141 si
1051 1076 1223 1142 filius
1269 1076 1548 1141 familias
1593 1075 2006 1158 fideiusserit,
2052 1075 2115 1140 N
2119 1097 2251 1140 era·

244 1167 375 1232 tius
420 1167 588 1232 libro
634 1165 844 1250 primo
882 1216 897 1230 .
917 1216 932 1231 .
953 1215 968 1230 .
1005 1165 1486 1250 Responsorum
1519 1185 1770 1230 cessare
1805 1169 2066 1229 senatus
2104 1185 2254 1228 eon-

246 1255 485 1321 sultum
532 1255 639 1319 ait.

1056 1341 1155 1408 De
1187 1342 1444 1425 peculio,

434 1467 532 1532 16.
590 1466 669 1530 D.
711 1465 812 1550 15,
853 1469 913 1548 1,
951 1466 1055 1532 55.
1145 1465 1451 1531 Neratius
1498 1465 1666 1530 libro
1711 1465 1920 1548 primo
1967 1463 2256 1566 Responj

251 1576 488 1621 sorum.
550 1591 625 1604 —
685 1553 751 1619 Is
815 1577 960 1620 eum
1024 1577 1150 1639 quo
1212 1554 1287 1618 de
1343 1553 1594 1637 peculio
1623 1552 1919 1655 agebam
1979 1576 2017 1617 a
2071 1557 2137 1617 te
2192 1553 2257 1616 vi

251 1647 582 1729 exemptus
638 1647 764 1728 est3
822 1644 991 1728 quod
1038 1646 1192 1708 tune
1238 1664 1381 1707 eum
1430 1643 1493 1708 vi
1541 1640 1846 1707 eximeres
1893 1641 1962 1706 in
2005 1641 2256 1724 peculio

249 1731 471 1815 fuerit,
517 1731 812 1816 spectari.

1094 1878 1311 1937 Liber
1353 1877 1431 1938 Π.

1070 1998 1169 2063 De
1214 1999 1442 2081 leyatis.

444 2123 540 2187 17.
594 2120 671 2186 D.
713 2124 771 2199 7,
814 2126 867 2203 1,
906 2123 1009 2187 61.
1080 2121 1387 2187 Neratius
1434 2121 1601 2187 libro
1649 2122 1926 2187 seeundo
1973 2121 2258 2205 Respon-

258 2232 491 2275 sorum.
538 2245 611 2256 —
676 2210 1188 2292 Usufructuarius
1240 2232 1466 2276 novum
1516 2212 1721 2275 rivum
1752 2210 2096 2293 parietibus
2138 2230 2263 2274 non

246 2304 447 2382 potest
488 2299 790 2381 inponere.
880 2300 1225 2382 aedificium
1274 2298 1624 2364 inchoatum
1662 2298 2082 2380 fructuarium
2126 2319 2260 2363 con-

256 2407 567 2453 summare
608 2408 732 2452 non
768 2407 944 2469 posse
978 2388 1194 2471 placet,
1238 2389 1482 2452 etiamsi
1525 2408 1589 2452 eo
1637 2388 1758 2451 loeo
1795 2387 1975 2451 aliter
2007 2389 2106 2452 uti
2138 2407 2264 2452 nori

247 2476 474 2559 possit,
518 2476 625 2541 sed
664 2496 771 2541 nee
822 2477 952 2541 eius
999 2477 1241 2557 quidem
1282 2496 1468 2541 usum
1507 2474 1782 2556 fructum
1823 2494 1945 2541 esse
1990 2475 2152 2560 [nisi
2193 2476 2264 2539 in

260 2565 670 2629 constituendo
726 2565 818 2629 vel
870 2564 1121 2647 leyando
1177 2584 1298 2629 usu
1344 2564 1553 2646 fructu
1605 2562 1714 2628 hoc
1763 2564 2102 2645 specialiter
2153 2565 2264 2629 ad-

259 2654 480 2718 iectum
522 2653 628 2735 sit,
669 2657 740 2717 ut
781 2658 1104 2735 utrumque
1146 2653 1203 2717 ei
1246 2650 1477 2736 lieeaijl.

444 2742 542 2807 18.
589 2701 665 2805 D.
692 2740 798 2823 45,
828 2742 886 2823 3,
918 2742 1021 2805 22.
1091 2740 1396 2805 Neratius
1442 2740 1611 2805 libro
1661 2740 1936 2804 seeundo
1976 2738 2261 2823 Respon-

264 2851 498 2894 sorum.
551 2865 624 2876 —
679 2791 947 2895 Servu’m
994 2829 1415 2895 fructuarium
1453 2850 1528 2893 ex
1565 2850 1635 2893 re
1673 2827 1914 2892 domini
1951 2828 2266 2893 inutiliter

260 2916 618 2982 fructuario
676 2918 995 3002 stipulari,
1060 2918 1320 2983 domino
1379 2941 1454 2984 ex
1507 2940 1577 2982 re
1627 2916 1966 2983 fructuarii
2021 2916 2266 2982 utiliter

262 3005 579 3090 stipulari.

443 3094 545 3159 19.
600 3093 675 3158 D.
713 3094 866 3159 ibid.
904 3096 1006 3160 24.
1096 3095 1398 3161 Neratius
1444 3095 1611 3161 libro
1659 3094 1934 3161 seeundo
1981 3094 2265 3179 Respon-

264 3204 503 3247 sorum.
561 3219 645 3230 —
698 3183 788 3248 Et
842 3183 899 3247 si
954 3184 1223 3249 duorum
1277 3206 1430 3249 usus
1484 3184 1732 3250 fruetus
1789 3185 1901 3267 sit,
1965 3184 2136 3269 quod
2189 3204 2267 3247 ex

267 3271 478 3355 operis
534 3271 667 3336 suis
723 3272 908 3337 alteri
966 3295 1180 3338 eorum
1236 3274 1585 3357 stipulatus
1633 3273 1744 3355 sit,
1797 3293 1917 3355 pro
1965 3293 2042 3337 ea
2087 3272 2268 3335 dum-

264 3363 452 3425 taxat
496 3364 707 3445 parte,
754 3383 829 3425 ex
878 3383 1005 3445 qua
1049 3383 1201 3426 usus
1246 3363 1492 3427 fruetus
1539 3362 1674 3427 eius
1721 3361 1832 3443 sit,
1876 3360 2143 3444 adquiri.

446 3449 548 3514 20.
599 3449 675 3514 D.
705 3450 810 3532 33,
840 3450 898 3532 7,
927 3450 1030 3515 23.
1102 3448 1407 3515 Neratius
1455 3451 1620 3515 libro
1667 3449 1946 3514 secundo
1985 3448 2268 3533 Respon-

268 3559 507 3602 sorum.
556 3574 631 3584 —
686 3535 845 3603 Cum
900 3543 1271 3623 quaeratur,
1327 3538 1494 3622 quod
1550 3540 1637 3603 sit
1678 3538 1986 3603 tabernae
2033 3538 2268 3601 instru-
