2575 3900
435 215 561 278 548
1170 213 1717 272 ADDITAMENTA.

434 377 562 442 fuit
597 377 720 442 iste
758 381 951 460 tutor,
988 376 1371 462 quibusdam
1409 377 1663 442 videtur
1699 399 1828 442 non
1867 376 2081 442 venire
2114 377 2182 441 in
2208 379 2472 442 tutelae

433 465 756 545 iudicium,
797 465 852 530 si
883 466 1074 530 modo
1113 465 1170 531 is
1208 466 1344 530 dien
1383 467 1589 550 [post]
1627 466 1901 530 tutelam
1937 465 2191 530 finitam
2232 487 2471 550 super-

433 554 627 618 venit.
699 553 870 640 quod
919 555 973 619 si
1010 554 1144 618 dies
1185 555 1391 620 adhue
1430 554 1698 619 durante
1736 555 1941 619 tutela
1981 555 2175 638 venit,
2222 559 2470 638 putant

433 643 808 708 omnimodo
856 643 1104 708 devolvi
1149 645 1217 707 in
1262 643 1503 708 tutelae
1551 643 1875 708 iudicium.

1093 801 1194 868 De
1235 803 1468 868 delictis
1500 803 1791 885 privatis.

612 909 714 974 89.
743 907 883 974 Gai.
911 909 971 993 4,
1000 908 1057 973 8.
1095 945 1170 956 -
1203 908 1489 974 Poenam
1516 912 1770 974 tantum
1797 908 2243 995 persequimur
2282 911 2465 976 velut

434 998 686 1062 actione
751 997 906 1061 furti
967 1001 1032 1060 et
1083 997 1466 1062 iniuriarum
1527 1002 1593 1062 et
1648 998 1989 1064 seeundum
2051 999 2462 1082 quorundam

434 1086 800 1171 opinionem
849 1087 1099 1150 actione
1147 1086 1210 1150 vi
1256 1087 1576 1152 bonorum
1621 1091 1975 1170 raptorum.

1269 1233 1363 1292 De
1405 1235 1597 1307 furti&

609 1333 738 1398 90⁸.
787 1330 924 1397 Gai.
954 1334 1015 1415 2,
1042 1333 1146 1398 51.
1210 1369 1288 1380 —
1354 1384 1367 1399 .
1408 1384 1421 1398 .
1462 1382 1478 1399 .
1517 1356 1739 1399 eorum
1786 1333 2133 1417 sententia,
2180 1333 2292 1418 qui
2334 1357 2456 1420 pu-

433 1422 717 1486 taverint
759 1421 1067 1485 furtivum
1113 1422 1382 1487 fundum
1430 1423 1570 1487 fieri
1613 1444 1821 1509 posse.

611 1507 745 1575 90⁷⁰.
793 1509 868 1575 D.
889 1510 994 1594 47,
1014 1511 1074 1593 2,
1093 1511 1180 1575 45
1201 1533 1295 1596 pr.
1360 1510 1682 1595 Ulpianus
1712 1511 1879 1576 libro
1908 1511 2454 1596 quadragensimo

435 1600 514 1663 ad
573 1597 899 1663 Sabinum.
948 1635 1032 1645 —
1088 1649 1102 1663 .
1133 1647 1148 1662 .
1179 1650 1192 1664 .
1237 1600 1527 1684 plerique
1586 1601 1892 1684 probant,
1959 1600 2139 1664 fundi
2205 1600 2455 1664 furtum

435 1709 541 1772 agl
586 1709 716 1751 non
764 1708 973 1771 posse.

611 1781 682 1839 ef.
729 1781 808 1859 ΙΙ,
858 1784 891 1840 1
943 1801 1000 1856 p.
1040 1783 1188 1842 383.

611 1864 714 1929 91.
779 1865 916 1930 Gai.
956 1863 1024 1946 3,
1062 1865 1208 1929 208.
1265 1902 1334 1912 —-
1399 1917 1411 1930 .
1451 1916 1464 1931 .
1506 1918 1517 1930 .
1567 1866 1893 1930 sciendum
1941 1871 2039 1931 est
2089 1868 2457 1951 quaesitum

441 1976 582 2018 esse
630 1977 711 2017 an
744 1954 1015 2038 inpubes
1057 1976 1190 2018 rem
1229 1955 1507 2019 alienam
1556 1956 1914 2021 amovendo
1952 1956 2201 2021 furtum
2239 1955 2460 2022 faeiat.

434 2042 758 2127 plerisque
803 2044 1040 2127 placet,
1086 2044 1237 2127 quia
1283 2043 1523 2109 furtum
1572 2066 1648 2107 ex
1694 2043 1949 2109 adfectu
1995 2044 2320 2129 consistit,
2364 2046 2460 2110 ita

435 2132 691 2196 demum
750 2131 1026 2214 obligari
1079 2153 1153 2196 eo
1208 2134 1473 2197 erimine
1530 2133 1960 2216 impuberem,
2016 2134 2071 2198 si
2122 2136 2457 2217 proximus

434 2220 758 2305 pubertati
808 2222 895 2283 sit
941 2225 1007 2284 et
1053 2224 1134 2285 ob
1183 2220 1246 2284 id
1295 2221 1635 2305 intellegat
1681 2242 1748 2285 se
1796 2222 2185 2306 delinquere.

612 2307 714 2371 92.
765 2305 902 2390 Gai,
931 2310 990 2390 3,
1023 2310 1166 2374 184.
1210 2346 1286 2356 —-
1327 2308 1746 2375 Manifestum
1792 2310 2034 2375 furtum
2082 2311 2345 2395 quidam
2391 2311 2457 2374 id

438 2418 577 2460 esse
624 2396 936 2480 dixerunt,
983 2398 1151 2481 quod
1199 2398 1350 2461 dum
1396 2398 1488 2476 fit,
1536 2398 2049 2482 deprehenditur.
2143 2398 2256 2464 alii
2303 2422 2454 2464 vero

435 2485 731 2567 ulterius,
789 2486 956 2570 quod
1015 2507 1090 2550 eo
1138 2486 1280 2550 loeo
1331 2487 1855 2571 deprehenditur,
1909 2486 2019 2551 ubi
2064 2487 2140 2550 fit
2183 2534 2201 2551 .
2232 2538 2246 2552 .
2278 2538 2293 2552 .
2345 2489 2455 2553 alii

440 2574 648 2638 adhue
694 2573 963 2638 ulterius
1011 2596 1085 2639 eo
1133 2596 1334 2659 usque
1372 2574 1785 2640 manifestum
1824 2577 2065 2640 furtum
2103 2598 2244 2640 esse
2284 2576 2455 2641 dixe·

435 2669 614 2745 runt,
661 2662 859 2726 donee
906 2663 1216 2745 perferret
1262 2685 1337 2728 eo
1389 2685 1515 2750 quo
1561 2664 1840 2747 perferre
1886 2664 1992 2729 fur
2038 2664 2456 2751 destinasset3

436 2751 548 2815 alii
605 2750 812 2815 adhue
866 2751 1130 2815 ulterius
1143 2802 1158 2833 ,
1222 2754 1604 2837 quandoque
1670 2775 1810 2817 eam
1877 2775 2013 2817 rem
2066 2753 2171 2817 fur
2228 2762 2457 2819 tenens

435 2840 612 2904 visus
660 2839 868 2904 fuerit.

1167 2934 1261 2993 De
1306 2936 1423 3009 leqe
1466 2933 1727 3008 Aquilia.

613 3034 714 3099 93.
763 3034 932 3098 Fest.
970 3057 1029 3117 p.
1064 3036 1207 3099 178.
1238 3071 1321 3082 —
1353 3035 1649 3100 Occisum
1698 3058 1736 3099 a
1780 3040 2007 3101 necato
2056 3036 2459 3122 distinguunt

436 3123 724 3207 quidam,
787 3122 955 3206 quod
1026 3124 1300 3188 alterum
1371 3146 1409 3187 a
1478 3124 1796 3189 caedendo
1863 3129 2055 3209 atque
2116 3125 2251 3189 ictu
2310 3126 2458 3191 fieri

437 3213 680 3293 dicunt,
728 3212 996 3276 alterum
1051 3214 1185 3277 sine
1231 3213 1381 3277 ictu.
1794 3244 1801 3253 ·

613 3306 686 3364 of.
733 3304 764 3362 I
808 3325 864 3380 p.
907 3308 1051 3366 136.

613 3388 718 3451 94.
748 3385 1365 3472 Gai.3‚218.—Hoc
1398 3439 1445 3455 ..
1467 3390 1673 3474 eapite
1694 3388 1808 3477 (se.
1828 3388 2054 3478 tertio)
2078 3412 2205 3456 non
2227 3394 2455 3475 quanti

438 3479 502 3540 in
558 3498 634 3541 eo
691 3498 892 3557 ann0‚
946 3478 1074 3542 sed·
1113 3480 1337 3562 quanti
1394 3480 1459 3543 in
1517 3479 1739 3544 diebus
1786 3477 1969 3545 XXX
2022 3479 2333 3564 proximis
2382 3503 2456 3545 ea

437 3585 539 3626 res
593 3564 815 3645 fuerit,
872 3565 1210 3630 damnatur
1262 3566 1321 3630 is
1379 3567 1486 3650 qui
1546 3568 1845 3632 damnum
1895 3569 2155 3632 dederit.
2247 3590 2321 3633 ac
2376 3591 2454 3634 ne
