2575 3900
338 160 474 225 414
543 161 611 217 V.
648 162 950 217 NERVAE
985 161 1080 216 ΕΤ
1117 163 1429 218 TRAIANI
1460 162 1673 220 TEMP.
1708 164 1903 220 IURIS
1941 162 2297 221 CONSULTI

335 326 483 390 isset
530 326 762 407 parari
805 327 1044 407 pecoris
1095 327 1489 393 instrumenti
1536 326 1728 409 fundi
1778 347 1996 411 causa,
2056 328 2161 393 sed
2208 328 2369 410 quui

326 418 628 497 paratum
690 419 868 491 esset;
935 435 1064 481 non
1123 416 1289 480 enim
1350 436 1426 481 eo:
1485 436 1740 482 numero
1801 421 1914 481 aut
1973 417 2367 483 multitudine

335 502 538 585 leqata
580 504 1037 569 aestimandum
1081 524 1220 571 esse.
1313 504 1619 571 labeonis
1658 506 2024 571 sententiam
2054 506 2267 588 probo.

513 600 621 666 42.
678 600 754 666 D.
779 599 932 667 ibid.
961 604 1002 682 ἓ
1035 602 1092 668 1.
1133 638 1211 649 -
1254 602 1525 683 Quidam
1568 622 1710 669 eum
1754 604 1825 667 in
1862 603 2063 684 fundo
2104 603 2359 687 fiqlinas

335 687 602 767 haberet,
663 690 994 773 fiqulorum
1055 711 1241 774 opera
1304 692 1540 763 maiore
1596 696 1779 774 parte
1839 692 2000 757 anni
2059 693 2148 757 ad
2208 712 2364 775 opus

335 779 638 844 rusticum
683 780 978 863 utebatur,
1022 781 1242 845 deinde
1281 781 1417 845 eius
1453 779 1643 862 fundi
1687 781 2169 846 instrumentum
2203 781 2361 864 loya-

331 872 524 1037 Jrerat.
600 868 804 933 Labeo
845 868 1166 935 Trebatius
1201 890 1329 934 non
1363 870 1559 935 videri
1590 870 1814 953 fiqulos
1849 871 1918 935 in
1954 870 2363 937 instrumento

364 958 522 1021 undi
564 976 704 1023 esse.

513 1054 620 1121 43.
677 1054 751 1119 D.
780 1055 932 1120 ibid.
962 1058 1002 1136 ἓ
1031 1056 1091 1121 2.
1140 1092 1228 1103 --
1270 1055 1435 1121 Item
1477 1076 1616 1122 cum
1660 1058 2140 1122 instrumentum
2183 1077 2363 1122 omne

335 1142 601 1227 leyatum
636 1149 786 1209 esset
818 1150 1055 1227 excepto
1077 1165 1312 1231 pecore,
1335 1150 1619 1228 pastores
1652 1146 1959 1231 oviliones,
1995 1146 2188 1212 ovilia
2214 1166 2361 1228 quo-

334 1252 449 1315 que
494 1233 686 1316 leyato
729 1234 1028 1298 contineri
1079 1232 1306 1316 Ofilius
1348 1254 1475 1299 non
1518 1239 1671 1300 recte
1701 1237 1909 1318 putat.

1026 1435 1121 1494 De
1164 1436 1405 1495 aedibus
1448 1436 1665 1509 leyatis.

513 1553 618 1617 44.
676 1552 749 1617 D.
779 1552 884 1636 50,
916 1553 1016 1635 16,
1045 1554 1195 1638 242,
1229 1556 1284 1619 1.
1364 1552 1706 1618 Iavolenus
1754 1554 1921 1619 libro
1961 1554 2240 1619 seeundo
2280 1575 2360 1618 ex

334 1641 805 1725 posterioribus
851 1642 1189 1708 Labeonis.
1227 1679 1313 1688 —
1349 1642 1527 1707 Inter
1570 1641 1949 1726 ‘proiectum'
1995 1646 2054 1707 et
2096 1642 2359 1707 ‘immis-

334 1728 497 1794 sum'
551 1729 661 1795 hoc
719 1732 1003 1797 interesse
1059 1733 1154 1796 ait
1204 1730 1433 1816 Labeo,
1496 1733 1660 1814 quod
1700 1732 2037 1814 proiectum
2093 1736 2241 1797 esset
2290 1732 2365 1797 id

333 1820 500 1901 quod
561 1820 654 1884 ita
695 1820 1128 1901 proveheretur
1181 1826 1256 1885 ut
1306 1840 1616 1904 nusquam
1668 1822 2080 1905 requiesceret,
2142 1820 2360 1902 qualia

334 1908 671 1974 maeniana
715 1912 774 1974 et
812 1910 1199 1993 suyqrundae
1241 1914 1465 1987 essent,·
1520 1909 1869 1976 immissum
1913 1914 2145 1994 autem,
2198 1910 2365 1992 quod

333 1997 430 2061 ita
475 1999 671 2080 fieret,
723 2002 796 2062 ut
837 1999 1048 2080 aliqw
1093 1999 1218 2064 loco
1263 2000 1667 2084 requiesceret,
1711 2000 1897 2065 veluti
1940 2001 2116 2082 tiqna
2160 1999 2363 2068 trabes

335 2106 495 2168 quae
539 2087 963 2152 inmitteretur.

512 2182 616 2249 45.
663 2182 739 2250 D.
769 2185 920 2250 ibid.
950 2189 990 2267 ἓ
1021 2186 1078 2250 2.
1115 2222 1203 2233 ·-
1243 2185 1602 2272 Plumbum,
1634 2187 1798 2268 quod
1830 2186 2047 2269 teyulis
2082 2185 2359 2269 <inter->
2498 2257 2505 2264 ,

321 2277 670 2356 poneretur,
714 2275 984 2356 aedificii
1017 2295 1141 2340 esse
1183 2277 1282 2340 ait
1313 2275 1540 2359 Labeo,
1585 2278 1693 2341 sed
1726 2275 1807 2360 id,
1841 2277 2005 2357 quod
2036 2274 2361 2358 hypaethri

335 2363 568 2445 teyendi
611 2360 801 2428 causa
839 2369 1190 2448 poneretur,
1234 2369 1448 2429 contra
1482 2385 1623 2430 esse.

512 2459 616 2525 46.
689 2460 768 2526 D.
804 2461 957 2528 ibid.
994 2464 1034 2542 ἓ
1073 2463 1131 2528 4.
1203 2498 1278 2509 -
1346 2461 1707 2527 Straturam
1771 2461 1887 2526 loci
1950 2460 2218 2526 alieuius
2282 2480 2358 2525 ex

336 2548 562 2614 tabulis
590 2551 827 2632 factam
844 2548 885 2631 ¹,
918 2573 1076 2634 quae
1111 2556 1335 2618 aestate
1371 2551 1719 2616 tollerentur
1754 2555 1813 2615 et
1844 2549 2037 2615 hieme
2064 2569 2357 2632 poneren-

333 2641 452 2723 tur,
524 2640 770 2704 oedium
841 2661 965 2706 esse
1033 2642 1129 2705 ait
1195 2640 1426 2720 Labeo,
1496 2641 1793 2722 quoniam
1852 2639 2135 2722 perpetui
2205 2657 2358 2704 usus

320 2732 591 2810 paratae
651 2733 874 2808 essent‚·
939 2750 1128 2812 neque
1189 2731 1278 2795 ad
1324 2750 1455 2794 rem
1500 2729 1831 2811 pertinere,
1892 2729 2057 2810 quod
2107 2728 2359 2793 interim

333 2816 696 2882 tollerentur.

511 2912 613 2979 47.
662 2913 740 2979 D.
780 2914 884 2996 32,
913 2915 1016 2998 30,
1045 2915 1105 2980 6.
1164 2914 1380 2981 Labeo
1410 2917 1578 2981 libro
1610 2914 1889 2981 sec-undo
1918 2913 2352 3000 posteriorum

334 3023 373 3066 a
408 2999 452 3065 J
456 3003 730 3068 avoleno
777 2965 1296 3087 epitomatorum.
1342 3040 1421 3054 «-
1455 3004 1532 3070 Si
1574 3005 1749 3069 aedes
1792 3004 2035 3070 alienas
2069 3008 2141 3068 ut
2172 3004 2357 3068 dares

331 3090 740 3174 damna[tu]s
791 3092 880 3157 sis
929 3113 1121 3175 neque
1171 3113 1276 3158 eas
1328 3094 1463 3160 ulla
1517 3094 1865 3159 condicione
1907 3113 2099 3158 emere
2130 3093 2353 3175 possis,

333 3179 658 3245 aestimare
709 3181 972 3246 iudicem
1023 3186 1316 3264 oportere
1344 3183 1567 3248 Ateius
1617 3182 1852 3267 scribit,
1905 3183 2129 3265 quanti
2176 3181 2355 3246 aedes

332 3269 483 3352 sint,
536 3273 609 3332 ut
646 3271 850 3349 pretio
904 3270 1099 3335 soluto
1141 3270 1311 3335 heres
1355 3271 1655 3336 liberetur.
1746 3234 2021 3354 idemque
2064 3271 2225 3336 iuris
2266 3273 2359 3335 est

331 3361 391 3420 et
431 3357 514 3438 si,
558 3355 780 3440 (cum)
817 3359 1117 3438 potuisses
1159 3377 1379 3438 emere,
1422 3380 1548 3424 non
1591 3360 1823 3425 emeris.

479 3542 507 3591 1
547 3537 644 3593 Fz.
681 3537 861 3593 factis.
