2575 3900
371 211 501 276 382
571 212 640 267 V.
676 210 974 267 NERVAE
1011 210 1105 265 ΕΤ
1143 208 1451 265 TRAIANI
1486 207 1700 264 TEMP.
1735 206 1928 263 TURIS
1956 206 2323 262 CONSULTI

367 398 599 441 comma
643 398 834 457 neque
875 379 1178 439 Aristonis
1222 396 1415 455 neque
1451 377 1629 437 Pauli
1674 395 1803 437 esse
1846 374 2065 454 iudico,
2111 375 2214 434 sed
2251 375 2399 434 Tri-

366 469 610 530 boniani
671 469 744 527 de
808 469 1187 528 Trebelliano
1252 470 1499 527 senatus
1552 466 1825 525 consulto
1879 484 2036 524 nova
2088 464 2399 540 quaedam

371 558 709 619 statuentis.
799 558 946 617 Inst.
978 559 1035 633 2,
1065 558 1169 634 23,
1199 559 1256 617 7.

542 645 630 706 cf.
696 646 825 706 Gai.
877 649 943 722 2,
991 648 1118 707 254
1149 664 1234 721 sq.
1352 638 1491 720 ‘per
1562 643 1721 721 quod
1792 641 2391 702 senatusconsultum

366 727 476 815 (sc.
522 726 950 816 Pegasianum)
995 737 1126 810 ipse
1169 728 1428 812 (heres)
1473 751 1653 792 onera
1696 730 2060 791 hereditaria
2106 730 2391 805 sustinet,

362 824 467 883 ille
518 827 725 884 autem
772 823 873 901 qui
919 842 991 882 ex
1034 822 1488 883 fideicommisso
1532 821 1825 897 reliquam
1870 822 2108 896 partem
2152 819 2393 877 heredi-

363 913 510 973 tatis
555 912 786 988 recipit,
831 912 1112 988 legatarii
1155 910 1431 989 partiarii
1475 911 1605 970 loco
1652 912 1759 987 est,
1805 908 1868 968 id
1913 911 2006 967 est
2052 908 2179 967 eius
2216 908 2388 985 lega-

362 1002 504 1061 tarii
554 1000 650 1061 cui
695 1020 834 1078 pars
881 1000 1170 1062 bonorum
1216 1000 1456 1077 legatur
1493 1045 1507 1060 .
1537 1042 1551 1057 .
1582 1044 1595 1058 .
1633 999 1699 1057 in
1742 999 2064 1074 utrumque
2112 996 2387 1055 actiones

361 1090 757 1150 hereditariae
812 1108 920 1167 pro
977 1093 1114 1149 rata
1157 1091 1330 1164 parte
1386 1090 1630 1160 dantur,
1682 1087 1748 1145 in
1800 1084 2081 1145 heredem
2136 1084 2385 1162 quidem

361 1178 492 1239 iure
539 1179 727 1256 civili,
783 1178 846 1237 in
897 1198 1035 1237 eum
1091 1196 1233 1239 vero
1281 1176 1384 1254 qui
1428 1176 1641 1253 recipit
1686 1174 2110 1252 hereditatem,
2166 1192 2238 1233 ex
2286 1192 2382 1233 se-

359 1268 812 1328 natusconsulto
861 1260 1275 1326 Trebelliano'.

539 1369 644 1433 24.
699 1368 780 1433 D.
808 1369 913 1451 36,
948 1370 1000 1451 1,
1029 1369 1136 1433 22.
1223 1366 1617 1451 Pomponius
1669 1365 1840 1431 libro
1884 1364 2236 1429 vicensimo
2287 1386 2383 1428 se-

362 1458 571 1523 cundo
628 1456 708 1522 ad
755 1455 1066 1523 Sabinum
1112 1452 1212 1542 (P.
1251 1452 1428 1542 695).
1479 1490 1553 1502 —
1605 1454 1810 1519 Heres
1866 1475 2013 1519 cum
2069 1452 2384 1518 debuerat

361 1549 661 1629 quartam
699 1546 996 1626 retinere,
1031 1548 1242 1609 totam
1277 1542 1704 1609 hereditatem
1739 1541 2026 1609 restituit
2060 1560 2177 1607 nec
2207 1541 2384 1606 cavit

363 1634 488 1699 sibi
540 1634 960 1719 stipulatione
1006 1632 1360 1718 proposita.
1450 1630 1729 1697 similem
1776 1654 1923 1695 eum
1969 1652 2109 1697 esse
2154 1628 2381 1695 Aristo

361 1722 455 1787 ait
499 1722 650 1805 illis,
696 1724 807 1807 qui
850 1722 1261 1805 retentiones,
1310 1743 1471 1806 quas
1517 1721 1688 1786 solas
1734 1720 1995 1804 habent,
2041 1718 2381 1803 omittunt3

363 1810 474 1878 sed
521 1832 714 1894 posse
757 1831 901 1875 eum
938 1832 1154 1876 rerum
1189 1810 1725 1875 hereditariarum
1760 1807 2237 1893 possessionem
2275 1807 2380 1871 vel

362 1903 653 1985 repetere
709 1900 807 1964 vel
862 1900 1146 1966 nancisci
1202 1904 1269 1966 et
1323 1899 1627 1965 adversus
1684 1902 1982 1985 agentem
2037 1895 2170 1963 doli
2218 1894 2378 1960 mali

363 1989 739 2074 exceptione
803 1990 930 2076 uti;
973 2008 1164 2073 posse
1219 2011 1367 2054 eum
1424 1995 1489 2053 et
1536 1987 1932 2053 debitoribus
1978 1985 2380 2068 denuntiare,

357 2099 438 2143 ne
485 2077 857 2142 solveretur.

1019 2183 1119 2250 De
1165 2185 1437 2250 libertate
1478 2183 1707 2248 relicta.

537 2290 642 2355 25.
687 2288 769 2354 D.
796 2291 903 2374 40,
928 2292 992 2377 4,
1017 2292 1077 2356 2.
1149 2290 1331 2356 Idem
1376 2286 1493 2376 (sc.
1532 2287 1885 2376 Ulpianus)
1931 2288 2099 2352 libro
2146 2288 2378 2371 quinto

362 2379 442 2445 ad
501 2376 813 2444 Sabinum
869 2379 966 2462 (P.
1002 2377 1249 2465 24640).
1305 2415 1393 2426 —-
1450 2375 1519 2444 Si
1582 2379 1725 2462 quis
1778 2379 1873 2442 ita
1922 2375 2222 2441 heredem
2278 2377 2374 2440 in-

365 2468 652 2533 stituerit
697 2467 932 2533 ‘Titius
978 2468 1166 2533 heres
1211 2471 1371 2534 est0.
1462 2467 1519 2531 si
1566 2466 1775 2532 Titius
1820 2467 2006 2531 heres
2050 2487 2185 2530 non
2232 2466 2375 2542 erit,

361 2555 623 2623 Stichus
695 2558 883 2622 heres
957 2561 1126 2641 est03
1193 2555 1453 2622 Stichus
1533 2555 1697 2620 liber
1761 2552 1953 2638 esto',
2033 2575 2169 2620 non
2234 2575 2373 2618 esse

361 2644 651 2712 Stichum
696 2646 972 2711 liberum
1019 2647 1240 2710 Aristo
1288 2645 1383 2710 ait
1427 2643 1600 2709 Titio
1644 2644 1878 2708 herede
1924 2642 2258 2708 existente.

533 2754 639 2818 26.
683 2750 765 2818 D.
792 2753 898 2834 28,
925 2753 986 2837 5,
1013 2753 1073 2834 9,
1104 2753 1202 2818 14.
1285 2750 1603 2835 Ulpianus
1648 2750 1812 2816 libro
1861 2750 2087 2835 quinto
2135 2748 2215 2813 ad
2261 2746 2371 2813 Sa-

358 2841 581 2906 binum
636 2838 735 2926 (P.
773 2842 998 2926 2464).
1053 2877 1139 2888 —
1206 2838 1278 2906 Si
1333 2841 1479 2925 quis
1533 2840 1639 2904 'ita
1702 2839 2033 2925 scripserit
2086 2834 2371 2903 ‘Stichus

356 2930 522 2993 liber
559 2933 700 2994 esto
739 2935 822 3011 et,
856 2933 1281 3014 posteaquam
1318 2928 1485 2995 liber
1521 2929 1662 3012 erit,
1697 2926 1887 2992 heres
1914 2923 2095 3011 esto'‚
2130 2923 2373 3010 Labe0,

354 3015 660 3082 Neratius
726 3023 793 3081 et
847 3017 1071 3083 Aristo
1137 3017 1487 3100 opinantur
1550 3017 1839 3082 detracto
1904 3014 2101 3081 verbo
2156 3014 2371 3079 medio

357 3104 631 3190 ‘postea'
691 3105 887 3171 simul
942 3107 1002 3170 ei
1056 3110 1121 3171 et
1173 3106 1541 3170 libertatem
1596 3110 1664 3171 et
1714 3104 2141 3170 hereditatem
2198 3125 2369 3170 com·

353 3197 589 3279 petere.

535 3299 636 3362 27.
674 3298 752 3363 D.
781 3298 885 3381 40,
913 3299 971 3381 5,
998 3300 1103 3365 20.
1175 3299 1569 3384 Pomponius
1597 3298 1767 3363 libro
1794 3299 2073 3382 septimo
2101 3297 2368 3382 Epistu-

356 3386 567 3451 larum
614 3383 709 3472 (P.
755 3383 926 3472 190).
979 3424 1054 3434 —-
1103 3386 1297 3472 Apud
1342 3386 1666 3452 Iulianum
1718 3386 1816 3451 ita
1871 3388 2183 3470 scriptum
2242 3390 2368 3450 est:

358 3473 439 3539 ‘si
490 3473 680 3538 heres
725 3479 991 3559 rogatus
1037 3495 1295 3541 servum
1340 3474 1791 3539 manumittere
1839 3495 1919 3539 ex
1962 3474 2367 3539 Trebelliano

357 3565 622 3627 senatus
674 3563 969 3627 consulto
1011 3563 1435 3630 hereditatem
1488 3561 1870 3646 restituerit,
1916 3563 2061 3648 cogi
2105 3561 2369 3627 debebit
