2575 3900
645 215 651 221 -
769 187 818 236 6.
862 179 1278 236 IAVOLENUS
1317 179 1611 235 PRISCUS
1960 135 1962 138 Α
2064 179 2196 244 479

975 384 1187 444 Liber
1231 384 1401 443 VIII.

925 495 1024 560 De
1068 496 1456 560 testamentis,

356 609 464 675 45.
520 608 598 675 D.
629 611 733 695 38,
768 611 829 694 2,
873 610 978 676 36.
1065 607 1244 672 Idem
1294 605 1408 696 (sc.
1453 606 1828 694 Iavolenus)
1877 609 2042 674 libro
2092 632 2196 675 oc·

164 701 339 762 tavo
392 697 857 782 Epistularum.
907 735 982 744 —
1032 698 1317 763 Libertus
1374 700 1483 780 qui
1534 699 1813 763 solvendo
1867 720 1993 764 non
2046 703 2197 782 erat,

145 789 504 870 praeterito
529 793 799 869 patrono
835 787 1138 852 ewtrarios
1171 787 1467 869 relinquit
1497 787 1752 852 heredes.
1829 808 2073 869 quaero,
2109 808 2196 852 an

147 876 374 960 possit
399 880 700 956 patronus
714 881 916 959 petere
940 880 1154 941 eontra
1171 874 1416 940 tabulas
1433 876 2197 958 bonorumpossessionem·

356 964 724 1046 Respondit:
773 985 912 1030 eum
955 985 998 1028 a
1039 965 1286 1046 scriptis
1330 964 1644 1030 heredibus
1686 965 1862 1029 adita
1905 970 1995 1030 est
2034 965 2197 1030 here-

160 1055 369 1134 ditas,
435 1059 738 1134 patronus
809 1059 1022 1118 eontra
1093 1053 1336 1118 tabulas
1406 1054 1699 1119 bonorum
1757 1055 2195 1134 possessionem

147 1147 374 1226 petere
413 1147 639 1226 potest,
691 1143 843 1225 quia
894 1143 1174 1208 solvendo
1217 1142 1515 1208 hereditas
1560 1148 1671 1222 est,
1723 1163 1880 1224 quae
1922 1144 2201 1208 inveniat

160 1231 469 1296 heredem.
557 1238 613 1304 et
663 1251 814 1297 sane
845 1231 1200 1296 absurdum
1253 1237 1342 1296 est
1390 1232 1492 1296 ius
1523 1233 1783 1313 patroni
1826 1233 1899 1296 in
1929 1233 2197 1314 petenda

159 1321 289 1385 bon
297 1339 474 1384 orum
497 1321 877 1402 possessione
909 1325 1123 1384 eontra
1159 1321 1401 1385 tabulas
1436 1320 1703 1385 aliorum
1734 1321 2196 1404 computatione,

160 1428 308 1474 non
359 1409 588 1473 iudicio
631 1410 829 1491 ipsius
864 1409 1120 1490 patroni
1164 1410 1481 1475 aestimari
1524 1409 1877 1495 auferrique
1914 1415 2198 1493 patrone,

158 1497 344 1581 quod
384 1499 689 1562 modicum
732 1499 1157 1562 vindicaturus
1199 1503 1303 1562 est.
1382 1499 1561 1582 multi
1594 1500 1756 1562 enim
1792 1517 1971 1563 casus
2005 1499 2196 1562 inter-

160 1586 385 1652 venire
425 1590 711 1669 possunt,
764 1587 980 1668 quibus
1037 1587 1318 1667 expediat
1354 1591 1621 1668 patrono
1655 1591 1858 1668 petere
1899 1587 2197 1652 bonorum
2279 1583 2282 1586 ’

148 1677 639 1759 possessionem,
712 1676 992 1757 quamvis
1062 1677 1227 1739 aeris
1294 1675 1487 1739 alieni
1548 1676 1935 1758 maqnitudo‚
2005 1696 2195 1756 quam

166 1765 433 1830 libertus
502 1764 839 1846 reliquerit,
913 1764 1242 1845 facultates
1300 1764 1674 1846 patrimonii
1743 1765 1874 1829 eius
1934 1766 2195 1842 eaeedat,

169 1853 370 1918 veluti
411 1853 471 1916 si
504 1853 769 1934 praedia
812 1858 960 1918 sunt
1001 1853 1217 1935 aliqua
1259 1873 1337 1916 ex
1380 1852 1556 1918 bonis
1600 1852 1815 1935 liberti,
1860 1854 1931 1917 in
1974 1854 2196 1934 quibus

164 1941 491 2007 maiorum
536 1943 792 2024 patroni
843 1942 1160 2025 sepulchra
1212 1943 1344 2007 sint
1393 1947 1449 2006 et
1500 1942 1715 2025 maqni
1758 1942 2046 2007 aestimat
2080 1963 2196 2024 pa-

165 2036 399 2096 tronus
461 2030 754 2096 bonorum
807 2033 1246 2113 possessionem
1312 2038 1581 2115 propter
1632 2053 1705 2096 ea
1759 2032 1907 2096 iura·
1918 2028 1942 2066 ¹
1998 2033 2085 2096 ad
2134 2052 2197 2095 se

152 2120 502 2203 pertinere,
547 2121 640 2185 vel
692 2121 933 2202 aliquid
982 2122 1387 2203 mancipium,
1440 2122 1602 2202 quod
1641 2140 1767 2185 non
1810 2122 2037 2203 pretio,
2090 2120 2199 2184 sed

167 2207 404 2287 affeetu
459 2210 544 2272 sit
602 2211 1074 2275 aestimandum.
1160 2230 1285 2273 non
1349 2230 1486 2291 erqo
1539 2211 1670 2273 ideo
1724 2211 1931 2273 minus
1983 2209 2196 2272 habere

169 2298 346 2362 debet
377 2298 478 2361 ius
505 2299 796 2378 petendae
828 2298 1122 2363 bonorum
1147 2298 1552 2379 possessionis
1589 2296 1719 2379 ‘qui
1752 2299 1964 2361 animo
1987 2298 2196 2380 potius

170 2406 372 2467 quam
423 2386 694 2450 aliorum
737 2386 1202 2468 eomputatione'
1249 2386 1407 2450 bona
1453 2386 1651 2450 liberti
1694 2387 2002 2470 aestimat,
2056 2406 2196 2451 eum

171 2494 244 2538 eo
322 2474 453 2551 ipso
519 2476 797 2557 sufficere
857 2476 1311 2557 patrimonium
1379 2475 1576 2538 videri
1622 2475 1851 2557 possit,
1924 2478 2087 2556 quod
2141 2480 2202 2539 et

171 2562 454 2625 heredem
496 2561 716 2626 habeat
757 2568 814 2627 et
855 2563 1150 2627 bonorum
1185 2582 1604 2645 possessorem.

747 2739 846 2804 De
889 2740 1207 2804 verborum
1250 2740 1631 2823 obliqatione.

359 2855 462 2919 46.
519 2852 596 2918 D.
623 2854 726 2936 45,
760 2855 991 2937 1‚107.
1072 2853 1250 2919 Idem
1298 2850 1413 2942 (sc.
1458 2853 1831 2933 Iavolenus)
1879 2854 2044 2918 libro
2090 2876 2191 2919 oc-

173 2946 331 3007 tavo
367 2942 834 3027 Epistularum.
877 2981 952 2990 —
1005 2944 1224 3011 Utrum
1249 2949 1487 3025 turpem
1524 2944 1706 3009 talem
1740 2944 2195 3025 stipulationem

164 3036 352 3113 putes
412 3054 498 3097 an
558 3054 711 3116 non,
772 3054 1012 3116 quaero.
1106 3039 1291 3115 pater
1352 3034 1663 3098 naturalis
1722 3034 1953 3117 filium,
2018 3054 2195 3115 quem

181 3120 390 3185 Titius
423 3121 677 3187 habebat
709 3123 780 3187 in
813 3123 1214 3205 adoptionem,
1257 3122 1529 3187 heredem
1564 3123 1849 3200 instituit,
1892 3124 1952 3186 si
1978 3122 2196 3203 patria

165 3213 462 3289 potestate
514 3210 807 3277 liberatus
857 3217 1017 3277 esset.
1084 3215 1265 3292 pater
1316 3232 1453 3276 eum
1498 3212 1819 3293 adoptivus
1861 3232 1986 3276 nou
2032 3212 2197 3276 alias

177 3299 568 3380 emancipare
600 3302 806 3385 voluit,
851 3321 1039 3383 quam
1073 3302 1132 3365 si
1156 3301 1214 3365 ei
1247 3300 1518 3383 dedisset,
1564 3321 1606 3364 a
1640 3320 1759 3383 quo
1792 3300 2197 3382 stipularetur

179 3390 408 3451 certam
467 3408 802 3474 summam,
862 3391 920 3455 si
981 3411 1117 3453 eum
1179 3390 1649 3455 manumisisset.
1731 3394 1879 3471 post
1933 3388 2202 3454 emanci-

328 3557 354 3604 1
394 3552 488 3608 Fl.
525 3553 798 3609 bonorum
833 3554 1187 3624 possessione
1223 3555 1347 3635 iura
1382 3572 1485 3626 pro
1521 3558 1683 3627 parte
1720 3572 1805 3612 ea.
