2575 3900
908 189 957 239 8.
996 182 1304 239 URSEIUS
1341 182 1584 238 FEROX
2131 184 2257 248 179

233 366 355 431 ego
411 345 690 411 insulam
747 345 1025 429 fulsere,
1082 350 1419 430 sumptum
1472 346 1669 411 istum
1727 346 2055 412 communi
2105 346 2258 412 divi-

233 433 446 500 dundo
512 434 748 500 iudicio
807 436 1109 520 consequi
1162 457 1266 500 me
1321 456 1456 500 non
1509 434 1780 523 posse'.)
1876 436 1985 500 sed
2043 437 2100 501 si
2153 458 2257 502 res

232 545 364 588 non
422 522 868 589 defenderetur
922 528 988 589 et
1041 524 1185 589 ideo
1240 524 1402 589 iussi
1450 546 1672 589 sumus
1719 547 1759 589 a
1802 528 2102 608 praetore
2149 547 2258 590 eas

235 613 427 677 aedes
462 612 792 696 possidere
831 616 898 677 et
934 635 1013 679 ex
1047 613 1171 679 hoc
1207 612 1562 679 dominium
1603 634 1825 679 earum
1860 614 2258 679 nanciscere-

230 724 399 784 mur,
463 701 799 806 respondit
851 700 1163 768 Proculus
1227 702 1552 768 communi
1608 702 1954 768 dividundo
2018 702 2256 769 iudicio

227 794 481 875 partem
529 790 668 855 eius
715 791 1046 875 impensae
1091 812 1195 856 me
1241 794 1651 856 servaturum
1699 813 1855 857 esse.

410 898 511 963 18.
565 896 645 964 D.
678 898 779 981 10,
807 899 869 980 3,
897 898 957 982 6,
988 898 1091 963 12.
1182 896 1506 981 Ulpianus
1561 898 1732 963 111110
1785 919 1959 965 nono
2007 898 2255 963 decimo

230 986 310 1051 ad
359 986 637 1051 edictum
684 948 788 1087 (P.
815 947 995 1073 6'41.)
1040 1022 1129 1035 -—
1174 985 1446 1051 Urseius
1485 986 1594 1065 ait,
1640 976 1786 1052 c‘um
1823 987 1890 1051 in
1929 986 2257 1052 communi

228 1075 519 1141 aedificio
584 1076 833 1141 vicinus
896 1076 1224 1141 nuntiavit
1283 1097 1367 1140 ne
1431 1075 1584 1159 quid
1649 1077 1862 1160 operis
1922 1076 2134 1157 fieret,
2197 1076 2255 1140 si

227 1186 396 1229 unus
453 1186 533 1228 ex
588 1165 781 1231 sociis
829 1187 907 1230 ex
953 1165 1074 1231 hac
1121 1186 1318 1229 causa
1363 1163 1707 1229 damnatus
1753 1164 2009 1246 fuisset,
2062 1186 2253 1248 posse

227 1274 373 1318 eam
417 1274 694 1337 poenam
744 1276 783 1318 a
830 1255 1006 1319 socio
1052 1275 1169 1338 pro
1214 1256 1403 1337 parte
1451 1273 1724 1317 servare.

406 1358 698 1425 ‘Iulianus
753 1368 959 1426 autem
1011 1368 1173 1425 recte
1226 1367 1402 1425 notat
1453 1365 1543 1424 ita
1597 1366 1839 1425 demum
1884 1365 1998 1424 1100
2042 1384 2254 1427 verum

225 1471 372 1526 esse,
420 1454 474 1513 si
518 1454 795 1514 interfuit
841 1454 1082 1515 aedium
1125 1456 1237 1516 hoc
1274 1429 1454 1516 fieri'.

407 1572 509 1638 19.
565 1572 645 1638 D.
682 1574 786 1657 39,
823 1575 883 1658 3,
923 1573 1027 1657 11,
1065 1574 1125 1639 2.
1206 1571 1450 1638 Paulus
1497 1573 1664 1639 libro
1712 1573 2251 1658 quadragensimo

223 1684 398 1728 nono
448 1662 531 1725 ad
579 1662 860 1727 edictum
899 1660 999 1748 (P.
1028 1660 1205 1749 634).
1251 1698 1342 1709 —
1384 1661 1478 1727 Et
1514 1684 1592 1727 ex
1629 1662 1821 1727 sociis
1859 1684 1992 1728 non
2028 1662 2252 1748 utique

224 1772 370 1817 cum
436 1772 510 1815 00
578 1751 899 1836 agendum
963 1751 1075 1837 (101
1139 1774 1300 1835 opus
1363 1751 1590 1816 fecerit
1654 1773 1770 1817 nec
1832 1752 2046 1815 minus
2103 1773 2250 1817 eum

225 1861 478 1924 quoque
536 1840 841 1904 damnum
900 1840 1244 1905 restituere
1292 1840 1550 1921 debere,
1605 1840 1714 1924 qui
1762 1844 1988 1905 auctor
2034 1841 2249 1923 operis

222 1927 443 2012 <000>
498 1928 649 2013 fuit,
708 1928 877 2014 apud
924 1928 1233 1996 Ferocem
1276 1928 1595 1995 Proculus
1647 1930 1770 2016 ait3
1824 1930 1882 1994 si
1929 1952 2074 1995 0010
2120 1952 2248 1995 000

225 2015 631 2084 dominorum
690 2023 904 2084 actum
961 2020 1074 2101 sit,
1138 2020 1247 2103 qui
1305 2041 1464 2103 opus
1519 2041 1650 2085 non
1708 2019 1962 2104 fecerit,
2017 2018 2250 2083 debere

223 2129 370 2171 eum
416 2129 577 2192 opus
624 2108 963 2172 restituere
1011 2131 1129 2173 sua
1172 2109 1487 2191 impensa,
1534 2109 1685 2192 quia
1722 2107 2051 2173 0010100οἰ
2089 2107 2249 2172 divi-

224 2195 435 2260 dundo
502 2197 826 2262 actionem
890 2196 1107 2263 habet.
1208 2197 1320 2261 sed
1379 2197 1504 2262 sibi
1566 2196 1778 2282 magis
1832 2197 2084 2281 placere
2139 2219 2249 2280 pa-

209 2285 522 2358 ‚tientiam
576 2285 913 2351 dumtaxat
968 2308 1115 2351 eum
1171 2289 1503 2369 praestare
1550 2291 1877 2370 oportere,
1931 2286 2084 2369 (1010
2131 2307 2249 2349 sua

222 2375 413 2458 culpa
460 2379 638 2439 actor
684 2375 748 2438 id
795 2375 1110 2460 patiatur,
1165 2376 1279 2459 qui
1322 2396 1453 2440 non
1503 2376 1642 2460 agit
1688 2397 1832 2440 cum
1882 2396 1987 2453 e0,
2032 2397 2070 2438 a
2119 2396 2246 2458 quo

223 2483 383 2546 opus
430 2462 674 2528 factum
722 2463 825 2530 sit.
918 2467 983 2528 et
1030 2467 1132 2529 est
1174 2465 1467 2548 iniquum
1515 2485 1689 2548 eum,
1741 2463 1852 2549 qui
1896 2483 2029 2527 non
2074 2463 2247 2544 fecit,

222 2550 286 2615 id
348 2553 689 2616 restituere
754 2557 1079 2637 oportere,
1144 2553 1452 2636 quoniam
1518 2553 1846 2617 communi
1900 2550 2246 2616 dividundo

222 2660 414 2725 agere
469 2644 711 2725 potest3
766 2641 918 2725 quid
972 2642 1141 2707 enim
1187 2641 1327 2723 fiet,
1384 2641 1441 2704 si
1488 2641 1699 2707 socius
1749 2640 1886 2704 eius
1934 2639 2243 2704 solvendo

220 2750 349 2794 non
396 2729 638 2794 fuerit?

396 2835 503 2900 20.
557 2836 635 2901 D.
665 2836 727 2918 9,
754 2837 814 2920 2,
842 2837 947 2915 27,
980 2838 1036 2903 1.
1127 2835 1446 2921 Ulpianus
1500 2835 1668 2900 libro
1716 2838 1946 2901 octavo
1994 2834 2244 2900 decimo

218 2923 301 2988 ad
354 2924 632 2989 edictum
679 2924 778 3009 (P.
818 2922 995 3011 621).
1050 2961 1124 2972 -—
1178 2923 1247 2990 Si
1305 2946 1523 2991 servus
1571 2924 1930 2990 communis
1987 2924 2077 3008 [id
2145 2928 2246 2989 est

218 3034 398 3077 meus
456 3019 522 3078 et
574 3016 753 3095 tuus]
804 3035 1059 3080 servum
1106 3037 1320 3080 meum
1376 3011 1711 3098 occiderit,
1763 3015 1893 3098 legi
1938 3012 2242 3099 Aquiliae

216 3103 396 3167 locus
454 3106 553 3167 est
608 3102 914 3168 adversus
970 3107 1063 3187 te,
1119 3105 1175 3168 si
1229 3108 1345 3169 tua
1399 3103 1736 3169 voluntate
1791 3103 1971 3188 fecit,
2030 3107 2094 3167 et
2147 3103 2243 3166 ita

214 3191 565 3256 Proculum
637 3192 1045 3258 existimasse
1107 3191 1376 3258 Urseius
1448 3193 1672 3276 refert3
1747 3192 1917 3278 quod
1991 3193 2046 3257 si
2109 3213 2243 3256 non

216 3280 555 3346 voluntate
600 3283 717 3345 tua
761 3281 941 3365 fecit,
997 3303 1249 3347 cessare
1297 3282 1599 3347 noxalem
1646 3283 1982 3364 actionem,
2027 3303 2108 3346 ne
2156 3281 2243 3344 sit

215 3368 286 3434 in
332 3372 657 3454 potestate
706 3371 903 3454 servi,
950 3370 1116 3434 utri¹
1165 3371 1287 3436 soli
1336 3371 1587 3436 serviat.

362 3569 390 3616 1
433 3561 530 3616 Fz.
569 3565 632 3617 01
667 3560 789 3617 tibi.

1811 3651 1917 3704 12*
