2575 3900
331 219 467 284 460
538 221 604 274 V.
643 219 942 275 NERVAE
980 220 1074 276 ΕΤ
1111 221 1418 276 TRAIANI
1454 219 1666 276 TEMP.
1703 219 1894 276 IURJS
1932 219 2296 275 CONSULTI

329 384 608 466 interest,
667 389 878 448 utrum
939 405 1016 448 ex
1077 386 1499 449 numeratione
1548 384 1819 467 pecunia
1880 385 1967 448 ad
2028 404 2165 448 eum
2222 383 2372 448 sine

333 493 526 538 eausa
568 493 658 536 an
688 493 808 555 per
850 473 1367 554 acceptilationem
1405 475 1761 555 pervenerit.

518 561 576 625 6.
627 561 704 626 D.
731 562 837 642 23,
865 562 925 640 3,
953 563 1056 626 57.
1134 560 1475 626 Iavolenus
1513 562 1681 626 libro
1721 561 1926 644 primo
1966 582 2045 625 ex
2081 560 2367 626 Plautio,

333 686 422 696 —
469 651 768 732 Nuptura
818 651 952 731 filio
1000 650 1291 731 familias
1341 653 1400 715 si
1448 671 1647 716 socero
1692 652 1885 716 dotem
1930 651 2020 713 ita
2067 647 2366 714 dixerit1:

335 737 522 821 ‘qnod
568 739 743 820 filius
796 744 938 803 tuns
983 740 1139 803 milii
1182 740 1370 816 debet,
1424 741 1493 804 id
1534 741 1664 805 doti
1709 739 1821 803 tibi
1862 742 1951 802 eri
1957 738 2021 817 ι’,
2074 739 2369 803 interesse

323 832 499 911 puto,
541 833 752 892 utrum
794 827 919 910 filii
962 828 1246 910 obliqatio
1292 849 1381 893 an
1412 830 1624 911 patris
1655 829 1994 910 persecutio
2034 833 2091 891 et
2124 829 2197 892 in
2231 848 2368 891 rem

333 937 577 982 versum
641 914 940 982 ‹iictioni'¹
1002 918 1401 982 contineatur.
1501 938 1653 980 nam
1706 918 1763 980 si
1816 919 1885 981 id
1944 917 2107 999 quod
2156 916 2367 998 filium

335 1006 486 1070 dare
521 1010 748 1088 oportet
781 1006 1195 1088 siqnificatum
1231 1012 1336 1086 est,
1384 1011 1507 1070 tota
1530 1007 1819 1089 pecunia,
1863 1007 1933 1069 in
1969 1026 2157 1087 quam
2190 1005 2369 1086 filius

335 1095 638 1176 obliyatus
691 1099 802 1177 est,
853 1093 1153 1159 dictioni²
1195 1096 1355 1160 dotis
1400 1095 1831 1172 continebitur;
1888 1095 1988 1159 sin
2031 1098 2234 1158 autem
2276 1093 2369 1173 id,

338 1185 503 1267 quod
535 1188 780 1265 patrem
825 1185 895 1248 de
929 1184 1169 1265 peculio
1213 1183 1305 1248 vel
1351 1184 1421 1247 in
1465 1204 1593 1247 rem
1638 1203 1805 1248 verso
1836 1188 2153 1264 praestare
2188 1202 2366 1263 opor-

339 1271 580 1355 te[bi]t,
625 1273 951 1337 aestimare
994 1272 1221 1337 debebit
1251 1277 1553 1354 quantum
1589 1274 1673 1337 sit
1706 1293 1770 1336 eo
1808 1277 2068 1354 tempore
2106 1271 2173 1336 id
2203 1272 2372 1353 quod

339 1361 567 1424 dieitur
577 1358 620 1439 ³,
673 1367 744 1424 ut
795 1381 867 1425 ea
919 1382 1165 1425 summa
1218 1362 1378 1426 dotis
1431 1381 1552 1426 esse
1600 1362 1896 1443 videatur,
1947 1381 2074 1441 qua
2120 1366 2369 1440 patrem

338 1469 406 1514 eo
450 1454 710 1531 tempore
751 1450 876 1531 filii
917 1451 1163 1515 nomine
1207 1450 1603 1515 condemnari
1646 1447 1995 1531 oportet-effi.
2078 1450 2273 1531 [quod
2304 1450 2369 1513 si

340 1558 469 1602 non
503 1540 803 1603 evidenter
839 1540 1152 1624 apparuit,
1186 1541 1258 1605 de
1292 1540 1468 1604 euius
1502 1539 1725 1602 mulier
1761 1538 2123 1620 obliyatione
2156 1538 2368 1617 sensit,

327 1629 891 1709 praesumptionem
945 1630 1031 1693 ad
1078 1629 1203 1710 ficii
1255 1629 1523 1692 debitum
1574 1632 1842 1708 spectare
1885 1625 2215 1691 verisimile
2258 1631 2370 1709 est,

340 1716 472 1780 nisi
515 1717 955 1781 evidentissime
1000 1719 1381 1781 contrarium
1426 1716 1847 1798 adprobetur.]

517 1828 590 1886 cf.
641 1826 1016 1887 Gradenwitz
1064 1827 1125 1886 Z.
1173 1827 1228 1887 d.
1279 1828 1531 1890 Sav.-St.
1581 1827 1726 1906 VII,
1775 1829 1856 1886 72
1878 1845 1963 1904 sq.

941 2000 1040 2066 De
1083 2000 1434 2066 hereditatis
1468 2001 1772 2083 petitione.

521 2117 578 2179 7.
624 2115 703 2180 D.
732 2116 792 2200 5,
821 2116 881 2198 3,
908 2116 1011 2181 44.
1097 2114 1444 2180 Iavolenus
1491 2116 1657 2180 libro
1706 2115 1915 2199 primo
1963 2137 2041 2178 ex
2087 2114 2367 2180 Plautio.

346 2242 422 2251 —
481 2203 637 2270 Cum
681 2205 766 2284 is,
819 2206 928 2285 qui
972 2205 1236 2287 leyatum
1280 2226 1356 2269 ex
1402 2209 1751 2270 testamento
1782 2206 2078 2287 percepit,
2133 2204 2370 2270 heredi-

341 2299 524 2359 tatem
567 2296 749 2375 petit,
803 2295 862 2359 si
915 2294 1180 2375 leyatum
1231 2314 1605 2375 quocumque
1657 2296 1835 2358 modo
1887 2294 2197 2357 redditum
2239 2314 2369 2358 non

338 2385 448 2462 sit,
501 2383 726 2448 iudwis
775 2383 978 2465 officio
1024 2384 1382 2459 continetur
1434 2387 1506 2447 ut
1545 2383 1762 2447 victori
1804 2383 2053 2447 deducto
2096 2403 2164 2447 eo
2206 2383 2374 2464 quod

339 2472 572 2555 aceepit
611 2474 969 2538 restituatur
1012 2471 1325 2536 hereditas.

1187 2689 1403 2773 Liber
1444 2688 1524 2748 II.

943 2809 1043 2874 De
1085 2810 1383 2891 emptione
1426 2808 1779 2873 venditione.

521 2926 579 2989 8.
628 2924 705 2988 D.
729 2925 832 3008 18,
851 2926 910 3007 2,
935 2924 1033 2989 19.
1106 2922 1451 2988 Iavolenus
1478 2923 1643 2987 libro
1675 2923 1954 2988 seeundo
1985 2944 2062 2987 ex
2093 2922 2367 2988 Plautio.

341 3046 433 3058 —
476 3012 703 3077 Fundo
755 3014 826 3076 in
878 3014 1040 3077 diem
1093 3013 1336 3077 addicto
1388 3013 1447 3077 si
1488 3017 1701 3093 postea
1744 3014 2017 3094 pretium
2066 3014 2365 3077 adiectum

342 3106 432 3165 est
491 3105 550 3164 et
607 3102 879 3166 venditor
941 3102 1066 3165 alio
1126 3101 1326 3181 fundo
1388 3101 1679 3183 applicito
1733 3121 1871 3165 eum
1924 3102 2131 3182 ipsum
2177 3102 2366 3183 fundi

330 3191 667 3273 posteriori
727 3190 987 3272 emptori
1047 3189 1292 3253 addixit
1352 3194 1409 3254 et
1470 3190 1539 3253 id
1597 3191 1730 3254 sine
1790 3190 1927 3253 dolo
1989 3190 2155 3254 malo
2203 3190 2361 3270 fecit,

330 3279 541 3361 priori
585 3280 840 3360 emptori
882 3278 1181 3360 obliyatus
1225 3298 1352 3342 non
1396 3279 1525 3343 erit.
1606 3299 1757 3342 nam
1801 3280 2087 3359 quamvis
2129 3298 2256 3343 non
2299 3278 2369 3343 id

343 3371 614 3445 tantum,
668 3367 832 3448 quod
881 3370 952 3430 in
996 3368 1158 3431 diem
1202 3368 1514 3431 addietum
1559 3371 1713 3445 erat,
1767 3368 1874 3431 sed
1914 3367 2095 3431 aliud
2136 3387 2367 3449 quoque

488 3528 518 3576 1
564 3523 712 3579 Trib.
749 3521 1086 3592 promiserit.
1216 3528 1247 3575 2
1294 3521 1440 3577 Trib.
1479 3520 1851 3591 promissioni.
1971 3528 2003 3577 3
2047 3522 2199 3577 Trio.
2237 3536 2363 3592 pro-

341 3594 603 3649 mittitur.
747 3598 782 3647 4
820 3593 914 3650 Fz.
953 3594 1252 3663 oportebit.
