2575 3900
814 205 865 257 4.
917 200 979 255 L.
1017 198 1384 257 NERATIUS
1421 199 1718 257 PRISCUS
2145 200 2273 265 357

250 365 403 449 quia
446 386 550 430 res
598 364 767 448 apud
813 369 879 431 te
927 368 1053 449 θεὴ,
1097 369 1251 431 tunc
1288 366 1461 431 enim
1501 364 1956 450 quaerendum,
2003 387 2087 431 an
2126 365 2275 433 dolo

248 452 423 520 malo
470 454 724 539 feceris,
770 476 913 520 cum
958 476 1098 520 rem
1141 475 1277 520 non
1322 454 1539 520 habes.

910 668 1211 734 Mandati
1253 668 1346 733 vel
1391 672 1620 733 contra.

429 792 529 858 75.
600 789 681 857 D.
723 794 823 876 17,
866 794 921 877 1,
964 794 1064 875 12,
1102 792 1163 858 5.
1270 790 1588 878 Ulpianus
1653 793 1824 859 libro
1889 794 2274 878 trigensimo

244 882 458 965 primo
490 880 571 945 ad
604 882 881 947 edictum
910 878 1010 968 (P.
1031 878 1239 968 910¹2).
1274 918 1348 928 —
1386 879 1454 946 Si
1482 881 1615 946 filio
1643 882 1928 947 familias
1955 881 2277 964 mandavi,

246 974 321 1036 ut
376 992 497 1056 pro
553 993 656 1036 me
713 971 1021 1054 solveret,
1082 974 1364 1055 patrem,
1431 970 1567 1035 sive
1619 970 1761 1055 ipse
1817 970 2084 1036 solverit
2141 973 2276 1037 sive

245 1059 420 1124 filius
468 1080 546 1123 ex
588 1060 869 1144 peculio,
915 1058 1205 1124 mandati
1251 1064 1547 1125 acturum
1591 1057 1898 1125 Neratius
1947 1060 2054 1124 ait.

426 1172 721 1273 Ulpianus
760 1171 952 1230 addit:
992 1164 1177 1247 ‘quod
1202 1170 1388 1231 habet
1416 1170 1736 1248 rationem·
1772 1171 1926 1232 nihil
1953 1172 2113 1231 enim
2144 1190 2278 1232 mea

245 1261 524 1335 interest,
571 1262 703 1345 quis
752 1252 988 1321 solvat'.

429 1379 531 1444 76.
595 1379 675 1443 D.
709 1380 900 1464 17,1,
926 1380 1032 1460 22,
1061 1379 1121 1445 8.
1213 1377 1457 1444 Paulus
1512 1378 1680 1445 libro
1735 1380 2119 1466 trigensimo
2177 1400 2277 1446 se-

248 1467 458 1534 cundo
515 1468 597 1534 ad
654 1468 933 1533 edictum
981 1464 1079 1554 (P.
1106 1465 1288 1554 487).
1335 1502 1421 1515 —
1470 1465 1538 1532 Si
1596 1468 2038 1533 mandaverim
2094 1491 2276 1535 servo

247 1564 383 1640 tuo,
420 1560 494 1621 ut
522 1557 693 1643 quod
722 1556 845 1621 tibi
874 1555 1143 1621 debeam
1174 1558 1455 1621 solveret
1483 1578 1627 1622 meo
1655 1558 1934 1641 nomine,
1969 1555 2277 1624 Neratius

248 1646 492 1725 scribit,
540 1645 835 1731 quamvis
883 1648 1215 1710 mutuatus
1262 1666 1484 1711 servus
1531 1646 1868 1730 pecuniam
1911 1647 2276 1713 rationibus

247 1736 376 1800 tuis
426 1735 613 1820 quasi
660 1757 699 1798 a
735 1756 838 1800 me
874 1739 1199 1819 receptam
1236 1734 1551 1821 intulerit,
1595 1739 1834 1819 tamen,
1881 1736 1938 1800 si
1974 1757 2278 1801 nummos

249 1846 289 1889 a
344 1824 660 1891 creditore
715 1846 848 1888 non
902 1824 998 1887 ita
1054 1823 1398 1908 acceperit,
1454 1827 1527 1888 ut
1580 1845 1724 1889 meo
1770 1824 2032 1888 nomine
2078 1824 2279 1907 daret,

247 1934 365 1980 nec
411 1912 675 1979 liberari
722 1934 823 1978 me
865 1934 985 1978 nec
1020 1914 1086 1978 te
1126 1912 1413 1978 mandati
1451 1934 1702 1979 mecum
1740 1918 2060 1998 acturum3
2108 1913 2278 1998 quod

249 2004 303 2067 si
361 2002 455 2068 sic
509 2007 841 2068 mutuatus
898 2003 1008 2087 sit,
1062 2005 1136 2068 ut
1188 2003 1527 2087 pecuniam
1582 2023 1727 2068 meo
1773 2003 2034 2068 nomine
2079 2003 2279 2089 daret,

249 2097 591 2177 utrumque
638 2097 867 2157 contra
914 2113 1080 2177 esse,
1126 2113 1243 2156 nec
1287 2092 1545 2170 referre,
1593 2092 1759 2157 alius
1801 2093 1943 2176 quis
1983 2113 2068 2156 an
2103 2092 2274 2157 idem

248 2181 389 2265 ipse
448 2203 669 2246 servus
725 2181 985 2247 nomine
1040 2184 1152 2246 tuo
1211 2180 1380 2266 quod
1435 2203 1555 2266 pro
1603 2203 1704 2245 me
1754 2182 2126 2247 solvebatur
2173 2203 2277 2247 ac-

248 2270 509 2355 ceperit.

771 2392 873 2459 De
916 2395 1114 2476 operis
1158 2395 1304 2459 novi
1345 2395 1755 2458 nwntiatione.

431 2518 533 2582 77.
578 2516 657 2581 D.
677 2517 736 2598 8,
757 2517 817 2599 2,
842 2516 1025 2599 l9pr.
1106 2516 1348 2581 Paulus
1394 2517 1562 2581 libro
1611 2522 1792 2582 sexto
1840 2517 1920 2583 ad
1963 2517 2278 2586 Sabinum

252 2604 348 2692 (P.
375 2601 592 2692 1738).
635 2641 710 2650 -
792 2603 1150 2669 ,Neratius
1199 2607 1313 2688 ait,
1361 2606 1416 2670 si
1453 2606 1606 2670 talis
1647 2605 1732 2671 sit
1767 2628 1921 2671 usus
1959 2607 2278 2692 tepidarii,

247 2698 325 2760 ut
397 2692 737 2758 adsiduum
810 2715 1098 2758 umorem
1171 2693 1413 2758 habeat
1485 2698 1552 2758 et
1621 2694 1687 2758 id
1751 2698 1982 2761 noceat
2043 2697 2278 2782 vicin0,

247 2804 440 2869 posse
483 2781 819 2867 prohiberi
864 2803 1027 2846 eum.

834 2997 1058 3080 Aquae
1091 2997 1346 3082 plume
1388 2999 1705 3064 arcendae.

432 3120 537 3186 78.
580 3118 660 3186 D.
680 3121 786 3206 39,
805 3121 867 3200 3,
890 3121 947 3206 1,
967 3122 1026 3186 2.
1116 3121 1437 3206 Ulpianus
1482 3122 1649 3188 libro
1698 3123 2275 3210 quinquagensimo

248 3210 449 3276 tertio
497 3211 577 3275 ad
627 3209 905 3275 edictum
950 3209 1050 3295 (P.
1085 3209 1303 3296 1285).
1347 3247 1422 3260 -
1463 3209 1772 3276 Neratius
1821 3214 2069 3279 scribit·
2127 3233 2279 3296 opus

248 3301 413 3384 quod
461 3300 601 3381 quis
649 3299 819 3382 fecit,
882 3305 955 3364 ut
1006 3321 1239 3384 aquam
1292 3301 1654 3384 excluderet,
1716 3322 1873 3385 quae
1931 3304 2279 3368 exundante

238 3389 475 3471 palude
527 3389 599 3452 in
651 3409 876 3472 aarum
928 3389 1061 3454 eius
1111 3389 1368 3472 refluere
1417 3390 1588 3469 solet,
1641 3391 1701 3455 si
1751 3411 1826 3456 ea
1869 3391 2060 3473 palus
2109 3411 2280 3494 aqua

244 3478 464 3559 pluvia
497 3477 842 3558 ampliatur
876 3498 1062 3560 eaque
1098 3498 1265 3560 aqua
1298 3479 1546 3561 repulsa
1581 3499 1647 3543 eo
1683 3499 1858 3561 opere
1891 3481 2061 3562 agris
2086 3480 2283 3544 vieini

248 3570 483 3650 noceat,
529 3585 726 3647 aquae
756 3566 1014 3649 pbuviae
1057 3569 1292 3633 actione
1335 3571 1576 3650 coyetar
1621 3568 1837 3633 tollere.
