2575 3900
333 217 465 281 536
1069 215 1623 274 ADDITAMENTA.

332 403 526 466 num,
581 379 804 445 Sabini
868 383 935 445 et
990 377 1198 446 Cassii
1252 389 1319 446 et
1373 380 1626 445 Proculi
1674 381 2032 466 expositam
2089 377 2228 447 esse
2289 383 2364 446 in

342 469 713 555 quaestione
758 469 949 532 huius
987 470 1159 534 modi
1198 470 1730 535 controversiam:
1777 492 1860 534 an
1906 471 2149 555 legata,
2193 493 2366 555 quae

340 562 765 642 posteaquam
826 559 1111 622 instituti
1178 564 1453 623 mortem
1515 558 1814 623 obierunt
1875 559 2186 624 codicillis
2255 561 2367 624 ad-

342 647 585 730 scripta
629 647 731 710 vel
778 646 1079 730 adempta
1126 652 1306 730 sunt,
1353 669 1392 711 a
1439 647 1812 713 substitutis
1865 647 2243 730 debeantur,
2291 649 2363 712 id

338 739 439 800 est
494 757 573 799 an
630 735 893 820 perinde
941 736 1117 801 datio
1165 741 1231 801 et
1276 733 1602 820 ademptio
1651 737 1848 801 etiam
1896 737 2020 802 hoc
2066 740 2364 821 tempore

340 823 652 889 codicillis
698 824 871 888 facta
915 824 1134 889 valeat
1178 847 1252 890 ac
1301 827 1356 889 si
1401 828 1791 889 testamento
1839 825 2012 890 facta
2049 829 2220 890 esset
2253 875 2269 892 .
2299 875 2315 890 .
2344 876 2361 889 .

933 1007 1028 1066 De
1068 1009 1374 1081 yenersbus
1419 1008 1748 1081 leyatorum.

665 1123 755 1177 De
789 1139 848 1178 eo
884 1124 1027 1192 quod
1058 1139 1161 1192 per
1196 1124 1620 1179 vindicationem
1652 1125 1890 1193 leqatum
1925 1131 2016 1180 est.

515 1233 619 1296 23.
670 1232 808 1298 Gai.
839 1233 898 1310 2,
932 1233 1076 1297 198.
1120 1269 1208 1279 —-
1256 1281 1270 1296 .
1302 1282 1316 1296 .
1355 1233 1410 1297 si
1449 1233 1594 1317 quis
1629 1255 1766 1297 rem
1805 1255 1984 1297 suam
2023 1233 2362 1318 legaverit,

335 1320 566 1385 deinde
593 1326 744 1405 post
781 1325 1239 1385 testamentum
1280 1322 1524 1386 factum
1563 1343 1704 1385 eam
1743 1323 2136 1408 alienaverit,
2164 1323 2360 1406 pleri-

333 1431 455 1494 que
521 1413 756 1493 putant
808 1432 940 1475 non
995 1411 1205 1475 solum
1260 1411 1398 1473 iure
1467 1409 1642 1474 civili
1701 1411 1929 1475 inutile
1985 1431 2123 1475 esse
2179 1412 2360 1496 lega-

329 1502 498 1581 tum,
565 1498 674 1562 sed
738 1521 856 1563 nec
918 1521 995 1562 ex
1060 1500 1622 1564 senatusconsulto
1679 1496 1792 1584 (sc.
1859 1499 2029 1583 quod
2095 1503 2360 1565 auctore

331 1585 591 1652 Nerone
644 1585 915 1652 Caesare
980 1588 1221 1652 factum
1289 1584 1417 1674 est)
1492 1588 1880 1653 confirmari.
1983 1588 2153 1672 quod
2209 1589 2357 1654 ideo

329 1675 574 1740 dictum
631 1680 754 1754 est,
812 1676 964 1760 quia
1020 1680 1085 1740 et
1140 1677 1198 1740 si
1248 1698 1364 1760 per
1411 1676 1889 1741 damnationem
1939 1677 2172 1761 aliquis
2220 1699 2358 1743 rem

332 1787 515 1828 suam
579 1764 895 1846 legaverit
968 1787 1238 1849 eamque
1304 1770 1530 1849 postea
1594 1766 1996 1849 alienaverit,
2062 1767 2358 1851 plerique

329 1856 589 1937 putant,
633 1853 783 1917 licet
828 1853 971 1936 ipso
1018 1854 1155 1917 iure
1201 1854 1513 1918 debeatur
1559 1854 1867 1939 legatum,
1912 1858 2132 1919 tamen
2180 1855 2358 1941 lega-

328 1941 568 2006 tarium
642 1944 968 2025 petentem
1042 1965 1231 2028 posse
1307 1965 1423 2027 per
1495 1943 1934 2025 exceptionem
2005 1943 2136 2009 doli
2201 1946 2361 2009 mali

331 2030 575 2115 repelli,
622 2032 803 2114 quasi
852 2035 1075 2096 contra
1119 2033 1518 2097 voluntatem
1566 2032 1851 2097 defuncti
1896 2037 2098 2116 petat.

509 2138 615 2202 24.
663 2136 802 2202 Gai.
831 2138 899 2219 2,
928 2138 1077 2203 208.
1131 2176 1205 2184 —
1260 2187 1275 2201 .
1307 2189 1320 2202 .
1356 2138 1682 2223 plerisque
1727 2138 1998 2223 placuit,
2045 2143 2360 2221 quantum

333 2226 412 2291 ad
452 2227 573 2291 hoc
602 2226 702 2290 ius
733 2226 902 2309 quod
930 2227 1071 2311 lege
1099 2227 1302 2311 Papia
1330 2228 1689 2291 coniunctis
1719 2227 2151 2311 constituitur,
2188 2228 2358 2293 nihil

328 2317 668 2397 interesse,
732 2320 949 2379 utrum
1014 2338 1131 2399 per
1199 2316 1697 2380 vindicationem
1765 2338 1850 2380 an
1912 2338 2028 2401 per
2095 2317 2364 2381 damna-

325 2404 572 2469 tionem
620 2404 910 2488 legatum
956 2404 1060 2469 sit.

676 2562 765 2616 De
801 2577 859 2615 eo
895 2562 1040 2630 quod
1072 2578 1171 2629 per
1207 2562 1610 2615 damnationem
1647 2562 1880 2630 leqatam
1916 2567 2008 2617 est.

510 2672 612 2735 25.
680 2670 813 2734 Gai.
860 2670 915 2746 3,
949 2670 1094 2735 175.
1155 2705 1231 2717 —
1295 2668 1623 2734 Similiter
1650 2671 2004 2756 legatarius
2051 2671 2361 2737 heredem

333 2760 557 2825 eodem
604 2759 797 2825 modo
845 2758 1077 2822 liberat
1124 2758 1200 2823 de
1247 2760 1470 2843 legato
1505 2760 1673 2842 quod
1711 2782 1828 2844 per
1875 2759 2360 2825 damnationem

331 2849 625 2913 relictum
666 2852 765 2913 est
805 2844 919 2934 (sc,
946 2870 1062 2930 per
1100 2870 1207 2912 aes
1245 2851 1312 2912 et
1339 2845 1621 2935 libram),
1658 2852 1732 2913 ut
1769 2853 1987 2913 tamen
2025 2898 2041 2913 .
2069 2900 2082 2912 .
2115 2900 2128 2913 .
2163 2846 2360 2914 heres

330 2939 723 3001 testamento
763 2959 829 3000 se
868 2936 1017 3001 dare
1058 2936 1431 3001 damnatum
1471 2958 1610 3001 esse
1650 2938 1835 3002 dicat.
1907 2938 1983 3001 de
2021 2959 2094 3002 eo
2134 2942 2362 3003 tamen

326 3029 584 3090 tantum
641 3028 859 3108 potest
913 3025 1097 3089 heres
1155 3048 1228 3089 eo
1278 3025 1470 3089 modo
1516 3025 1805 3109 liberari,
1852 3026 2022 3110 quod
2069 3027 2361 3110 pondere

326 3135 595 3178 numero
655 3118 930 3197 constet,
988 3120 1052 3178 et
1105 3116 1198 3178 ita
1256 3115 1313 3178 si
1371 3117 1611 3178 certum
1661 3116 1761 3179 sit.
1853 3116 2115 3199 quidam
2162 3120 2228 3179 et
2274 3117 2360 3181 de

328 3224 404 3267 eo
452 3201 623 3286 quod
670 3224 975 3266 mensura
1020 3206 1276 3267 constat
1319 3202 1486 3266 idem
1536 3204 1924 3268 existimant.

506 3307 636 3372 26?
693 3306 771 3372 D.
802 3308 905 3391 34,
935 3308 1003 3392 3,
1032 3309 1135 3374 30.
1200 3307 1380 3373 Idem
1420 3306 1540 3395 (sc.
1579 3308 1849 3395 Paulus)
1896 3310 2062 3374 libro
2101 3309 2361 3377 decimo

332 3398 815 3476 Quaestionum.
843 3433 931 3443 —
974 3398 1222 3462 Petitor
1267 3397 1371 3462 vel
1415 3419 1752 3483 possessor
1799 3398 2135 3463 damnavit
2169 3398 2358 3463 here-

327 3490 471 3553 dem
536 3509 752 3569 suum,
824 3508 906 3549 ne
971 3488 1427 3551 centumvirale
1491 3486 1798 3552 iudicium
1863 3494 2172 3552 exerceat.
2274 3488 2360 3551 de

328 3578 557 3642 effectu
594 3574 796 3659 legati
836 3575 1179 3658 quaeritur.
1249 3579 1315 3639 et
1352 3575 1592 3639 dictum
1632 3580 1730 3641 est
1766 3577 1860 3641 ita
1899 3576 2154 3640 demum
2192 3578 2360 3642 utile
