2575 3900
777 199 828 248 4.
876 195 937 248 L.
975 193 1340 250 NERATIUS
1377 195 1672 252 PRISCUS
2097 197 2224 261 287

211 361 499 439 principe,
545 361 801 422 fortasse
858 381 909 422 a.
950 364 1031 423 83
1087 363 1184 423 vel
1242 381 1293 424 a.
1344 366 1455 441 87,
1508 365 1851 425 Domitiano
1913 365 2225 426 interfecto

212 451 451 528 legatus
487 469 597 527 pro
639 453 913 528 praetore
948 451 1011 510 in
1047 451 1355 528 provincia
1391 453 1715 527 Pannonia,
1751 473 1922 527 anno,
1959 460 2029 513 ut
2067 455 2224 515 vide-

211 543 340 612 tur,
398 541 481 599 98
536 540 634 600 vel
691 542 802 615 99,
858 558 895 598 a
948 558 1064 616 quo
1115 539 1344 600 Plinius
1399 542 1625 602 amicus
1677 541 1929 603 Voconii
1972 543 2227 604 Romani

212 627 413 704 gratia
470 627 816 688 beneficium
884 627 1127 706 aliquod
1192 629 1370 706 petiit
1435 621 1558 708 (ep.
1599 633 1667 708 2,
1707 624 1848 712 13),
1913 631 2011 690 cui
2068 631 2225 691 idem

214 715 603 776 Saturninum
648 716 1082 778 commendavit
1125 707 1247 798 (ep.
1283 720 1339 795 7,
1369 710 1469 802 8),
1517 719 1743 780 accitus
1803 720 1866 778 in
1912 719 2226 780 consilium

215 803 461 865 Traiani
544 803 615 864 D.
666 807 768 883 37,
818 807 918 884 12,
967 799 1066 886 5),
1142 806 1247 882 qui
1318 827 1454 866 eum
1516 825 1915 869 successorem
1977 808 2226 887 elegisse

212 892 479 953 traditur
550 894 676 954 vita
712 893 893 953 Hadr.
932 885 1021 975 4),
1066 912 1173 953 nec
1218 895 1418 955 minus
1465 895 1527 954 in
1573 896 1866 957 Hadriani
1913 897 2228 957 consilium

214 975 387 1061 (ibid.
420 986 450 1042 1
463 973 561 1065 8),
604 985 890 1059 patronus
938 982 1265 1042 scribarum
1312 985 1805 1061 quaestoriorum.

396 1069 555 1130 Iuris
599 1070 909 1131 consultus
948 1071 1230 1131 Neratius
1277 1091 1416 1132 cum
1448 1074 1658 1133 multis
1693 1075 2037 1134 litterarum
2069 1093 2225 1134 com-

213 1159 434 1219 mercio
508 1160 857 1220 coniunctus
936 1159 1210 1236 inprimis
1280 1160 1600 1221 Proculum
1666 1166 1908 1223 secutus
1975 1182 2063 1223 ex.
2136 1182 2226 1238 gr.

214 1248 500 1308 Marcello
544 1248 721 1308 fratri
766 1266 873 1307 suo
919 1247 1225 1324 respondit
1262 1243 1363 1328 (D.
1395 1251 1496 1328 33,
1528 1252 1586 1329 7,
1617 1253 1717 1325 12,
1747 1246 1860 1330 43)
1906 1255 1969 1311 et
2012 1251 2226 1311 Rufino

214 1329 318 1418 (D.
344 1335 484 1396 ibid.
514 1333 555 1412 ξ
586 1328 701 1418 35)
746 1341 808 1396 et
851 1337 1123 1397 Aristoni
1169 1331 1270 1418 (D.
1304 1341 1404 1417 19,
1437 1340 1490 1414 2,
1523 1342 1625 1414 19,
1657 1333 1742 1418 2).

392 1424 744 1501 Composuit
787 1427 1101 1502 praeterea
1143 1426 1329 1487 libros
1375 1427 1448 1486 de
1493 1427 1626 1487 iure
1668 1427 1849 1503 civili,
1894 1427 2120 1488 scilicet
2153 1447 2226 1487 ex

213 1513 474 1590 Plautio,
517 1514 944 1592 Epistolarum,
987 1514 1450 1591 Responsorum,
1486 1515 1989 1595 Membranarum,
2029 1517 2224 1593 Regu-

211 1604 407 1662 larum
420 1649 435 1676 ,
479 1603 733 1679 denique
779 1602 851 1662 de
894 1603 1121 1679 nuptiis
1164 1603 1404 1664 librum.

392 1691 639 1752 Scholae
674 1691 1063 1751 Proculianae
1108 1691 1400 1768 princeps·
1420 1692 1707 1752 successit
1741 1691 2016 1754 Iuventio
2054 1691 2224 1753 Celso

214 1799 350 1839 eum
413 1779 535 1838 filio
598 1779 727 1840 eius
789 1773 1176 1860 (Pomponius
1221 1777 1262 1856 ξ
1301 1771 1440 1861 53),
1506 1781 1609 1858 qui
1670 1782 1764 1841 bis
1827 1781 2033 1841 consul
2088 1782 2222 1858 fuit,

212 1868 435 1928 iterum
471 1886 525 1928 a.
558 1871 679 1929 129
720 1871 783 1927 et
814 1868 1055 1944 quidem
1081 1887 1216 1928 eum
1242 1869 1491 1929 Neratio
1519 1869 1800 1930 Marcello
1830 1861 1923 1952 (C.
1955 1872 2012 1946 7,
2043 1872 2100 1946 9,
2130 1862 2222 1952 3).

390 1956 715 2036 Postquam
778 1957 1083 2017 Hadriano
1155 1958 1422 2035 principe
1485 1958 1963 2019 Membranarum
2037 1959 2221 2019 libros

214 2046 549 2123 composuit
592 2038 693 2125 (D.
722 2048 826 2124 44,
856 2049 913 2124 2,
947 2048 1023 2105 11
1040 2037 1189 2129 pr.),
1246 2047 1455 2108 eodem
1509 2048 1776 2125 principe
1830 2048 2073 2109 videtur
2123 2048 2223 2108 de·

214 2137 485 2209 cessisse,
537 2136 887 2213 priusquam
942 2134 1306 2213 Pomponius
1360 2136 1546 2196 libros
1602 2136 1679 2195 ad
1725 2136 2010 2197 Sabinum
2065 2155 2221 2195 com-

212 2222 442 2300 posuit3
486 2224 549 2283 in
592 2224 747 2283 libro
782 2224 941 2283 enim
976 2223 1067 2283 VI
1101 2226 1247 2284 haee
1280 2225 1591 2301 leguntur:
1639 2220 1902 2285 ‘Priscus
1938 2226 2222 2285 Neratius

216 2306 616 2373 existimabat?
662 2305 765 2393 (D.
797 2314 899 2388 34,
930 2314 989 2389 3,
1020 2314 1077 2388 8,
1106 2314 1144 2372 2
1193 2313 1256 2371 Ρ.
1288 2306 1467 2394 509).

390 2400 614 2459 Filium
654 2393 871 2460 ¹habuit
906 2401 1145 2460 Priscus
1180 2399 1452 2461 Priscum
1488 2400 1609 2459 VII
1652 2402 1846 2461 virum
1892 2404 2222 2479 epulonem,

214 2489 485 2565 legatum
538 2490 801 2567 Augusti
861 2508 970 2565 pro
1023 2490 1298 2563 praetore
1348 2489 1413 2548 in
1465 2488 1774 2551 Pannonia
1824 2490 2102 2550 inferiore
2161 2493 2226 2551 et

213 2576 523 2637 Pannonia
577 2577 905 2652 superiore,
968 2578 1246 2651 nepotem
1301 2576 1602 2635 Fufidium
1652 2576 1947 2655 Priscum,
2008 2597 2219 2654 prone-

211 2669 418 2741 potem
462 2664 751 2723 Atticum.
840 2662 1123 2724 laudatur
1163 2663 1413 2723 Neratia
1459 2665 1778 2724 Marullina
1820 2666 1946 2724 filia
1990 2665 2225 2725 Neratii

212 2754 407 2813 Prisci
460 2752 746 2830 consulis,
790 2752 987 2812 utrius
1032 2754 1258 2829 autem,
1308 2752 1550 2812 maioris
1604 2752 1794 2813 Prisci
1839 2772 1915 2812 an
1959 2753 2223 2833 minoris,

212 2841 547 2901 dubitatur.
653 2840 975 2900 laudantur
1048 2840 1111 2899 L.
1158 2840 1393 2901 Neratii
1445 2841 1636 2901 Prisci
1699 2860 1928 2915 servus,
1991 2842 2223 2903 Neratii

211 2929 408 2989 Prisci
453 2946 649 3007 serva,
693 2929 839 2989 iuris
886 2929 1143 2990 consulti
1186 2932 1249 2989 et
1301 2930 1506 2989 fratris
1561 2930 1946 2991 Neratiorum
1991 2931 2223 3009 vilicus,

210 3018 601 3079 Neratiorum
638 3018 929 3078 cellarius,
1013 3017 1139 3077 CIL
1176 3017 1279 3096 IX,
1329 3020 1518 3079 2454.
1567 3021 1756 3080 2455.
1804 3021 1994 3080 2458.
2033 3021 2222 3079 2484.

218 3108 409 3169 2531.
457 3106 789 3167 Wilmanns
812 3109 1265 3168 1152-1158,
1309 3108 1606 3185 Borghesi
1635 3127 1766 3185 opp.
1787 3108 1844 3166 V
1867 3129 1922 3185 p.
1947 3110 2074 3169 350
2097 3126 2224 3185 sqq.

212 3196 567 3256 Mommseni
592 3195 711 3255 ind.
740 3195 919 3255 Plinii
947 3196 1035 3256 ed.
1065 3196 1200 3256 Keil
1227 3217 1285 3273 p.
1315 3198 1462 3257 420.
1516 3196 1766 3258 Hermes
1792 3197 1886 3257 ΠΙ
1912 3219 1969 3274 p.
2001 3198 2083 3257 38
2097 3215 2220 3275 sqq.

215 3284 480 3361 Prosopo
557 3332 571 3345 .

396 3305 768 3451 Quilmquam
805 3392 877 3432 ex
911 3374 986 3433 iis
1020 3393 1170 3450 quae
1199 3374 1473 3452 diximuS,
1498 3394 1642 3434 num
1668 3374 1952 3434 Neratius
1981 3374 2043 3432 in
2069 3373 2224 3432 hanc

218 3462 625 3522 collectionem
661 3462 1035 3536 recipiendus
1072 3462 1167 3539 sit,
1206 3462 1467 3523 dubitari
1502 3481 1676 3540 posse
1714 3466 1981 3540 apparet,
2019 3466 2226 3521 tamen

218 3567 351 3608 cum
390 3549 630 3608 Traiani
677 3552 875 3609 aetate
922 3570 1053 3609 eum
1102 3569 1387 3628 responsa
1431 3551 1663 3611 dedisse
1710 3553 1940 3611 constet
1986 3542 2086 3629 (D.
2119 3552 2224 3624 37,
