2575 3900
738 217 787 266 4.
834 210 895 265 L.
932 208 1298 265 NERATIUS
1335 208 1656 265 PRISCUS-
2051 211 2176 276 291

173 379 405 438 Plinius
425 377 663 456 quidem
683 378 795 439 hoc
822 378 1057 439 nomine
1086 380 1146 437 et
1164 378 1514 439 Iavolenum
1537 377 1831 456 significat
1850 370 1970 459 (ep.
1992 380 2048 452 6,
2071 370 2180 461 15)

175 470 237 528 et
275 464 618 544 Neratium3
667 467 905 542 scripsit
941 471 1142 526 autem
1179 485 1298 526 non
1333 466 1508 526 modo
1546 460 1769 526 ‘Prisco
1807 460 1938 526 suo'
1976 462 2093 546 (ep.
2125 470 2182 545 2,

173 558 273 617 13.
308 559 365 634 6,
396 559 454 616 8.
485 559 541 632 7,
573 558 611 616 8
641 558 704 615 et
734 546 864 636 19),
912 555 1015 614 sed
1060 555 1244 615 etiam
1291 555 1355 613 in
1401 554 1670 630 epistolis
1715 555 1792 615 ad
1837 554 1987 615 alios
2023 557 2180 616 datis

170 646 241 704 de
289 639 515 704 ‘Prisco
562 637 792 704 nostro'
838 644 925 703 ait
970 637 1088 724 (ep.
1123 646 1178 721 7,
1210 646 1244 702 7
1278 646 1340 703 et
1372 637 1499 724 15).
1591 643 1662 703 de
1712 643 2034 719 Pomponio
2080 663 2176 704 res

168 735 324 793 mira
375 732 631 794 videtur.
721 750 859 791 nam
913 748 1049 792 cum
1094 731 1157 790 in
1202 731 1535 822 Euchiridii
1580 731 1732 793 libro
1780 732 2071 810 singulari
2118 736 2180 792 et

169 817 461 882 ‘Priscum
497 813 867 881 Iavolenum'
912 821 1009 881 vel
1047 813 1419 880 ‘Iavolenum
1452 812 1745 880 Priscum'
1790 823 1852 879 et
1888 814 2180 880 ‘Priscum

166 901 505 970 Neratium'
564 909 902 969 laudaverit
964 901 1063 990 (D.
1106 912 1163 986 1,
1202 911 1257 983 2,
1297 911 1356 987 2,
1396 903 1536 988 53),
1599 909 1662 968 in
1713 909 1960 986 reliquis
2016 909 2177 988 frag-

165 999 383 1058 mentis
426 1016 721 1074 nusquam
757 997 1042 1073 Iavoleni‚
1086 997 1320 1056 Neratii
1355 1016 1495 1058 vero
1533 997 1631 1057 vel
1667 991 1879 1058 ‘Prisci
1915 998 1973 1056 N
1976 993 2176 1057 eratii'

166 1087 403 1164 saepius
448 1086 670 1146 mentio
716 1086 813 1164 fit,
865 1086 955 1145 ita
997 1088 1071 1145 ut
1113 1078 1404 1145 ‘Priscus'
1451 1104 1711 1164 quoque,
1756 1085 1916 1163 quod
1959 1105 2176 1146 nomen

164 1196 282 1236 non
327 1193 462 1235 raro
509 1175 785 1253 occurrit,
830 1174 1115 1234 Neratius
1159 1174 1437 1233 videatur
1474 1192 1620 1234 esse.
1702 1177 1768 1234 at
1803 1193 2026 1254 eorum,
2072 1175 2175 1251 qui

164 1265 234 1324 de
297 1262 567 1324 Iavoleni
631 1263 939 1322 sententiis
1003 1262 1305 1338 dixerunt,
1374 1263 1710 1338 fragmenta
1774 1261 2171 1322 Tribonianus

161 1354 449 1429 pleraque
514 1351 715 1411 omisit
776 1343 964 1432 (inter
1026 1352 1366 1428 fragmenta
1430 1349 1746 1410 OGXXXX
1806 1352 1867 1410 in
1930 1352 1991 1411 P.
2041 1370 2176 1410 con-

160 1444 333 1519 gesta
378 1439 522 1499 haec
566 1443 802 1499 tantum
846 1442 1085 1500 servata
1122 1444 1287 1499 sunt:
1338 1442 1393 1499 2.
1427 1441 1569 1500 148.
1603 1441 1746 1500 200.
1779 1435 2173 1518 235-340),

162 1549 298 1590 cum
346 1547 568 1605 eorum,
614 1528 719 1606 qui
761 1529 833 1587 de
869 1528 1105 1588 Neratii
1141 1528 1454 1588 sententiis
1493 1527 1788 1606 dixerunt,
1833 1529 2174 1605 fragmenta

158 1619 446 1678 maiorem
508 1619 740 1692 partem
806 1617 1068 1676 efficiant
1144 1608 1319 1698 (sunt
1388 1616 1543 1675 enim
1616 1615 1775 1675 inter
1833 1617 2173 1694 fragmenta

160 1705 576 1766 CLXXXVIII
636 1705 700 1764 in
754 1705 821 1766 P.
876 1707 1160 1780 congesta
1210 1705 1382 1764 haec:
1453 1709 1505 1764 1.
1548 1707 1602 1764 2.
1646 1706 1744 1764 10.
1788 1707 1885 1765 19.
1928 1707 2028 1764 27.
2069 1707 2170 1766 28.

160 1789 291 1855 30¹³.
351 1796 453 1854 38.
510 1796 611 1853 41.
660 1795 763 1854 43.
811 1796 912 1855 49.
964 1795 1240 1854 56—64.
1292 1795 1567 1852 72—74.
1618 1794 1718 1853 79.
1767 1794 1867 1852 80.
1917 1795 2017 1854 86.
2068 1796 2169 1856 87.

160 1877 341 1944 89b·⁰.
411 1884 535 1942 91².
605 1885 881 1943 92—97.
951 1884 1315 1942 100—112.
1380 1882 1742 1941 114—130.
1804 1883 2168 1943 132-136.

161 1974 527 2032 138-151.
578 1973 940 2032 153—160.
992 1974 1354 2033 163-166,
1401 1973 1764 2031 169-173.
1806 1973 2167 2032 175—182.

160 2062 524 2121 184—186.
568 2053 740 2141 188).
811 2062 1014 2139 itaque
1050 2060 1113 2119 in
1148 2061 1356 2137 paucis
1393 2060 1514 2119 illis
1543 2060 1912 2137 fragmenti8‚
1950 2060 2167 2138 quibus

155 2151 227 2210 de
265 2148 533 2209 Iavoleni
570 2149 879 2209 sententiis
922 2149 1141 2227 agitur,
1185 2148 1577 2225 Pomponium
1610 2167 1936 2227 nunquam,
1972 2149 2037 2207 in
2071 2148 2166 2209 his

156 2238 407 2298 eundem
448 2237 680 2313 saepius
716 2238 967 2314 reperiri
992 2238 1215 2297 mirum
1239 2257 1361 2297 non
1388 2240 1496 2297 est.
1555 2240 1618 2297 at
1644 2256 1779 2296 cum
1807 2237 2166 2313 Pomponius

155 2327 227 2385 de
264 2326 469 2386 Prisco
507 2325 755 2386 Neratio
802 2327 992 2386 dicere
1040 2326 1255 2386 solitus
1303 2326 1386 2386 sit
1425 2318 1525 2407 (D.
1559 2328 1614 2403 1,
1646 2328 1702 2403 2,
1734 2328 1789 2400 2,
1821 2327 1923 2386 53.
1971 2328 2073 2398 24,
2104 2328 2161 2402 3,

154 2418 213 2492 8,
265 2407 361 2493 3),
434 2432 613 2490 quem
684 2414 1002 2474 Marcellus
1066 2406 1164 2496 (D.
1206 2416 1309 2487 50,
1352 2416 1452 2493 16,
1491 2406 1602 2494 85)
1677 2417 1739 2473 et
1800 2414 2164 2489 Papinianus

153 2496 254 2583 (D.
284 2505 342 2578 4,
375 2505 433 2579 3,
465 2504 563 2562 19.
612 2504 715 2579 31,
746 2504 847 2573 67,
878 2505 934 2562 8.
985 2504 1085 2577 37,
1117 2504 1217 2579 12,
1246 2496 1316 2582 5)
1365 2506 1426 2562 et
1463 2503 1672 2561 auctor
1707 2502 1964 2561 incertus
2003 2501 2165 2578 apud

149 2592 512 2651 Dositheum
541 2584 639 2668 (fr.
674 2580 786 2671 15)
813 2590 1126 2649 Neratium
1158 2590 1425 2649 Priscum
1453 2590 1777 2665 nominant,
1812 2589 2164 2650 Iavolenum

148 2699 293 2740 vero
369 2679 562 2756 primo
624 2677 893 2738 Priscum
951 2678 1327 2755 Iav.olenum‚
1399 2681 1610 2755 postea
1672 2678 1913 2737 laudato
1981 2677 2162 2737 etiam

157 2769 362 2829 Prisco
423 2765 671 2826 Neratio
739 2766 941 2844 potius
1004 2767 1352 2826 Iavolenum
1413 2765 1684 2825 Priscum
1746 2766 2161 2843 nominaverit,

148 2854 415 2917 dubitari
469 2855 701 2933 nequit,
759 2856 902 2933 quin
954 2855 1144 2915 Prisci
1196 2855 1435 2915 nomine
1480 2855 1793 2915 Neratium
1846 2854 2161 2933 designare

145 2944 423 3006 voluerit.

326 3032 586 3093 Paulum
630 3036 692 3093 et
726 3032 1069 3109 Ulpianum,
1116 3032 1216 3109 qui
1252 3032 1599 3111 cognomine
1638 3032 1851 3093 omisso
1889 3035 1950 3091 et
1985 3032 2156 3092 Iavo-

145 3124 352 3181 lenum
406 3125 466 3181 et
508 3121 825 3181 Neratium
878 3122 1152 3198 laudant,
1209 3121 1335 3182 solo
1381 3121 1573 3182 Prisci
1621 3120 1856 3183 nomine
1904 3121 2157 3182 eundem

144 3210 468 3270 Neratium
531 3210 875 3289 designasse
939 3210 1069 3271 ideo
1124 3209 1447 3271 verisimile
1507 3213 1624 3287 est,
1687 3210 1847 3288 quod
1899 3212 2154 3287 uterque

147 3298 464 3376 Pomponii
523 3299 694 3359 libris
749 3317 893 3359 usus
950 3303 1042 3360 est
1095 3291 1179 3379 (v.
1226 3319 1316 3360 ex.
1364 3319 1453 3378 gr.
1497 3298 1664 3359 Paul.
1721 3299 1792 3359 D.
1843 3301 1950 3377 16,
1999 3301 2065 3372 2,
2114 3301 2155 3356 4

147 3383 335 3466 ‘quod
382 3390 444 3447 et
477 3387 721 3447 Neratio
778 3388 1052 3463 placebat
1106 3391 1168 3448 et
1210 3386 1573 3464 Pomponius
1630 3388 1758 3447 ait'.
1836 3386 1973 3463 Ulp.
2019 3386 2156 3445 Vat.

146 3478 219 3535 fr.
254 3478 335 3537 83
377 3469 575 3535 ‘etita
612 3478 682 3535 et
714 3475 962 3536 Neratio
1009 3478 1071 3535 et
1104 3474 1374 3537 Aristoni
1413 3476 1654 3536 videtur
1698 3479 1760 3536 et
1796 3474 2154 3551 Pomponius

142 3556 431 3644 probat’).

1625 3661 1730 3717 19*
