2575 3900
332 154 417 218 90
472 154 564 210 Ill.
594 156 745 211 GAII
776 156 1067 212 CLAUDII
1096 159 1368 214 NERON.
1393 159 1683 214 GALBAE
1702 159 1915 217 TEMP.
1937 161 2130 217 IURIS
2149 161 2352 218 CONS.

992 307 1207 403 Liber
1250 343 1692 404 xv—xxrv?

982 451 1069 506 De
1103 453 1429 507 exercitoria
1464 455 1693 508 actione.

505 553 609 616 24.
656 550 735 617 D.
768 552 869 633 14,
902 555 959 628 1,
984 555 1039 633 1,
1059 553 1117 616 9.
1185 551 1502 635 Ulpianus
1532 553 1702 619 libro
1733 554 2089 621 vicensimo
2120 557 2352 621 octavo

326 641 409 706 ad
464 641 742 706 edictum
792 637 890 726 (P.
930 641 1107 722 816).
1152 675 1242 688 —-
1288 691 1302 704 .
1341 690 1356 707 .
1399 643 1654 726 quaerit
1699 641 1958 725 Ofilius,
2013 644 2070 707 si
2129 643 2208 708 ad
2255 666 2353 709 re-

326 729 661 795 ficiendam
708 751 938 794 navem
987 733 1320 794 mutuatus
1367 753 1667 795 nummos
1707 731 1776 795 in
1815 752 1965 796 suos
2005 754 2158 797 usus
2197 754 2346 797 con-

325 819 589 884 verterit
636 815 750 904 (sc.
797 814 1171 905 magister),
1216 841 1298 882 an
1347 819 1413 882 in
1459 820 1877 884 exercitorem
1924 819 2109 884 detur
2155 821 2346 886 acti0.

326 913 389 972 et
438 908 547 992 ait,
594 907 650 971 si
686 907 816 971 -hac
852 907 995 990 lege
1033 908 1280 991 accepit
1319 907 1504 990 quasi
1538 909 1605 973 in
1644 930 1873 974 navem
1911 908 2344 992 impensurus,

324 1018 475 1061 mox
522 995 801 1061 mutavit
843 996 1273 1078 voluntatem,
1321 997 1528 1060 teneri
1579 997 1994 1062 exercitorem
2045 997 2353 1083 [imputa-

329 1093 545 1150 turum
586 1085 731 1167 sibi,
783 1106 896 1149 cur
931 1085 1129 1150 talem
1165 1085 1671 1168 praeposuerit];
1721 1086 1888 1168 quod
1929 1085 1984 1150 si
2032 1087 2112 1151 ab
2160 1087 2350 1152 initio

326 1173 667 1239 consilium
709 1174 881 1258 cepit
914 1172 1261 1238 fraudandi
1297 1174 1631 1239 creditoris
1683 1175 1775 1254 [et
1819 1174 1943 1239 hoc
1979 1176 2351 1258 specialiter

324 1285 454 1328 non
494 1263 897 1346 expresserit,
943 1262 1111 1346 quod
1151 1263 1231 1326 ad
1268 1262 1455 1326 navis
1494 1284 1753 1327 causam
1793 1263 2073 1348 accipitJ,
2119 1268 2350 1330 contra

330 1374 496 1436 esse,
544 1373 737 1435 quam
786 1351 1269 1416 distinctionem
1316 1351 1551 1415 Pedius
1596 1353 1852 1435 probat.

498 1471 694 1530 Eisele
742 1472 803 1532 Z.
852 1473 907 1531 d.
954 1471 1207 1532 Sav.-St.
1250 1471 1477 1548 XVIII,
1525 1474 1626 1532 20.

995 1632 1082 1688 De
1116 1634 1417 1688 m'butoria
1453 1634 1681 1688 actione.

501 1734 603 1798 25.
651 1733 730 1798 D.
762 1734 864 1815 14,
893 1734 953 1815 4,
986 1737 1043 1817 1,
1073 1732 1131 1798 1.
1204 1733 1525 1818 Ulpianus
1569 1733 1740 1797 libro
1786 1734 2131 1799 vicensimo
2171 1756 2345 1799 nono

319 1821 400 1886 ‚ad
459 1822 735 1886 edictum
792 1819 891 1908 (P.
930 1819 1107 1908 836).
1163 1857 1248 1868 —
1305 1822 1488 1887 Licet
1540 1822 1770 1887 mercis
1827 1823 2183 1907 appellatio
2239 1845 2348 1886 an-

325 1911 576 1995 gustior
614 1911 718 1996 sit,
754 1917 828 1975 ut
863 1932 1070 1996 neque
1109 1911 1185 1975 ad
1228 1932 1447 1977 servos
1476 1911 1751 1976 fullones
1778 1913 1881 1977 vel
1911 1911 2345 1977 sarcinatores

323 2001 426 2063 vel
473 2004 756 2065 textores
804 2000 904 2064 vel
951 2000 1399 2065 venaliciarios
1446 2001 1793 2084 pertineat,
1849 2007 2067 2065 tamen
2112 2000 2345 2066 Pedius

322 2088 489 2154 libro
557 2090 781 2174 quinto
846 2088 1089 2155 decimo
1158 2088 1386 2153 scribit
1450 2090 1529 2153 ad
1592 2109 1810 2152 omnes
1866 2089 2344 2175 negotiationes

318 2178 779 2261 porrigendum
827 2179 1122 2243 edictum.

499 2268 601 2332 26.
648 2266 727 2331 D.
759 2269 859 2350 14,
887 2270 948 2348 4,
980 2270 1036 2346 7,
1071 2268 1126 2332 1.
1198 2264 1519 2348 Ulpianus
1566 2265 1731 2329 libro
1773 2266 2126 2331 vicensimo
2166 2288 2342 2332 nono

321 2356 399 2419 ad
458 2355 737 2420 edictum
785 2353 883 2442 (P.
922 2353 1099 2439 845).
1146 2390 1234 2401 —
1281 2353 1448 2429 Quid
1491 2404 1548 2420 ..
1589 2355 1644 2417 si
1702 2353 1996 2419 dominus
2054 2355 2343 2419 tribuere

317 2445 485 2509 nolit
538 2467 654 2510 nec
707 2444 875 2509 hanc
930 2444 1296 2508 molestiam
1352 2444 1700 2527 suscipere,
1761 2444 1869 2507 sed
1927 2444 2180 2525 peculio
2236 2444 2341 2508 vel

316 2534 633 2599 mercibus
699 2534 919 2599 cedere
986 2538 1248 2617 paratus
1311 2532 1441 2597 sit?
1543 2531 1772 2596 Pedius
1829 2532 2027 2596 refert
2083 2532 2343 2597 audien-

323 2623 474 2687 dum
520 2646 684 2687 eum.

1159 2707 1247 2762 De
1272 2709 1506 2777 peculio.

495 2810 598 2874 27.
647 2809 723 2873 D.
754 2807 857 2890 15,
892 2810 947 2890 1,
975 2810 1035 2886 3,
1063 2809 1122 2873 3.
1205 2806 1526 2889 Ulpianus
1565 2808 1736 2871 libro
1773 2806 2122 2871 vicensimo
2162 2828 2340 2872 nono

319 2896 397 2959 ad
474 2896 753 2960 edictum
821 2896 920 2979 (P.
970 2892 1178 2981 8501‘).
1248 2931 1325 2941 —
1394 2893 1626 2959 Pedius
1703 2895 1898 2960 etiam
1971 2896 2338 2979 impuberes

318 2983 613 3049 dominos
669 2986 745 3049 de
792 2985 1043 3068 peculio
1090 2983 1370 3068 obligari
1418 2984 1536 3067 ait3
1587 3007 1715 3050 non
1765 2984 1937 3048 enim
1985 3006 2132 3048 cum
2177 2984 2340 3066 ipsis

315 3073 757 3156 impuberibus
789 3072 1210 3155 contrahitur,
1237 3076 1312 3135 ut
1338 3072 1574 3137 tutoris
1595 3074 2048 3139 auctoritatem
2070 3078 2340 3155 spectes.

315 3161 486 3226 idem
544 3160 739 3226 adicit
792 3161 1113 3245 pupillum
1162 3182 1295 3225 non
1340 3183 1534 3245 posse
1583 3183 1766 3226 servo
1813 3161 2140 3246 peculium
2185 3182 2339 3226 con-

318 3250 583 3315 stituere
630 3272 749 3315 nec
794 3250 1031 3315 tutoris
1081 3250 1484 3315 auctoritate.

493 3339 597 3403 28.
640 3337 721 3404 Ι).
755 3339 856 3417 15,
889 3341 943 3422 1,
976 3341 1032 3417 7,
1062 3340 1121 3404 3.
1202 3337 1522 3421 Ulpianus
1570 3338 1736 3402 libro
1775 3337 2127 3404 vicensimo
2163 3360 2337 3404 nono

316 3428 395 3493 ad
444 3426 722 3492 edictum
770 3427 867 3516 (P.
900 3426 1107 3515 8521’).
1148 3464 1225 3475 -—
1266 3427 1594 3511 Pupillum
1625 3476 1640 3491 .
1671 3476 1684 3491 .
1713 3430 1853 3492 tam
1897 3427 2103 3491 filium
2141 3448 2338 3510 quam

316 3538 566 3581 servum
631 3519 955 3601 peculium
1019 3519 1257 3583 habere
1322 3537 1513 3600 posse
1578 3515 1813 3581 Pedius
1877 3517 2045 3581 libro
2110 3516 2336 3599 quinto
