2575 3900
852 189 899 237 7.
947 182 1338 239 IUVENTIUS
1378 183 1645 238 CELSUS
2136 183 2262 248 501

252 345 477 432 igitur,
535 351 772 431 quanto
828 368 944 411 sua
990 346 1278 411 aedificia
1325 347 1709 430 pretiosiora
1753 346 2040 427 fecisset,
2096 346 2268 430 quod

255 436 528 519 amplius
557 434 979 519 impendisset
1005 457 1192 520 posse
1216 457 1364 500 eum
1385 434 1674 500 mandati
1695 435 1930 500 indicio
1950 435 2266 520 persequi.

555 577 788 660 Quibus
831 597 904 642 ex
949 578 1150 642 causis
1195 578 1264 642 in
1299 579 1737 660 possessionem
1780 581 1973 642 eatur.

431 683 531 749 11.
574 683 654 750 D.
681 685 785 763 42,
805 685 866 767 4,
888 686 946 769 7,
970 685 1069 749 17.
1132 682 1450 767 Ulpianus
1487 684 1653 749 libro
1683 683 2263 768 quinquagensimo

251 794 420 838 nono
480 773 558 838 ad
621 772 916 836 edictum.
973 809 1054 819 —
1114 771 1341 837 Celsus
1398 821 1413 836 .
1459 822 1473 835 .
1531 772 1721 837 Sexto
1786 772 2147 856 respondit,
2211 773 2269 837 si

250 860 550 945 fundum,
614 883 803 945 quem
868 865 1086 945 petere
1150 862 1297 926 volo
1307 912 1327 946 ,
1390 861 1601 926 Titius
1665 861 1997 944 possideat
2055 882 2265 945 neque

255 951 488 1014 absens
536 950 939 1034 defendatur,
990 949 1387 1015 commodius
1435 971 1505 1016 sc
1552 948 1919 1014 existimare
1967 949 2035 1013 in
2080 948 2268 1013 fundi

253 1039 723 1122 possessionem
795 1037 1178 1103 mittendum
1242 1059 1436 1122 quam
1500 1039 1670 1103 bona
1732 1039 1867 1103 eius
1932 1037 2268 1121 possideri.

250 1127 374 1193 hoc
405 1128 838 1193 adnotandum
870 1131 986 1212 est,
1011 1125 1270 1192 Celsum
1302 1128 1664 1192 consultum
1685 1149 1818 1192 non
1840 1127 1915 1192 de
1947 1127 2267 1204 latitante,

253 1216 362 1280 sed
407 1217 485 1282 de
535 1217 820 1281 absente.

819 1379 898 1441 ΙΙ.
954 1381 1459 1457 Epistularum
1504 1380 1696 1441 libri.

1081 1504 1297 1582 Liber
1341 1505 1443 1564 XI.

660 1613 758 1679 De
802 1616 1035 1679 minore
1077 1616 1299 1696 viyinti
1341 1615 1609 1697 quinque
1655 1613 1859 1678 annis.

428 1729 509 1794 D.
536 1731 599 1813 4,
624 1731 684 1812 4,
712 1730 772 1810 3,
804 1730 860 1794 1.
941 1728 1118 1794 Idem
1167 1726 1284 1815 (sc.
1331 1725 1674 1814 Ulpianus)
1720 1728 1887 1792 libro
1928 1728 2264 1793 undecimo

256 1820 337 1884 ad
381 1819 675 1884 edictum.
721 1854 807 1865 —
855 1867 870 1882 .
909 1868 923 1883 .
969 1819 1127 1882 illud
1175 1867 1188 1882 .
1218 1870 1230 1883 .
1263 1868 1276 1883 .
1324 1816 1550 1883 Celsus
1597 1817 2042 1902 Epistularum
2098 1816 2265 1882 libro

253 1907 590 1974 undecimo
657 1958 671 1973 .
710 1960 723 1973 .
764 1956 779 1972 .
843 1911 1107 1993 tractat,
1181 1929 1256 1972 ex
1320 1906 1494 1973 facto
1562 1929 1600 1972 a
1664 1905 1883 1973 Flavio
1949 1905 2265 1990 Respecto

255 2002 550 2083 praetore
637 1998 986 2063 consultus.
1111 1997 1324 2062 minor
1406 1996 1589 2061 annis
1670 1994 1903 2079 viginti
1974 1996 2269 2081 quinque,

256 2109 456 2152 annos
511 2087 680 2151 forte
735 2086 967 2171 viginti
1023 2089 1328 2170 quattuor
1384 2106 1609 2171 agene,
1662 2084 1966 2149 iudicium
2023 2084 2267 2148 tutelae

255 2176 494 2241 heredi
519 2176 756 2240 tutoris
805 2174 1185 2277 dictayerat3
1243 2196 1392 2240 mox
1447 2174 1688 2240 factum
1743 2177 1845 2257 ut,
1898 2195 2030 2241 non
2082 2172 2267 2237 finito

253 2263 488 2329 iudicio
552 2265 681 2329 iam
737 2284 812 2328 eo
872 2263 1111 2329 maiore
1168 2263 1394 2328 effecto
1447 2262 1680 2349 viginti
1734 2224 2008 2347 quinque
2063 2260 2270 2345 annis,

256 2353 490 2418 tutoris
562 2353 751 2417 heres
825 2353 1161 2417 absolutus
1234 2354 1728 2435 proponet-etun
1799 2351 1867 2415 in
1939 2349 2269 2433 integrum

256 2441 582 2506 restitutio
627 2438 1128 2505 desiderabatur.
1192 2438 1418 2505 Celsus
1456 2440 1655 2523 igitur
1690 2438 2007 2522 Respecto
2046 2438 2269 2521 suasit,

255 2550 390 2593 non
480 2528 670 2594 facile
749 2528 920 2593 hunc
1002 2529 1322 2612 quondam
1406 2530 1717 2592 minorem
1799 2527 1868 2591 in
1946 2528 2268 2612 integrum

255 2617 540 2699 restitui,
595 2616 706 2681 sed
764 2617 821 2681 si
875 2617 936 2681 ei
980 2618 1366 2700 probaretur
1413 2616 1763 2681 calliditate
1810 2615 2156 2680 adversarii
2202 2615 2270 2679 id

257 2709 490 2791 actum,
534 2709 608 2769 ut
652 2706 892 2770 maiore
939 2727 1015 2770 eo
1063 2706 1236 2771 facto
1285 2704 1689 2785 liberaretur3
1734 2725 1923 2786 neque
1970 2704 2133 2768 enim
2170 2722 2269 2767 ex·

257 2798 472 2879 bremo,
543 2793 779 2877 inquit,
843 2795 1064 2861 iudicii
1124 2795 1223 2859 die
1281 2794 1520 2858 videtur
1580 2794 1780 2859 solum
1842 2794 2114 2875 deceptus
2173 2790 2273 2857 hic

253 2884 484 2969 minor,
561 2884 669 2949 sed
739 2888 929 2949 totum
998 2882 1108 2948 hoc
1173 2887 1496 2965 structum,
1557 2888 1631 2947 ut
1688 2883 1918 2948 maiore
1980 2902 2046 2946 eo
2104 2880 2270 2963 facto

257 2973 633 3038 liberaretur.
722 2972 891 3037 idem
947 2976 1168 3038 tamen
1225 2972 1589 3054 confitetur,
1645 2972 1700 3035 si
1753 2971 1955 3035 levior
2002 2970 2090 3035 sit
2134 2992 2270 3035 sus-

255 3062 427 3145 picio
477 3061 831 3127 adversarii
878 3061 1062 3145 quasi
1107 3061 1329 3125 dolose
1364 3060 1620 3143 versati,
1665 3082 1797 3124 non
1836 3059 2064 3124 debere
2100 3060 2270 3124 hunc

255 3151 324 3215 in
368 3151 689 3233 integrum
734 3150 1005 3215 restitui.

811 3332 919 3393 III.
969 3333 1485 3404 Quaestionum
1528 3332 1723 3392 libri.

433 3456 859 3526 Quaestionum
913 3457 1095 3515 libros
1143 3454 1349 3515 Celsus
1397 3455 1732 3533 composuit
1784 3459 1924 3532 post
1972 3454 2269 3513 Fufidium

255 3536 473 3626 (supra
497 3565 554 3620 p.
577 3538 730 3627 195)
759 3546 1078 3622 pluresque
1117 3545 1312 3605 secuti
1340 3547 1497 3606 sunt.
1551 3544 1826 3623 Krueger
1853 3564 1908 3621 p.
1936 3545 2056 3603 132
2087 3562 2144 3601 n.
2168 3544 2267 3602 33.
