2575 3900
345 206 485 272 ‘458
562 207 629 262 V.
667 205 965 261 NERVAE
1003 207 1096 262 ET
1134 205 1437 260 TRAIANI
1471 205 1686 261 ΤΕΜΡ.
1724 205 1913 261 IUBJS
1955 204 2317 260 CONSULTI

348 377 459 452 qui
504 395 639 435 oum
675 375 1030 434 deductione
1069 393 1247 452 agere
1283 375 1546 452 iubetur,
1592 392 1924 434 sermonem
1961 392 2088 434 esse
2124 374 2379 435 iudicat.

345 465 480 525 Gai.
510 467 570 541 4,
602 467 701 525 65.

530 566 634 631 88.
681 563 760 629 D.
789 565 895 649 50,
922 566 983 650 4,
1015 565 1114 630 13.
1187 564 1365 629 Idem
1398 562 1517 650 (se.
1543 561 1918 652 Iavolenus)
1947 565 2115 630 libro
2145 565 2379 650 quinto

341 653 595 718 decimo
644 675 721 718 ex
759 652 1003 719 Cassio.
1056 691 1133 701 —
1196 655 1447 720 Vacatio
1490 655 1748 737 itemque
1790 655 2171 738 immunitaS,
2218 675 2381 736 quae

344 743 558 808 laberis
617 748 676 808 et
724 745 990 825 posteris
1051 745 1318 808 alicuius
1380 743 1530 807 data
1586 748 1698 826 est,
1761 744 1847 807 ad
1896 762 1993 807 eos
2046 744 2385 808 dumtaxat

332 833 626 915 pertinet,
671 833 780 914 qui
823 833 954 897 eius
999 833 1281 910 familiae
1324 837 1486 898 sunt.

523 945 597 1002 of.
634 943 819 1002 Lenel
856 943 1046 1002 Ediot.
1085 964 1140 1020 p.
1182 945 1330 1002 343.

899 1147 972 1206 V.
1027 1147 1130 1206 Ex
1175 1146 1470 1206 Plautio
1517 1146 1692 1208 libri
1738 1147 1811 1206 V.

518 1262 786 1322 Iavoleni
861 1257 970 1321 ‘ad
1033 1257 1371 1322 Plautium'
1444 1261 1585 1320 libri
1650 1261 1979 1321 laudantur
2050 1265 2113 1321 et
2173 1261 2376 1324 indice

341 1351 604 1411 Florent.
670 1356 732 1411 et
794 1351 867 1410 D.
906 1354 1010 1429 45,
1050 1355 1108 1428 3,
1147 1354 1258 1428 343
1330 1352 1395 1410 in
1457 1351 1704 1426 reliquis
1766 1351 2149 1428 fragmentis,
2213 1371 2373 1428 quae

341 1458 535 1516 pauca
591 1443 757 1516 sunt,
816 1441 956 1500 libri
1014 1434 1108 1499 ‘ex
1154 1433 1419 1500 Plautio'
1465 1439 1866 1500 nominantur.
1958 1433 2055 1500 ‘ex
2099 1435 2371 1500 Plautio'

339 1529 528 1588 libros
592 1528 712 1588 iam
775 1533 954 1588 antea
1006 1529 1293 1588 Neratius
1359 1533 1797 1605 composuerat,
1862 1547 2116 1606 quorum
2177 1549 2370 1588 unum

339 1621 583 1676 tantum
635 1618 1040 1694 fragmentum
1097 1621 1263 1678 extat
1318 1611 1419 1698 (D.
1452 1619 1510 1694 8,
1540 1620 1597 1695 3,
1630 1620 1687 1692 5,
1722 1608 1806 1698 1).
1896 1618 2201 1678 Antonino
2257 1619 2368 1678 Pio

335 1709 449 1765 aut
503 1706 671 1766 Divis
734 1707 1025 1767 fratribus
1081 1708 1515 1782 imperantibus
1572 1701 1893 1780 (nimirum
1944 1710 2083 1782 post
2139 1707 2369 1766 Iuliani

339 1795 724 1873 Digestorum
777 1785 999 1854 librum
1044 1795 1214 1854 XLII
1267 1790 1524 1874 editum)
1571 1795 1935 1871 Pomponius
1982 1785 2235 1874 quoque'
2264 1791 2371 1854 ‘ad

339 1878 668 1942 Plautium'
728 1884 822 1942 vel
877 1877 976 1942 ‘ex
1019 1879 1284 1943 Plautio'
1331 1884 1515 1944 libros
1562 1884 1897 1961 composuit
1940 1883 2059 1943 VII
2106 1879 2201 1964 (P.
2236 1887 2363 1945 326

333 1966 614 2051 —371);
681 1973 962 2048 denique,
1027 1977 1295 2048 tempore
1352 1993 1472 2034 non
1532 1974 1679 2033 satis
1734 1974 2069 2051 explora-tO,
2135 1974 2367 2034 Paulus

337 2062 523 2121 libros
551 2061 757 2119 XVIII
795 2054 890 2142 (P.
925 2055 1410 2143 1071—1246).
1486 2062 1545 2121 in
1577 2062 1755 2123 Pauli
1790 2063 1884 2121 his
1920 2063 2093 2121 libris
2118 2066 2369 2139 praeter

335 2151 515 2224 alios,
563 2150 832 2225 inprimis
877 2150 1208 2226 Iulianum,
1255 2151 1585 2210 laudantur
1628 2151 1991 2227 Pomponius
2038 2143 2135 2230 (P.
2170 2154 2366 2212 1073.

343 2241 530 2299 1140.
584 2240 772 2298 1142.
825 2242 1010 2298 1152.
1065 2240 1253 2299 1164.
1296 2234 1495 2319 1239)
1545 2244 1605 2300 et
1648 2240 1966 2300 Iavolenus
2014 2232 2109 2319 (P.
2142 2238 2367 2321 1172),

335 2329 444 2388 sed
505 2328 620 2404 ita,
675 2332 747 2387 ut
807 2346 1105 2407 nusquam
1168 2328 1485 2405 Pomponii
1548 2332 1655 2387 aut
1716 2328 1985 2389 Iavoleni
2049 2347 2199 2405 opus
2263 2329 2363 2389 de·

337 2418 637 2495 signetur3
701 2418 763 2476 in
817 2417 1130 2494 Pomponii
1191 2436 1333 2479 vero
1399 2417 1493 2476 his
1556 2417 1726 2476 libris
1781 2417 2053 2477 Iulianus
2119 2417 2362 2496 quidem

333 2506 644 2583 laudatur,
711 2506 814 2565 sed
876 2525 1172 2584 nusquam
1237 2506 1575 2566 IavolenuS.
1682 2506 1746 2564 in
1807 2505 2043 2565 Neratii
2107 2506 2361 2584 denique

333 2596 440 2655 illo
503 2596 841 2673 fragmento
896 2597 1246 2656 Iavolenum
1312 2615 1433 2655 non
1495 2594 1732 2654 laudari
1796 2594 2016 2653 mirum
2073 2614 2194 2665 non
2247 2598 2359 2655 est.

331 2685 539 2761 itaque
596 2704 732 2744 eum
778 2704 849 2743 ex
894 2684 1162 2743 Iavoleni
1207 2684 1379 2743 libris
1425 2684 1481 2741 V
1524 2703 1598 2742 ne
1645 2683 1864 2758 viginti
1909 2683 2152 2759 quidem
2198 2684 2361 2761 frag-

335 2776 555 2847 menta,
597 2772 766 2832 tertii
803 2776 864 2831 et
901 2774 1100 2849 quarti
1137 2772 1274 2832 libri
1315 2773 1473 2849 bina,
1511 2771 1705 2849 quinti
1742 2793 1923 2831 unum
1964 2774 2192 2831 tradita
2220 2772 2359 2849 sint,

335 2862 629 2920 librorum
673 2861 905 2920 indoles
948 2880 1165 2937 parum
1213 2860 1609 2938 cognoscitur.
1689 2861 1843 2919 illud
1888 2864 2048 2921 certe
2086 2863 2355 2937 apparet,

330 2949 682 3008 Iavolenum
744 2968 865 3009 non
927 2949 1101 3008 modo
1156 2948 1381 3007 Plautii
1446 2949 1772 3009 sententias
1825 2950 2133 3009 rettulisse
2189 2942 2356 3030 (²ait’

333 3036 406 3096 D.
441 3039 540 3111 12,
573 3040 630 3114 6,
661 3040 718 3110 4,
766 3037 923 3113 quod
967 3038 1218 3097 verbum
1263 3037 1340 3096 ad
1384 3036 1689 3096 Plautium
1735 3039 1957 3097 referre
2002 3031 2199 3115 licet),
2251 3039 2354 3098 sed

331 3144 474 3185 suas
547 3144 781 3203 quoque
846 3126 1142 3185 addidisse
1207 3118 1433 3206 (‘puto’
1487 3126 1560 3186 D.
1602 3128 1703 3204 23,
1742 3130 1801 3202 3,
1839 3131 1942 3188 47.
2033 3121 2355 3188 ‘existimo'

333 3213 407 3273 D.
436 3217 541 3285 41,
571 3216 630 3291 4,
659 3212 730 3291 4)
788 3219 849 3272 et
903 3215 990 3273 ita
1036 3214 1302 3290 quidem,
1357 3217 1427 3273 ut
1471 3234 1899 3292 nonnunquam
1944 3214 2219 3275 Cassium
2263 3234 2354 3276 se-

331 3306 620 3381 queretur
666 3295 958 3470 §Cassius
1005 3302 1094 3361 ait
1131 3346 1142 3361 .
1174 3347 1187 3361 .
1227 3303 1466 3362 Paulus.
1550 3304 1709 3375 idem
1754 3304 2071 3365 Iavolenus
2120 3298 2353 3365 scribit’

332 3390 406 3451 D.
438 3393 538 3466 34,
569 3394 626 3467 2,
657 3392 694 3449 8
735 3437 747 3449 .

509 3479 889 3557 Argumenta
960 3478 1230 3553 priorum
1298 3481 1536 3538 tantum
1607 3479 1896 3540 librorum
1971 3482 2352 3559 aliquatenus

331 3570 800 3648 cognoscuntur:
857 3566 1050 3643 primo
1104 3567 1258 3626 libro
1304 3568 1624 3629 Iavolenus
1681 3562 1784 3649 (de
1835 3570 2215 3629 testamentis
2261 3564 2351 3649 et)
