2575 3900
375 231 507 296 470
579 231 645 286 V.
683 227 983 284 NERVAE
1021 229 1115 284 ET
1151 229 1454 284 TRAIANI
1489 227 1933 285 TEMP.1URIS
1971 227 2352 284 CONSULTI

550 393 915 476 Respondit:
969 392 1244 475 intelleqo
1299 398 1354 458 te
1414 395 1488 458 de
1539 413 1658 459 usu
1698 392 1909 473 fructu
1953 413 2244 476 quaerere
2286 394 2422 475 qui

371 483 413 564 <
411 504 529 566 per
579 482 1089 565 vindicationem>
1145 482 1376 564 leqatus
1428 486 1529 548 est.
1592 483 1796 561 itaque
1848 482 1906 546 si
1948 483 2219 546 condicio
2264 485 2419 548 eius
2540 487 2542 492 ’

374 572 560 654 leyati
609 572 898 654 extiterit,
959 571 1215 636 dubium
1259 592 1387 636 non
1430 576 1541 651 est,
1594 572 1747 654 quin
1791 571 1878 635 ad
1919 570 2297 673 leyatarium
2350 573 2419 637 is

371 680 522 726 usus
570 660 813 741 fruetus
858 661 1167 742 pertineat
1217 664 1276 723 et
1325 661 1385 725 si
1436 660 1646 742 aliquo
1698 681 1847 726 casu
1896 659 1975 724 ab
2010 680 2075 724 eo
2120 661 2418 726 amissus

365 749 576 831 fuerit,
611 750 697 814 ad
718 749 1157 832 proprietatem
1188 748 1377 829 fundi
1410 753 1766 814 revertatur.
1820 749 1984 831 quod
2023 749 2082 813 si
2116 749 2415 814 condicio
2544 777 2546 806 ÷

369 858 498 902 non
540 838 832 920 extiterit,
876 857 1026 902 usus
1064 837 1310 917 fruetus
1353 838 1441 902 ad
1480 837 1753 902 heredem
1784 837 2139 921 pertinebit,
2185 839 2282 902 ita
2332 843 2417 902 ut

370 928 440 990 in
482 928 616 991 eius
649 945 920 1008 persona
963 927 1176 990 omnia
1219 927 1429 990 eadem
1470 931 1785 992 serventur
1837 925 2029 1009 [quae
2082 927 2171 991 ad
2212 929 2417 991 amit-
2546 921 2548 942 ²

369 1017 618 1080 tendum
643 1034 826 1080 usum
847 1013 1123 1093 fructum
1143 1016 1454 1096 pertinent
1477 1021 1535 1079 et
1557 1016 1795 1081 servari
1818 1014 2048 1098 solent]
2051 1065 2065 1080 .
2129 1020 2412 1081 ceterum

367 1106 440 1169 in
501 1104 796 1169 eiusmodi
852 1104 1191 1168 venditione
1241 1106 1638 1186 spectandum
1689 1105 1761 1168 id
1810 1104 1953 1186 erit,
2014 1105 2181 1186 quod
2230 1104 2413 1169 inter

367 1197 654 1258 ementem
697 1193 1156 1273 vendentemqae
1188 1195 1541 1277 convenerit,
1588 1198 1673 1275 ut,
1716 1193 1775 1258 si
1809 1194 2172 1275 apparuerit
2204 1193 2408 1276 leqati

367 1301 560 1346 causa
613 1301 749 1345 eum
803 1300 987 1345 usum
1035 1281 1308 1362 fructum
1363 1287 1674 1364 exceptum
1722 1301 1873 1360 esse,
1917 1283 2107 1346 etiam
2149 1282 2210 1346 si
2254 1303 2407 1347 oon·

366 1370 525 1435 dicio
579 1390 706 1434 non
759 1370 1048 1450 extiterit,
1111 1371 1355 1435 restitui
1406 1392 1447 1434 a
1499 1371 1803 1436 venditore
1854 1371 2113 1452 emptori
2166 1371 2402 1436 debeat.

549 1455 649 1522 17.
705 1457 780 1522 D.
810 1457 914 1542 38,
942 1459 1002 1537 2,
1030 1459 1132 1522 35.
1207 1458 1385 1522 Idem
1424 1456 1539 1546 (sc.
1568 1457 1941 1544 Iavolenus)
1980 1458 2150 1523 libro
2186 1461 2401 1525 tertio

366 1545 836 1629 Epistularum.
879 1583 954 1592 —
997 1546 1062 1611 A
1108 1547 1317 1612 liberto
1362 1569 1473 1614 suo
1517 1549 1727 1613 herede
1771 1546 1951 1612 Seius
1993 1568 2177 1613 usum
2218 1547 2402 1629 fruc-

368 1641 500 1700 tum
557 1636 748 1714 fundi
810 1634 1060 1700 Maevio
1127 1636 1361 1719 leyavit.
1444 1639 1502 1702 is
1565 1637 1813 1702 libertus
1874 1635 2123 1701 Maeuio
2176 1635 2403 1702 herede

365 1725 570 1790 relicto
629 1725 889 1789 decessit.
970 1745 1220 1807 quaero,
1279 1746 1417 1790 oum
1480 1730 1693 1790 contra
1752 1725 1994 1790 tabulas
2048 1728 2403 1790 testamenti

355 1814 609 1895 petierit
648 1813 820 1896 filius
865 1811 996 1877 Seii
1030 1814 1324 1879 adversus
1358 1814 1697 1892 Meteonem,
1741 1818 1953 1878 utrum
1987 1815 2233 1879 deducto
2268 1835 2400 1880 usu

361 1903 574 1985 fructu
631 1922 788 1985 pars
849 1901 1048 1967 debita
1109 1903 1166 1967 ei
1219 1902 1256 1985 (
1249 1903 1559 1969 dimidia?
1553 1903 1591 1988 )
1635 1903 1824 1984 fundi
1876 1903 2249 1968 restituenda
2303 1905 2405 1969 sit

365 2013 454 2057 an
505 1992 734 2075 solida,
789 1994 939 2073 quia
991 2012 1201 2056 eorum
1254 1992 1548 2057 bonorum
1600 1993 1897 2075 acceperit
1923 1994 2402 2079 possessionem,

365 2102 523 2163 quae
567 2080 769 2145 liberti
811 2101 948 2145 eum
994 2086 1331 2145 moreretur
1369 2081 1641 2162 fuerunt.

543 2169 911 2250 Respondit:
995 2190 1178 2235 usum
1253 2169 1530 2249 fructum
1599 2172 1671 2234 in
1733 2189 1989 2235 oausam
2039 2169 2398 2252 pristinam

364 2257 807 2323 restituendum
841 2263 1012 2339 puto.
1102 2258 1403 2341 optimum
1447 2262 1652 2342 itaque
1686 2260 1806 2323 erit
1838 2258 2147 2323 arbitrum
2171 2263 2394 2340 postu-

367 2347 498 2410 lare
531 2348 638 2428 (sc.
674 2346 994 2411 interdicto
1038 2367 1303 2429 quorum
1348 2346 1641 2412 bonorum
1685 2346 1977 2430 reddito),
2023 2352 2094 2411 ut
2125 2347 2399 2413 arbitrio

365 2436 498 2500 eius
539 2454 691 2500 usus
729 2433 971 2513 fructus
1014 2436 1085 2499 in
1128 2437 1434 2519 inteyrum
1477 2438 1850 2502 restituatur.

1033 2594 1132 2659 De
1175 2595 1451 2660 libertate
1492 2595 1721 2661 relicta.

548 2701 646 2768 18.
714 2701 791 2766 D.
829 2703 942 2786 38,
979 2702 1047 2781 5,
1088 2702 1188 2766 12.
1277 2701 1621 2767 Iavolenus
1667 2702 1833 2766 libro
1879 2700 2073 2765 tertio
2121 2700 2391 2784 Epistu-

373 2792 599 2855 larum.
633 2827 707 2837 —
740 2790 1026 2855 Libertus
1061 2811 1198 2855 cum
1230 2790 1580 2871 fraudandi
1602 2791 1863 2873 patroni
1895 2810 2084 2855 eausa
2113 2789 2391 2870 fundum

377 2878 517 2944 Seio
553 2880 877 2961 mancipio
916 2878 1101 2943 dare²
1136 2879 1324 2962 vellet,
1363 2878 1542 2945 Seius
1573 2880 1737 2945 Titio
1774 2880 2108 2963 mandavit,
2142 2883 2214 2942 ut
2245 2898 2391 2942 eum

370 2966 764 3051 (mancipio)
787 2968 1064 3050 accipiat,
1092 2969 1183 3032 ita
1200 2974 1270 3032 ut
1284 2970 1447 3033 inter
1465 2968 1675 3034 Seium
1692 2973 1751 3034 et
1771 2968 2003 3033 Titium
2020 2969 2393 3032 mandatum

363 3054 780 3119 contrahatur.
851 3077 1095 3141 quaero,
1126 3062 1271 3139 post
1314 3063 1568 3121 mortem
1606 3057 1804 3122 liberti
1832 3061 2136 3139 patronus
2170 3059 2389 3120 utrum

363 3164 504 3209 eum
530 3142 671 3209 Seio
707 3146 1034 3209 dumtaxat
1067 3147 1175 3227 qui
1210 3147 1534 3211 mandavit
1566 3147 1861 3211 actionem
1897 3145 2088 3229 habet,
2124 3166 2211 3209 an
2240 3164 2389 3209 oum

367 3233 534 3297 Titio
579 3233 689 3313 qui
727 3233 999 3313 fundum
1037 3236 1272 3320 retinet,
1317 3255 1404 3299 an
1438 3256 1577 3300 eum
1612 3256 1728 3316 quo
1763 3235 1905 3299 velit
1936 3254 2113 3316 apere
2134 3233 2385 3316 possit?

543 3320 912 3402 Respondit:
970 3322 1042 3386 in
1107 3343 1271 3406 eum,
1334 3324 1436 3387 eui
1488 3324 1737 3388 donatio
1790 3325 2069 3405 quaesita
2121 3326 2231 3406 est,
2290 3322 2387 3385 ita

367 3413 573 3473 tamen
616 3408 673 3472 si
717 3410 803 3473 ad
842 3408 1023 3473 illum
1067 3430 1164 3475 res
1189 3412 1549 3493 pervenerit,
1594 3412 1750 3475 actio
1785 3412 1989 3492 datur,
2031 3431 2171 3475 cum
2206 3430 2387 3474 omne

365 3499 696 3580 negotium,
760 3498 924 3578 quod
980 3498 1111 3562 eius
1172 3499 1481 3563 voluntate
1530 3504 1764 3581 ¹qestum
1818 3500 1926 3584 sit,
1989 3500 2061 3563 in
2113 3499 2389 3563 condem-

511 3605 540 3653 1
586 3598 734 3655 Trib.
770 3599 1008 3656 tradere.
