2575 3900
431 183 513 243 14
567 183 660 239 111.
691 181 845 236 GAII
871 179 1165 237 CLAUDII
1193 183 1243 236 N
1249 180 1465 237 ERON.
1485 181 1771 238 GALBAE
1791 183 2004 239 ΤΕΜΡ.
2024 184 2214 238 IURIS
2238 183 2388 240 CON
2394 183 2442 239 S.

423 347 664 410 Cassius
730 343 1074 410 existimat'.
1164 351 1237 408 D.
1278 353 1381 428 39,
1420 353 1479 424 2,
1522 351 1621 428 15,
1661 353 1744 411 35
1811 345 2032 413 ‘Labeo
2082 352 2291 411 scribit
2329 395 2345 410 .
2385 397 2401 412 .
2431 398 2444 410 .

416 435 657 498 Cassius
705 442 908 498 autem
957 431 1114 518 ait').
1836 440 1841 445 ’

591 527 1008 604 Praeceptoris
1072 545 1308 604 quoque
1371 546 1657 603 responsa
1710 529 2152 605 sententiasque
2204 529 2445 588 rettulit

416 613 654 676 Cassius
695 609 793 696 (D.
828 620 883 692 1,
916 618 974 692 8,
1006 618 1062 692 8,
1095 619 1130 675 2
1173 609 1484 675 ‘Sabinum
1518 617 1892 693 respondisse
1931 616 2175 678 Cassius
2210 610 2441 677 refert’.

413 703 487 763 D.
538 706 604 782 8,
656 709 720 782 1,
766 707 807 764 4
827 725 914 781 pr.
992 699 1303 763 ‘Sabinum
1382 706 1761 781 respondisse
1836 705 2076 766 Cassius
2157 700 2439 766 rettulit’.

411 792 484 851 D.
529 796 627 870 19,
669 797 724 869 1,
766 796 868 869 24,
910 795 942 851 1
1005 787 1273 852 ‘Cassius
1321 839 1335 852 .
1375 839 1388 852 .
1429 839 1441 852 .
1494 794 1836 869 opinionem
1882 795 2090 855 Sabini
2144 785 2437 874 rettulit')

413 880 658 959 eiusque
714 881 1044 941 sententias
1100 884 1160 941 et
1215 882 1535 957 explicavit
1590 873 1693 962 (D.
1733 886 1838 957 22,
1877 887 1933 960 6,
1979 887 2035 956 3,
2077 887 2110 942 1
2172 878 2438 942 ‘Cassius

408 970 812 1047 ignorantiam
858 970 1144 1029 Sabinum
1197 970 1284 1029 ita
1331 970 1734 1046 accipiendam
1778 973 2150 1032 existimasse
2195 963 2437 1049 refert')

409 1062 473 1118 et
527 1058 830 1120 excusavit
884 1051 985 1139 (D.
1015 1060 1075 1133 4,
1107 1060 1164 1133 8,
1196 1062 1298 1136 19,
1329 1060 1366 1117 2
1421 1054 1681 1119 ‘Cassius
1738 1061 2097 1121 sententiam
2152 1059 2432 1138 magistri

411 1146 504 1206 sui
550 1147 702 1207 bene
747 1150 992 1207 excusat
1037 1151 1099 1207 et
1143 1141 1301 1226 ait').

585 1237 656 1296 In
688 1236 904 1313 quibus
931 1236 1288 1314 fragmentis
1321 1236 1564 1296 Cassius
1593 1236 1800 1296 Sabini
1829 1237 2190 1296 sententiam
2215 1237 2435 1314 proba-

407 1325 514 1398 vit,
560 1343 711 1402 quae
757 1326 1059 1401 permulta
1104 1328 1262 1402 sunt,
1312 1345 1382 1385 ea
1423 1327 1605 1401 prout
1641 1326 1927 1403 cuiusque
1966 1326 2305 1386 sententiae
2343 1325 2436 1385 vel

407 1413 764 1474 Sabinianae
809 1414 908 1474 vel
954 1412 1276 1473 Cassianae
1323 1417 1542 1473 natura
1589 1414 1805 1492 suasit,
1858 1415 1922 1472 in
1966 1433 2189 1490 genera
2235 1414 2433 1475 distri-

405 1503 588 1562 buere
633 1503 909 1562 idoneum
960 1502 1120 1561 duxi.

586 1582 652 1670 1)
699 1591 966 1649 Primum
1015 1591 1172 1650 enim
1227 1589 1470 1650 Cassius
1516 1590 1743 1650 Sabini
1766 1609 2123 1667 responsum
2166 1594 2429 1651 relatum

402 1679 698 1753 probavit.
754 1680 827 1738 D.
863 1683 918 1755 l,
947 1681 1006 1755 8,
1037 1681 1091 1752 8,
1124 1681 1161 1739 2
1213 1674 1526 1738 ‘Sabinum
1570 1682 1732 1739 recte
1769 1681 2144 1755 respondisse
2184 1679 2429 1740 Cassius

400 1761 628 1827 refert'.
690 1767 765 1826 D.
798 1769 852 1838 8,
887 1771 945 1843 1,
972 1769 1111 1842 4pr.
1141 1761 1341 1844 ‘idque
1372 1773 1434 1827 et
1462 1767 1752 1827 Sabinum
1778 1769 2153 1844 respondisse
2184 1768 2428 1841 Cassius

400 1855 640 1915 rettulit
686 1859 748 1915 et
793 1856 909 1915 sibi
954 1849 1232 1931 plaeere'.

579 1936 647 2027 2)
704 1943 934 2004 Deinde
991 1946 1317 2004 secundum
1362 1944 1566 2005 Sabini
1612 1965 1965 2023 responsum
2009 1945 2138 2022 ipse
2187 1964 2427 2025 quoque

397 2033 720 2108 respondit.
829 2034 903 2092 D.
949 2035 1014 2108 3,
1055 2035 1116 2111 2,
1158 2036 1312 2109 4pr.
1370 2035 1481 2108 24,
1526 2036 1591 2109 3,
1635 2038 1747 2110 22,
1795 2038 1895 2095 12.
1950 2037 2065 2101 41,
2113 2039 2182 2114 2,
2224 2038 2297 2112 3,
2344 2036 2421 2093 18

398 2114 677 2182 ‘Sabinus
751 2124 812 2181 et
886 2118 1126 2180 Cassius
1197 2118 1673 2195 responderunt’.
1784 2118 1857 2183 D.
1910 2126 2010 2195 17,
2061 2126 2128 2195 2,
2177 2127 2293 2199 52,
2347 2124 2422 2181 18

398 2202 436 2267 ³.
457 2254 470 2267 .
493 2208 748 2269 Sabinus
778 2207 1019 2268 Cassius
1047 2205 1521 2287 responderunt'.
1584 2211 1658 2271 D.
1682 2214 1783 2289 29,
1806 2216 1863 2290 7,
1886 2215 2068 2288 14pr.
2107 2208 2423 2273 ‘Sabinum

397 2300 459 2356 et
506 2296 777 2358 Cassium
822 2297 1196 2373 respondisse
1243 2292 1455 2357 aiunt'.

574 2378 645 2466 3)
685 2387 840 2446 Tum
865 2385 1026 2445 idem
1052 2387 1211 2462 quod
1240 2385 1497 2445 Sabinus
1524 2388 1847 2467 respondit,
1886 2388 2131 2448 Cassius
2168 2390 2236 2449 in
2273 2388 2418 2448 iuris

394 2473 586 2553 civilis
631 2475 801 2535 libris
847 2474 1100 2550 scripsit.
1181 2474 1252 2534 D.
1285 2477 1343 2548 7,
1376 2477 1432 2548 1,
1464 2476 1563 2549 23,
1597 2477 1630 2533 1
1683 2469 1967 2537 ‘Sabinus
2004 2480 2321 2554 respondit
2360 2477 2421 2535 et

395 2560 636 2623 Cassius
681 2564 836 2624 libro
885 2567 1096 2624 octavo
1142 2563 1293 2623 iuris
1338 2562 1529 2623 civilis
1576 2558 1853 2639 scripsit'.

570 2648 639 2733 4)
705 2653 859 2715 Tum
913 2652 974 2711 id
1030 2654 1184 2730 quod
1243 2651 1497 2712 Sabinus
1552 2652 1815 2730 dicebat,
1873 2651 2115 2715 Cassius
2178 2670 2413 2734 quoque

389 2740 643 2801 dicebat.
732 2742 804 2801 D.
845 2744 946 2815 24,
986 2743 1042 2817 3,
1079 2744 1159 2802 59
1221 2736 1503 2801 ‘Sabinus
1558 2741 1794 2801 dicebat
1830 2789 1843 2802 .
1872 2786 1888 2801 .
1917 2786 1933 2801 .
1972 2741 2160 2804 Graius
2214 2734 2411 2805 idem'.

392 2829 464 2887 ef.
502 2829 576 2888 D.
607 2830 709 2906 40,
747 2831 848 2904 12,
878 2831 963 2888 30
1010 2824 1323 2888 ‘Sabinum
1367 2829 1625 2887 refertur
1662 2829 2032 2891 existimasse
2072 2877 2087 2893 .
2116 2876 2129 2888 .
2164 2878 2198 2911 .‚
2246 2832 2412 2893 ouius

393 2916 719 2974 asni-..antiae
766 2913 1007 2974 Cassius
1053 2933 1292 2994 quoque
1339 2908 1473 2974 est'.
1543 2951 1545 2954 -

569 3000 633 3080 ᾖ]
675 3004 831 3061 Tum
858 3001 1098 3062 Cassius
1127 3008 1188 3062 et
1217 3003 1473 3063 Sabinus
1499 3002 1659 3062 idem
1689 2997 2023 3069 ‘soribunt’.
2098 3009 2239 3071 Vat.
2267 3012 2339 3070 fr.
2369 3010 2402 3066 1

389 3084 668 3148 *Sabinus
733 3095 795 3150 et
859 3088 1099 3149 Cassius
1163 3085 1475 3152 soribunt’.
1583 3091 1653 3151 D.
1702 3094 1813 3169 32,
1860 3095 1971 3172 52,
2020 3098 2059 3157 3
2128 3093 2408 3159 ‘Sabinus

386 3180 617 3252 ,snrihim
665 3179 822 3238 idem
866 3181 930 3238 et
973 3175 1256 3240 Cassius'.

565 3260 633 3348 fi)
687 3266 960 3344 Denique
1007 3265 1245 3329 Cassius
1303 3272 1365 3329 et
1410 3267 1669 3329 Sabinus
1723 3270 1882 3329 idem
1926 3272 2027 3332 vel
2082 3276 2257 3335 aiunt
2306 3270 2405 3334 vel

385 3359 601 3429 putant
665 3356 760 3416 vel
822 3356 1164 3417 existimant
1231 3359 1329 3419 vel
1392 3358 1754 3432 putaverunt
1807 3377 2079 3437 quaeque
2134 3358 2400 3424 eiusdem

385 3445 617 3521 gatteria
657 3447 809 3503 sunt.
874 3444 947 3503 D.
978 3446 1034 3522 8,
1067 3447 1124 3522 6,
1156 3449 1214 3507 2.
1255 3448 1357 3524 18,
1392 3449 1448 3523 1,
1479 3447 1662 3521 57pr.
1703 3448 1807 3524 39,
1836 3448 1894 3523 3,
1929 3451 1982 3521 1,
2014 3452 2074 3511 8.
2110 3454 2218 3529 45,
2238 3449 2397 3531 2,ss

385 3525 661 3593 *Sabinus
727 3531 968 3593 Cassius
1036 3529 1246 3594 aiunt'.
1354 3534 1430 3594 D.
1478 3536 1592 3612 50,
1640 3537 1751 3610 16,
1798 3535 1924 3595 215
1992 3530 2277 3603 ‘Sabinus
2340 3536 2402 3598 et
