2575 3900
814 132 820 138 '
917 158 968 207 5.
1004 150 1242 207 'rmus
1280 150 1543 207 Ams'ro
2106 151 2235 215 379

403 314 503 378 12.
549 312 624 379 D.
662 313 816 380 ibid.
853 318 893 396 ξ
926 316 1024 380 11.
1078 350 1155 361 -
1206 313 1386 380 Vasa
1430 336 1685 400 quoque
1730 316 2039 398 penuaria
2081 316 2235 399 quin

206 402 686 487 contineamur,
727 403 906 468 nulla
944 404 1260 469 dubitatio
1301 408 1415 469 est.
1490 405 1712 468 Aristo
1753 406 1967 469 autem
2006 403 2236 469 scribit

206 490 392 557 dolia
437 513 568 557 non
613 492 948 558 contineri.
1982 534 1984 536 ·

826 672 828 676 .
957 624 1051 683 De
1093 627 1242 683 veste
1285 624 1489 697 Zeyata.

397 723 500 789 13.
545 722 624 787 D.
645 724 750 806 34,
779 725 840 805 2,
866 725 970 809 25,
1002 725 1057 789 1.
1131 722 1448 807 Ulpianus
1485 723 1653 788 libro
1694 723 2234 808 quadragensimo

207 816 446 896 quarto
503 812 585 877 ad
640 811 950 879 Sabinum
1004 812 1104 899 (P.
1142 807 1399 899 291312).
1450 848 1541 859 -—
1594 811 1818 877 Aristo
1873 813 2074 877 etiam
2130 833 2235 877 co-

209 901 437 966 actilia
479 901 647 966 vesti
693 902 916 967 cedere
961 902 1054 966 ait
1094 906 1160 966 et
1193 902 1556 987 tegimenta
1592 900 2045 985 supselliorum
2080 901 2235 967 huic

204 988 436 1076 legato
482 990 719 1055 cedere

911 1103 1007 1163 De
1051 1103 1279 1162 ancillis
1324 1103 1539 1177 leyatis.

397 1204 498 1267 14.
547 1136 628 1267 D.
669 1204 774 1287 30,
809 1204 896 1269 45
912 1226 1007 1289 p.r
1097 1204 1494 1288 Pomponius
1548 1203 1713 1269 libro
1761 1206 1943 1268 sexto
1993 1202 2075 1267 ad
2120 1200 2235 1269 Sa-

207 1291 442 1356 binum
496 1287 594 1377 (P.
631 1292 808 1376 498).
870 1328 944 1339 --
1007 1290 1077 1356 Si
1142 1314 1180 1357 a
1243 1293 1597 1357 substituto
1659 1291 1895 1376 pupilli
1957 1292 2231 1357 ancillas

206 1378 338 1444 tibi
379 1380 698 1464 legassem
736 1402 969 1465 easque
1006 1386 1080 1446 tu
1117 1403 1156 1445 a
1192 1379 1441 1466 pupillo
1478 1380 1743 1446 emisses
1783 1385 1849 1444 et
1884 1384 2233 1465 antequam

208 1468 413 1534 scires
459 1469 584 1534 tibi
627 1470 879 1555 legatas
926 1489 1065 1535 esse
1113 1468 1516 1546 alienaveris,
1560 1468 1715 1533 utile
1760 1469 2045 1553 legatum
2088 1490 2229 1534 esse

206 1555 520 1623 Neratius
567 1563 634 1623 et
678 1557 904 1623 Aristo
951 1561 1017 1623 et
1061 1556 1291 1623 Ofilius
1336 1558 1636 1642 probant.

664 1740 760 1801 De
803 1742 1180 1801 instrumento
1215 1742 1537 1815 piscatorio
1582 1741 1776 1814 legato.

392 1842 492 1907 15.
549 1841 624 1905 D.
654 1842 759 1922 33,
791 1843 847 1923 7,
879 1842 979 1919 17,
1012 1842 1067 1905 1.
1156 1838 1525 1906 Marcianus
1582 1840 1751 1904 libro
1800 1840 2074 1923 septimo
2120 1840 2229 1906 In-

209 1932 622 1998 stitutionum
680 1927 778 2018 (P.
819 1928 994 2014 123).
1042 1967 1127 1978 —
1171 1928 1613 1996 Instrumento
1668 1929 2020 2014 piscatorio
2076 1952 2228 1997 con-

207 2021 404 2087 tineri
441 2019 665 2086 Aristo
712 2021 804 2085 ait
849 2019 1192 2104 naucellaS‚
1237 2041 1401 2105 quae
1445 2019 1720 2103 piscium
1761 2018 2224 2104 capiendorum

209 2131 408 2176 causa
454 2112 868 2193 comparatae
917 2112 1082 2174 sunt.

948 2291 1042 2350 De
1086 2292 1268 2366 zeqato
1312 2292 1501 2351 debiti.

392 2394 492 2458 16.
541 2393 618 2458 D.
646 2394 752 2476 30,
779 2392 864 2456 28
879 2413 974 2477 pr.
1051 2390 1372 2475 Ulpianus
1419 2390 1585 2456 libro
1632 2411 1804 2454 nono
1851 2391 2097 2457 decimo
2146 2393 2227 2457 ad

211 2480 524 2548 Sabinum
561 2478 658 2568 (Ρ.
689 2443 912 2564 2’597).
941 2516 1026 2527 —
1059 2479 1129 2544 Si
1167 2479 1470 2544 creditori
1506 2500 1670 2561 11100,
1704 2483 1883 2544 tutus
1922 2479 2227 2546 adversus

210 2591 360 2635 eum
399 2570 789 2672 exceptione,
824 2569 891 2633 id
929 2567 1098 2651 quod
1137 2569 1195 2632 ei
1233 2567 1432 2633 debeo
1470 2567 1701 2652 legem,
1736 2567 1894 2632 utile
1937 2569 2227 2653 legatum

208 2661 336 2742 est,
393 2659 544 2743 quia
597 2660 865 2724 remissa
917 2655 1063 2743 (ei)
1116 2657 1405 2741 exceptio
1451 2655 1734 2737 videtur,
1789 2656 1955 2721 sicut
2002 2658 2225 2722 Aristo

207 2747 306 2814 ait
353 2746 419 2812 id
465 2747 634 2831 quod
677 2747 1029 2813 honoraria
1075 2746 1327 2812 actione
1373 2744 1538 2810 mihi
1572 2744 1841 2809 debetur
1879 2745 1936 2809 si
1971 2745 2228 2831 legetur

207 2837 402 2916 mihi,
464 2837 750 2921 legatum
814 2836 1055 2917 valere,
1118 2834 1271 2919 quia
1328 2833 1533 2900 civilis
1588 2833 1751 2898 mihi
1809 2832 1997 2899 datur
2054 2836 2224 2901 actio

205 2948 327 3012 pro
371 2924 740 2992 honoraria.
1566 2949 1569 2952 ⁴

906 3053 1001 3113 De
1045 3054 1218 3128 legati
1255 3055 1537 3126 petitione.

392 3157 494 3220 17.
532 3155 610 3220 D.
630 3155 734 3238 30,
754 3155 857 3221 88.
931 3152 1295 3219 Marcianus
1323 3153 1493 3218 libro
1524 3156 1703 3218 sexto
1731 3151 2225 3220 Institutionum

239 3244 308 3310 P.
353 3241 531 3330 104).
577 3279 661 3292 --
756 3245 864 3308 ‚si
919 3263 1052 3306 non
1107 3241 1269 3307 alias
1315 3243 1523 3308 voluit
1567 3245 1752 3324 pater
1794 3242 2033 3308 habere
2080 3264 2224 3308 eum

206 3242 612 3420 (00.111111111,
679 3331 786 3398 cui
847 3330 1068 3396 heredi
1131 3351 1250 3414 pro
1314 3335 1503 3432 parte
1564 3329 1870 3396 instituto
1936 3331 2225 3416 legatum

208 3443 466 3506 quoque
529 3382 820 3505 reliquit)
887 3420 994 3504 leg
998 3421 1204 3500 atum,
1267 3419 1395 3482 nisi
1448 3419 1872 3484 hereditatem
1928 3421 2225 3502 retineat,

205 3513 363 3575 tunc
408 3531 614 3595 neque
655 3439 994 3573 adversusg
997 3505 1374 3571 coheredem
1412 3505 1688 3572 dandam
1725 3507 1785 3571 ei
1820 3509 2022 3594 legati
2059 3507 2226 3592 peti—
