<?xml version="1.0" encoding="UTF-8"?>
<!DOCTYPE html PUBLIC "-//W3C//DTD XHTML 1.0 Transitional//EN"
    "http://www.w3.org/TR/xhtml1/DTD/xhtml1-transitional.dtd">
<html xmlns="http://www.w3.org/1999/xhtml" xml:lang="en" lang="en">
 <head>
  <title>
</title>
<meta http-equiv="Content-Type" content="text/html;charset=utf-8" />
  <meta name='ocr-system' content='tesseract 3.04.00' />
  <meta name='ocr-capabilities' content='ocr_page ocr_carea ocr_par ocr_line ocrx_word'/>
</head>
<body>
  <div class='ocr_page' id='page_1' title='image "./iurisprudentiae00unkngoog_0440.png"; bbox 0 0 2575 3900; ppageno 0'>
   <div class='ocr_carea' id='block_1_1' title="bbox 301 182 2257 251">
    <p class='ocr_par' dir='ltr' id='par_1_1' title="bbox 301 182 2257 251">
     <span class='ocr_line' id='line_1_1' title="bbox 301 182 2257 251; baseline -0.007 1"><span class='ocrx_word' id='word_1_1' title='bbox 301 186 431 251; x_wconf 84' lang='lat'>394</span> <span class='ocrx_word' id='word_1_2' title='bbox 504 189 568 244; x_wconf 88' lang='lat' dir='ltr'>V.</span> <span class='ocrx_word' id='word_1_3' title='bbox 606 185 906 242; x_wconf 81' lang='lat' dir='ltr'><strong>NERVAE</strong></span> <span class='ocrx_word' id='word_1_4' title='bbox 943 187 1038 242; x_wconf 86' lang='grc' dir='ltr'>ΕΤ</span> <span class='ocrx_word' id='word_1_5' title='bbox 1076 184 1381 241; x_wconf 74' lang='grc' dir='ltr'><strong>ΤΒΑΙΑΝΙ</strong></span> <span class='ocrx_word' id='word_1_6' title='bbox 1418 184 1633 240; x_wconf 80' lang='grc' dir='ltr'><strong>ΤΕΜΡ.</strong></span> <span class='ocrx_word' id='word_1_7' title='bbox 1668 184 1859 239; x_wconf 74' lang='lat' dir='ltr'>Imus</span> <span class='ocrx_word' id='word_1_8' title='bbox 1898 182 2257 240; x_wconf 85' lang='lat' dir='ltr'>CONSULTI</span> 
     </span>
    </p>
   </div>
   <div class='ocr_carea' id='block_1_2' title="bbox 564 388 2055 467">
    <p class='ocr_par' dir='ltr' id='par_1_2' title="bbox 564 388 2055 467">
     <span class='ocr_line' id='line_1_2' title="bbox 564 388 2055 467; baseline 0 -20"><span class='ocrx_word' id='word_1_9' title='bbox 564 390 636 451; x_wconf 90' lang='lat' dir='ltr'>V.</span> <span class='ocrx_word' id='word_1_10' title='bbox 683 391 1012 449; x_wconf 74' lang='lat' dir='ltr'>Incertae</span> <span class='ocrx_word' id='word_1_11' title='bbox 1061 389 1343 450; x_wconf 90' lang='lat' dir='ltr'>omnino</span> <span class='ocrx_word' id='word_1_12' title='bbox 1392 389 1587 449; x_wconf 87' lang='lat' dir='ltr'>sedis</span> <span class='ocrx_word' id='word_1_13' title='bbox 1630 388 2055 467; x_wconf 86' lang='lat' dir='ltr'>fragmenta.</span> 
     </span>
    </p>
   </div>
   <div class='ocr_carea' id='block_1_3' title="bbox 950 508 1668 575">
    <p class='ocr_par' dir='ltr' id='par_1_3' title="bbox 950 508 1668 575">
     <span class='ocr_line' id='line_1_3' title="bbox 950 508 1668 575; baseline 0.001 -2"><span class='ocrx_word' id='word_1_14' title='bbox 950 508 1050 575; x_wconf 84' lang='lat' dir='ltr'>De</span> <span class='ocrx_word' id='word_1_15' title='bbox 1092 511 1228 575; x_wconf 80' lang='lat' dir='ltr'>iure</span> <span class='ocrx_word' id='word_1_16' title='bbox 1271 508 1668 574; x_wconf 58' lang='lat' dir='ltr'>delete-randi.</span> 
     </span>
    </p>
   </div>
   <div class='ocr_carea' id='block_1_4' title="bbox 295 610 2321 1143">
    <p class='ocr_par' dir='ltr' id='par_1_4' title="bbox 295 610 2321 1143">
     <span class='ocr_line' id='line_1_4' title="bbox 477 610 2321 701; baseline 0 -22"><span class='ocrx_word' id='word_1_17' title='bbox 477 617 534 679; x_wconf 90' lang='lat'>1.</span> <span class='ocrx_word' id='word_1_18' title='bbox 577 615 652 681; x_wconf 91' lang='lat' dir='ltr'>D.</span> <span class='ocrx_word' id='word_1_19' title='bbox 683 616 786 700; x_wconf 85' lang='grc'>28,</span> <span class='ocrx_word' id='word_1_20' title='bbox 816 617 874 697; x_wconf 89' lang='grc'>8,</span> <span class='ocrx_word' id='word_1_21' title='bbox 905 616 1056 700; x_wconf 87' lang='lat' dir='ltr'>5pr.</span> <span class='ocrx_word' id='word_1_22' title='bbox 1128 614 1308 680; x_wconf 90' lang='lat' dir='ltr'>Idem</span> <span class='ocrx_word' id='word_1_23' title='bbox 1340 612 1455 701; x_wconf 89' lang='lat' dir='ltr'>(sc.</span> <span class='ocrx_word' id='word_1_24' title='bbox 1484 610 1833 701; x_wconf 78' lang='lat' dir='ltr'>Ulpianus)</span> <span class='ocrx_word' id='word_1_25' title='bbox 1862 614 2030 679; x_wconf 92' lang='lat' dir='ltr'>libro</span> <span class='ocrx_word' id='word_1_26' title='bbox 2060 617 2321 699; x_wconf 88' lang='lat' dir='ltr'>septua-</span> 
     </span>
     <span class='ocr_line' id='line_1_5' title="bbox 299 701 2321 791; baseline 0 -24"><span class='ocrx_word' id='word_1_27' title='bbox 299 704 588 788; x_wconf 87' lang='lat' dir='ltr'>gensimo</span> <span class='ocrx_word' id='word_1_28' title='bbox 636 704 715 769; x_wconf 91' lang='lat' dir='ltr'>ad</span> <span class='ocrx_word' id='word_1_29' title='bbox 763 703 1037 769; x_wconf 89' lang='lat' dir='ltr'>edictum</span> <span class='ocrx_word' id='word_1_30' title='bbox 1086 702 1181 790; x_wconf 92' lang='lat' dir='ltr'>(P.</span> <span class='ocrx_word' id='word_1_31' title='bbox 1222 701 1443 791; x_wconf 83' lang='lat'><strong>1397).</strong></span> <span class='ocrx_word' id='word_1_32' title='bbox 1490 740 1577 763; x_wconf 85' lang='lat'>.——</span> <span class='ocrx_word' id='word_1_33' title='bbox 1622 702 1845 768; x_wconf 89' lang='lat' dir='ltr'>Aristo</span> <span class='ocrx_word' id='word_1_34' title='bbox 1904 701 2128 767; x_wconf 76' lang='lat' dir='ltr'><strong>scribit</strong></span> <span class='ocrx_word' id='word_1_35' title='bbox 2179 725 2321 769; x_wconf 89' lang='lat' dir='ltr'>non</span> 
     </span>
     <span class='ocr_line' id='line_1_6' title="bbox 297 792 2320 876; baseline 0 -19"><span class='ocrx_word' id='word_1_36' title='bbox 297 794 504 858; x_wconf 89' lang='lat' dir='ltr'>solum</span> <span class='ocrx_word' id='word_1_37' title='bbox 560 792 985 858; x_wconf 87' lang='lat' dir='ltr'>creditoribus</span> <span class='ocrx_word' id='word_1_38' title='bbox 994 843 1011 876; x_wconf 89' lang='lat'><em>‚</em></span> <span class='ocrx_word' id='word_1_39' title='bbox 1070 792 1179 857; x_wconf 90' lang='lat' dir='ltr'>sed</span> <span class='ocrx_word' id='word_1_40' title='bbox 1225 798 1294 857; x_wconf 91' lang='lat' dir='ltr'>et</span> <span class='ocrx_word' id='word_1_41' title='bbox 1339 792 1559 857; x_wconf 90' lang='lat' dir='ltr'>heredi</span> <span class='ocrx_word' id='word_1_42' title='bbox 1605 792 1907 857; x_wconf 89' lang='lat' dir='ltr'>instituto</span> <span class='ocrx_word' id='word_1_43' title='bbox 1953 796 2320 875; x_wconf 73' lang='lat' dir='ltr'>praetorem</span> 
     </span>
     <span class='ocr_line' id='line_1_7' title="bbox 297 880 2317 966; baseline -0.001 -19"><span class='ocrx_word' id='word_1_44' title='bbox 297 882 634 947; x_wconf 85' lang='lat' dir='ltr'>subvenire</span> <span class='ocrx_word' id='word_1_45' title='bbox 698 882 928 947; x_wconf 92' lang='lat' dir='ltr'>debere</span> <span class='ocrx_word' id='word_1_46' title='bbox 991 882 1219 966; x_wconf 89' lang='lat' dir='ltr'>hisque</span> <span class='ocrx_word' id='word_1_47' title='bbox 1275 881 1532 965; x_wconf 88' lang='lat' dir='ltr'>copiam</span> <span class='ocrx_word' id='word_1_48' title='bbox 1586 880 2161 945; x_wconf 76' lang='lat' dir='ltr'>instrumentorum</span> <span class='ocrx_word' id='word_1_49' title='bbox 2220 881 2317 945; x_wconf 90' lang='lat' dir='ltr'>in·</span> 
     </span>
     <span class='ocr_line' id='line_1_8' title="bbox 297 968 2318 1054; baseline -0 -20"><span class='ocrx_word' id='word_1_50' title='bbox 297 969 772 1053; x_wconf 86' lang='lat' dir='ltr'>spiciendorum</span> <span class='ocrx_word' id='word_1_51' title='bbox 830 970 1070 1054; x_wconf 86' lang='lat' dir='ltr'>facere,</span> <span class='ocrx_word' id='word_1_52' title='bbox 1125 974 1199 1034; x_wconf 92' lang='lat' dir='ltr'>ut</span> <span class='ocrx_word' id='word_1_53' title='bbox 1251 970 1517 1053; x_wconf 88' lang='lat' dir='ltr'>perinde</span> <span class='ocrx_word' id='word_1_54' title='bbox 1562 970 1879 1034; x_wconf 90' lang='lat' dir='ltr'>instruere</span> <span class='ocrx_word' id='word_1_55' title='bbox 1926 990 1995 1034; x_wconf 89' lang='lat' dir='ltr'>se</span> <span class='ocrx_word' id='word_1_56' title='bbox 2039 968 2318 1054; x_wconf 85' lang='lat' dir='ltr'>possint,</span> 
     </span>
     <span class='ocr_line' id='line_1_9' title="bbox 295 1058 1759 1143; baseline 0 -21"><span class='ocrx_word' id='word_1_57' title='bbox 295 1059 588 1143; x_wconf 77' lang='lat' dir='ltr'>expediet</span> <span class='ocrx_word' id='word_1_58' title='bbox 630 1080 749 1123; x_wconf 91' lang='lat' dir='ltr'>nec</span> <span class='ocrx_word' id='word_1_59' title='bbox 791 1080 872 1123; x_wconf 91' lang='lat' dir='ltr'>ne</span> <span class='ocrx_word' id='word_1_60' title='bbox 920 1080 1271 1143; x_wconf 78' lang='lat' dir='ltr'>agnoscere</span> <span class='ocrx_word' id='word_1_61' title='bbox 1318 1058 1759 1123; x_wconf 75' lang='lat' dir='ltr'>hereditatem.</span> 
     </span>
    </p>
   </div>
   <div class='ocr_carea' id='block_1_5' title="bbox 911 1217 1697 1300">
    <p class='ocr_par' dir='ltr' id='par_1_5' title="bbox 911 1217 1697 1300">
     <span class='ocr_line' id='line_1_10' title="bbox 911 1217 1697 1300; baseline 0 -18"><span class='ocrx_word' id='word_1_62' title='bbox 911 1217 1012 1283; x_wconf 84' lang='lat' dir='ltr'>De</span> <span class='ocrx_word' id='word_1_63' title='bbox 1055 1219 1126 1284; x_wconf 80' lang='lat' dir='ltr'>in</span> <span class='ocrx_word' id='word_1_64' title='bbox 1164 1218 1403 1300; x_wconf 76' lang='lat' dir='ltr'>factum</span> <span class='ocrx_word' id='word_1_65' title='bbox 1447 1220 1697 1283; x_wconf 81' lang='lat' dir='ltr'>actione.</span> 
     </span>
    </p>
   </div>
   <div class='ocr_carea' id='block_1_6' title="bbox 291 1322 2316 1765">
    <p class='ocr_par' dir='ltr' id='par_1_6' title="bbox 291 1322 2316 1765">
     <span class='ocr_line' id='line_1_11' title="bbox 345 1322 2313 1409; baseline -0.002 -18"><span class='ocrx_word' id='word_1_66' title='bbox 345 1352 350 1357; x_wconf 92' lang='lat'><em>·</em></span> <span class='ocrx_word' id='word_1_67' title='bbox 471 1328 530 1391; x_wconf 83' lang='lat'>2.</span> <span class='ocrx_word' id='word_1_68' title='bbox 578 1325 656 1391; x_wconf 90' lang='lat' dir='ltr'>D.</span> <span class='ocrx_word' id='word_1_69' title='bbox 689 1326 789 1409; x_wconf 87' lang='lat'>19,</span> <span class='ocrx_word' id='word_1_70' title='bbox 817 1325 877 1409; x_wconf 87' lang='lat'>5,</span> <span class='ocrx_word' id='word_1_71' title='bbox 909 1326 1010 1409; x_wconf 88' lang='lat'>16,</span> <span class='ocrx_word' id='word_1_72' title='bbox 1043 1327 1097 1391; x_wconf 87' lang='lat'>1.</span> <span class='ocrx_word' id='word_1_73' title='bbox 1169 1324 1567 1409; x_wconf 80' lang='lat' dir='ltr'>Pomponius</span> <span class='ocrx_word' id='word_1_74' title='bbox 1603 1322 1773 1389; x_wconf 92' lang='lat' dir='ltr'>libro</span> <span class='ocrx_word' id='word_1_75' title='bbox 1818 1324 2166 1389; x_wconf 85' lang='lat' dir='ltr'>vicensimo</span> <span class='ocrx_word' id='word_1_76' title='bbox 2214 1346 2313 1388; x_wconf 89' lang='lat' dir='ltr'>se-</span> 
     </span>
     <span class='ocr_line' id='line_1_12' title="bbox 293 1411 2316 1502; baseline 0 -23"><span class='ocrx_word' id='word_1_77' title='bbox 293 1415 500 1480; x_wconf 91' lang='lat' dir='ltr'>cundo</span> <span class='ocrx_word' id='word_1_78' title='bbox 560 1415 642 1480; x_wconf 89' lang='lat' dir='ltr'>ad</span> <span class='ocrx_word' id='word_1_79' title='bbox 698 1413 1010 1481; x_wconf 85' lang='lat' dir='ltr'>Sabinum</span> <span class='ocrx_word' id='word_1_80' title='bbox 1066 1411 1165 1502; x_wconf 90' lang='lat' dir='ltr'>(P.</span> <span class='ocrx_word' id='word_1_81' title='bbox 1207 1414 1383 1497; x_wconf 81' lang='lat'><strong>702).</strong></span> <span class='ocrx_word' id='word_1_82' title='bbox 1435 1450 1526 1461; x_wconf 88' lang='lat'>--</span> <span class='ocrx_word' id='word_1_83' title='bbox 1578 1412 1939 1478; x_wconf 90' lang='lat' dir='ltr'>Permisisti</span> <span class='ocrx_word' id='word_1_84' title='bbox 1997 1412 2182 1497; x_wconf 87' lang='lat' dir='ltr'>mihi,</span> <span class='ocrx_word' id='word_1_85' title='bbox 2238 1418 2316 1479; x_wconf 87' lang='lat' dir='ltr'>ut</span> 
     </span>
     <span class='ocr_line' id='line_1_13' title="bbox 295 1502 2315 1570; baseline -0 -2"><span class='ocrx_word' id='word_1_86' title='bbox 295 1525 569 1569; x_wconf 91' lang='lat' dir='ltr'>sererem</span> <span class='ocrx_word' id='word_1_87' title='bbox 624 1505 692 1570; x_wconf 91' lang='lat' dir='ltr'>in</span> <span class='ocrx_word' id='word_1_88' title='bbox 749 1504 947 1569; x_wconf 87' lang='lat' dir='ltr'>fundo</span> <span class='ocrx_word' id='word_1_89' title='bbox 1004 1507 1115 1567; x_wconf 91' lang='lat' dir='ltr'>tuo</span> <span class='ocrx_word' id='word_1_90' title='bbox 1172 1508 1238 1566; x_wconf 91' lang='lat' dir='ltr'>et</span> <span class='ocrx_word' id='word_1_91' title='bbox 1291 1502 1535 1567; x_wconf 87' lang='lat' dir='ltr'>fructus</span> <span class='ocrx_word' id='word_1_92' title='bbox 1593 1502 1903 1567; x_wconf 89' lang='lat' dir='ltr'>tollerem.</span> <span class='ocrx_word' id='word_1_93' title='bbox 2005 1502 2140 1567; x_wconf 88' lang='lat' dir='ltr'>sevi</span> <span class='ocrx_word' id='word_1_94' title='bbox 2192 1523 2315 1567; x_wconf 89' lang='lat' dir='ltr'>nec</span> 
     </span>
     <span class='ocr_line' id='line_1_14' title="bbox 291 1590 2313 1676; baseline 0 -20"><span class='ocrx_word' id='word_1_95' title='bbox 291 1593 534 1676; x_wconf 86' lang='lat' dir='ltr'>pateris</span> <span class='ocrx_word' id='word_1_96' title='bbox 564 1615 665 1657; x_wconf 92' lang='lat' dir='ltr'>me</span> <span class='ocrx_word' id='word_1_97' title='bbox 691 1592 940 1658; x_wconf 87' lang='lat' dir='ltr'>fructus</span> <span class='ocrx_word' id='word_1_98' title='bbox 970 1591 1212 1657; x_wconf 87' lang='lat' dir='ltr'>tollere.</span> <span class='ocrx_word' id='word_1_99' title='bbox 1281 1591 1530 1655; x_wconf 88' lang='lat' dir='ltr'>nullam</span> <span class='ocrx_word' id='word_1_100' title='bbox 1557 1591 1717 1655; x_wconf 91' lang='lat' dir='ltr'>iuris</span> <span class='ocrx_word' id='word_1_101' title='bbox 1747 1590 1953 1655; x_wconf 87' lang='lat' dir='ltr'>civilis</span> <span class='ocrx_word' id='word_1_102' title='bbox 1984 1591 2313 1656; x_wconf 75' lang='lat' dir='ltr'>actionem</span> 
     </span>
     <span class='ocr_line' id='line_1_15' title="bbox 293 1679 2315 1765; baseline -0 -19"><span class='ocrx_word' id='word_1_103' title='bbox 293 1702 432 1746; x_wconf 91' lang='lat' dir='ltr'>esse</span> <span class='ocrx_word' id='word_1_104' title='bbox 478 1682 700 1747; x_wconf 85' lang='lat' dir='ltr'>Aristo</span> <span class='ocrx_word' id='word_1_105' title='bbox 760 1681 877 1765; x_wconf 83' lang='lat' dir='ltr'>ait3</span> <span class='ocrx_word' id='word_1_106' title='bbox 935 1702 1017 1746; x_wconf 88' lang='lat' dir='ltr'>an</span> <span class='ocrx_word' id='word_1_107' title='bbox 1069 1681 1137 1744; x_wconf 91' lang='lat' dir='ltr'>in</span> <span class='ocrx_word' id='word_1_108' title='bbox 1181 1680 1426 1744; x_wconf 87' lang='lat' dir='ltr'>factum</span> <span class='ocrx_word' id='word_1_109' title='bbox 1474 1680 1611 1744; x_wconf 89' lang='lat' dir='ltr'>dari</span> <span class='ocrx_word' id='word_1_110' title='bbox 1658 1679 1917 1765; x_wconf 87' lang='lat' dir='ltr'>debeat,</span> <span class='ocrx_word' id='word_1_111' title='bbox 1972 1680 2315 1745; x_wconf 87' lang='lat' dir='ltr'>deliberari</span> 
     </span>
    </p>
   </div>
   <div class='ocr_carea' id='block_1_7' title="bbox 288 1791 1747 1939">
    <p class='ocr_par' dir='ltr' id='par_1_7' title="bbox 288 1791 1747 1939">
     <span class='ocr_line' id='line_1_16' title="bbox 288 1791 1747 1939; baseline -0.001 -17"><span class='ocrx_word' id='word_1_112' title='bbox 288 1791 824 1939; x_wconf 72' lang='lat' dir='ltr'>posseI’omponius</span> <span class='ocrx_word' id='word_1_113' title='bbox 870 1864 1066 1923; x_wconf 82' lang='lat' dir='ltr'>addit:</span> <span class='ocrx_word' id='word_1_114' title='bbox 1113 1857 1242 1923; x_wconf 74' lang='lat' dir='ltr'>‘sed</span> <span class='ocrx_word' id='word_1_115' title='bbox 1287 1860 1405 1921; x_wconf 90' lang='lat' dir='ltr'>erit</span> <span class='ocrx_word' id='word_1_116' title='bbox 1450 1863 1522 1921; x_wconf 87' lang='lat' dir='ltr'>de</span> <span class='ocrx_word' id='word_1_117' title='bbox 1570 1855 1747 1921; x_wconf 87' lang='lat' dir='ltr'>dolo&#39;.</span> 
     </span>
    </p>
   </div>
   <div class='ocr_carea' id='block_1_8' title="bbox 837 2018 1767 2104">
    <p class='ocr_par' dir='ltr' id='par_1_8' title="bbox 837 2018 1767 2104">
     <span class='ocr_line' id='line_1_17' title="bbox 837 2018 1767 2104; baseline -0.002 -21"><span class='ocrx_word' id='word_1_118' title='bbox 837 2018 937 2083; x_wconf 86' lang='lat' dir='ltr'>De</span> <span class='ocrx_word' id='word_1_119' title='bbox 977 2019 1202 2104; x_wconf 74' lang='lat' dir='ltr'>ylande</span> <span class='ocrx_word' id='word_1_120' title='bbox 1245 2019 1453 2083; x_wconf 79' lang='lat' dir='ltr'>aliena</span> <span class='ocrx_word' id='word_1_121' title='bbox 1496 2019 1767 2100; x_wconf 77' lang='lat' dir='ltr'>depasta.</span> 
     </span>
    </p>
   </div>
   <div class='ocr_carea' id='block_1_9' title="bbox 286 2121 2313 3005">
    <p class='ocr_par' dir='ltr' id='par_1_9' title="bbox 286 2121 2313 2921">
     <span class='ocr_line' id='line_1_18' title="bbox 469 2121 2310 2210; baseline 0.001 -20"><span class='ocrx_word' id='word_1_122' title='bbox 469 2126 529 2190; x_wconf 86' lang='lat'>3.</span> <span class='ocrx_word' id='word_1_123' title='bbox 602 2123 679 2189; x_wconf 91' lang='lat' dir='ltr'>D.</span> <span class='ocrx_word' id='word_1_124' title='bbox 731 2127 830 2209; x_wconf 86' lang='lat'>19,</span> <span class='ocrx_word' id='word_1_125' title='bbox 878 2125 937 2208; x_wconf 87' lang='lat'>5,</span> <span class='ocrx_word' id='word_1_126' title='bbox 989 2126 1091 2208; x_wconf 86' lang='lat'>14,</span> <span class='ocrx_word' id='word_1_127' title='bbox 1137 2126 1195 2190; x_wconf 85' lang='lat'>3.</span> <span class='ocrx_word' id='word_1_128' title='bbox 1305 2123 1482 2190; x_wconf 91' lang='lat' dir='ltr'>Idem</span> <span class='ocrx_word' id='word_1_129' title='bbox 1548 2122 1661 2210; x_wconf 93' lang='lat' dir='ltr'>(sc.</span> <span class='ocrx_word' id='word_1_130' title='bbox 1727 2121 2076 2209; x_wconf 83' lang='lat' dir='ltr'>Ulpianus)</span> <span class='ocrx_word' id='word_1_131' title='bbox 2142 2125 2310 2191; x_wconf 90' lang='lat' dir='ltr'>libro</span> 
     </span>
     <span class='ocr_line' id='line_1_19' title="bbox 291 2210 2313 2301; baseline 0 -23"><span class='ocrx_word' id='word_1_132' title='bbox 291 2214 830 2299; x_wconf 79' lang='lat' dir='ltr'>quadragensimo</span> <span class='ocrx_word' id='word_1_133' title='bbox 894 2215 1102 2298; x_wconf 89' lang='lat' dir='ltr'>primo</span> <span class='ocrx_word' id='word_1_134' title='bbox 1169 2213 1250 2278; x_wconf 88' lang='lat' dir='ltr'>ad</span> <span class='ocrx_word' id='word_1_135' title='bbox 1308 2211 1617 2278; x_wconf 86' lang='lat' dir='ltr'>Sabinum</span> <span class='ocrx_word' id='word_1_136' title='bbox 1676 2211 1773 2298; x_wconf 82' lang='lat' dir='ltr'>(P.</span> <span class='ocrx_word' id='word_1_137' title='bbox 1820 2210 2043 2301; x_wconf 85' lang='lat'><strong>2867).</strong></span> <span class='ocrx_word' id='word_1_138' title='bbox 2103 2250 2178 2260; x_wconf 91' lang='lat'>—</span> <span class='ocrx_word' id='word_1_139' title='bbox 2243 2213 2313 2279; x_wconf 85' lang='lat' dir='ltr'>Si</span> 
     </span>
     <span class='ocr_line' id='line_1_20' title="bbox 291 2301 2311 2389; baseline 0 -22"><span class='ocrx_word' id='word_1_140' title='bbox 291 2305 477 2389; x_wconf 86' lang='lat' dir='ltr'>glans</span> <span class='ocrx_word' id='word_1_141' title='bbox 534 2324 610 2367; x_wconf 89' lang='lat' dir='ltr'>ex</span> <span class='ocrx_word' id='word_1_142' title='bbox 667 2303 896 2368; x_wconf 87' lang='lat' dir='ltr'>arbore</span> <span class='ocrx_word' id='word_1_143' title='bbox 952 2307 1068 2367; x_wconf 88' lang='lat' dir='ltr'>tua</span> <span class='ocrx_word' id='word_1_144' title='bbox 1117 2303 1185 2367; x_wconf 91' lang='lat' dir='ltr'>in</span> <span class='ocrx_word' id='word_1_145' title='bbox 1232 2324 1446 2367; x_wconf 90' lang='lat' dir='ltr'>meum</span> <span class='ocrx_word' id='word_1_146' title='bbox 1488 2301 1758 2367; x_wconf 91' lang='lat' dir='ltr'>fundum</span> <span class='ocrx_word' id='word_1_147' title='bbox 1807 2302 1997 2367; x_wconf 88' lang='lat' dir='ltr'>cadat</span> <span class='ocrx_word' id='word_1_148' title='bbox 2040 2324 2311 2387; x_wconf 87' lang='lat' dir='ltr'>eamque</span> 
     </span>
     <span class='ocr_line' id='line_1_21' title="bbox 290 2391 2313 2477; baseline 0 -21"><span class='ocrx_word' id='word_1_149' title='bbox 290 2413 410 2476; x_wconf 85' lang='lat' dir='ltr'>ego</span> <span class='ocrx_word' id='word_1_150' title='bbox 455 2392 750 2457; x_wconf 89' lang='lat' dir='ltr'>immisso</span> <span class='ocrx_word' id='word_1_151' title='bbox 797 2414 1026 2477; x_wconf 89' lang='lat' dir='ltr'>pecore</span> <span class='ocrx_word' id='word_1_152' title='bbox 1074 2391 1442 2474; x_wconf 88' lang='lat' dir='ltr'>depascam,</span> <span class='ocrx_word' id='word_1_153' title='bbox 1488 2391 1710 2456; x_wconf 89' lang='lat' dir='ltr'>Aristo</span> <span class='ocrx_word' id='word_1_154' title='bbox 1751 2392 1977 2456; x_wconf 84' lang='lat' dir='ltr'>scribit</span> <span class='ocrx_word' id='word_1_155' title='bbox 2010 2413 2143 2456; x_wconf 90' lang='lat' dir='ltr'>non</span> <span class='ocrx_word' id='word_1_156' title='bbox 2182 2391 2313 2457; x_wconf 89' lang='lat' dir='ltr'>sibi</span> 
     </span>
     <span class='ocr_line' id='line_1_22' title="bbox 289 2477 2311 2567; baseline -0.001 -21"><span class='ocrx_word' id='word_1_157' title='bbox 289 2502 616 2546; x_wconf 87' lang='lat' dir='ltr'>occurrere</span> <span class='ocrx_word' id='word_1_158' title='bbox 682 2482 1039 2566; x_wconf 83' lang='lat' dir='ltr'>legitimam</span> <span class='ocrx_word' id='word_1_159' title='bbox 1104 2481 1453 2564; x_wconf 88' lang='lat' dir='ltr'>actionem,</span> <span class='ocrx_word' id='word_1_160' title='bbox 1518 2502 1645 2564; x_wconf 89' lang='lat' dir='ltr'>qua</span> <span class='ocrx_word' id='word_1_161' title='bbox 1701 2477 1980 2564; x_wconf 84' lang='lat' dir='ltr'>experiri</span> <span class='ocrx_word' id='word_1_162' title='bbox 2032 2481 2311 2567; x_wconf 83' lang='lat' dir='ltr'>possim3</span> 
     </span>
     <span class='ocr_line' id='line_1_23' title="bbox 286 2568 2309 2656; baseline 0 -23"><span class='ocrx_word' id='word_1_163' title='bbox 286 2589 439 2634; x_wconf 90' lang='lat' dir='ltr'>nam</span> <span class='ocrx_word' id='word_1_164' title='bbox 483 2591 691 2654; x_wconf 90' lang='lat' dir='ltr'>neque</span> <span class='ocrx_word' id='word_1_165' title='bbox 741 2592 818 2636; x_wconf 87' lang='lat' dir='ltr'>ex</span> <span class='ocrx_word' id='word_1_166' title='bbox 863 2569 1006 2654; x_wconf 88' lang='lat' dir='ltr'>lege</span> <span class='ocrx_word' id='word_1_167' title='bbox 1052 2568 1387 2635; x_wconf 90' lang='lat' dir='ltr'>duodecim</span> <span class='ocrx_word' id='word_1_168' title='bbox 1434 2569 1800 2656; x_wconf 85' lang='lat' dir='ltr'>tabularum</span> <span class='ocrx_word' id='word_1_169' title='bbox 1849 2568 1926 2634; x_wconf 90' lang='lat' dir='ltr'>de</span> <span class='ocrx_word' id='word_1_170' title='bbox 1973 2574 2163 2652; x_wconf 89' lang='lat' dir='ltr'>pastu</span> <span class='ocrx_word' id='word_1_171' title='bbox 2200 2590 2309 2654; x_wconf 88' lang='lat' dir='ltr'>pe·</span> 
     </span>
     <span class='ocr_line' id='line_1_24' title="bbox 289 2658 2309 2745; baseline 0 -22"><span class='ocrx_word' id='word_1_172' title='bbox 289 2659 480 2744; x_wconf 75' lang='lat' dir='ltr'>cori8‚</span> <span class='ocrx_word' id='word_1_173' title='bbox 540 2660 690 2745; x_wconf 90' lang='lat' dir='ltr'>quia</span> <span class='ocrx_word' id='word_1_174' title='bbox 743 2681 879 2724; x_wconf 92' lang='lat' dir='ltr'>non</span> <span class='ocrx_word' id='word_1_175' title='bbox 933 2658 1001 2722; x_wconf 91' lang='lat' dir='ltr'>in</span> <span class='ocrx_word' id='word_1_176' title='bbox 1059 2661 1173 2723; x_wconf 88' lang='lat' dir='ltr'>tuo</span> <span class='ocrx_word' id='word_1_177' title='bbox 1230 2659 1545 2744; x_wconf 89' lang='lat' dir='ltr'>pascitur,</span> <span class='ocrx_word' id='word_1_178' title='bbox 1601 2678 1804 2742; x_wconf 90' lang='lat' dir='ltr'>neque</span> <span class='ocrx_word' id='word_1_179' title='bbox 1870 2659 1946 2722; x_wconf 91' lang='lat' dir='ltr'>de</span> <span class='ocrx_word' id='word_1_180' title='bbox 1999 2659 2309 2743; x_wconf 88' lang='lat' dir='ltr'>pauperie</span> 
     </span>
     <span class='ocr_line' id='line_1_25' title="bbox 287 2745 2309 2834; baseline 0.001 -24"><span class='ocrx_word' id='word_1_181' title='bbox 287 2768 494 2833; x_wconf 90' lang='lat' dir='ltr'>neque</span> <span class='ocrx_word' id='word_1_182' title='bbox 525 2749 656 2830; x_wconf 90' lang='lat' dir='ltr'>[de]</span> <span class='ocrx_word' id='word_1_183' title='bbox 698 2747 915 2824; x_wconf 81' lang='lat' dir='ltr'>damni</span> <span class='ocrx_word' id='word_1_184' title='bbox 956 2747 1222 2811; x_wconf 90' lang='lat' dir='ltr'>iniuriae</span> <span class='ocrx_word' id='word_1_185' title='bbox 1261 2747 1374 2834; x_wconf 84' lang='lat' dir='ltr'>agi</span> <span class='ocrx_word' id='word_1_186' title='bbox 1410 2767 1616 2831; x_wconf 88' lang='lat' dir='ltr'>posse.</span> <span class='ocrx_word' id='word_1_187' title='bbox 1676 2747 1769 2826; x_wconf 88' lang='lat' dir='ltr'>[in</span> <span class='ocrx_word' id='word_1_188' title='bbox 1809 2745 2052 2811; x_wconf 85' lang='lat' dir='ltr'>factum</span> <span class='ocrx_word' id='word_1_189' title='bbox 2088 2747 2309 2831; x_wconf 89' lang='lat' dir='ltr'>itaque</span> 
     </span>
     <span class='ocr_line' id='line_1_26' title="bbox 288 2836 818 2921; baseline 0.004 -23"><span class='ocrx_word' id='word_1_190' title='bbox 288 2836 408 2899; x_wconf 88' lang='lat' dir='ltr'>erit</span> <span class='ocrx_word' id='word_1_191' title='bbox 454 2837 818 2921; x_wconf 69' lang='lat' dir='ltr'>agendum]</span> 
     </span>
    </p>

    <p class='ocr_par' dir='ltr' id='par_1_10' title="bbox 463 2929 2312 3005">
     <span class='ocr_line' id='line_1_27' title="bbox 463 2929 2312 3005; baseline 0.002 -18"><span class='ocrx_word' id='word_1_192' title='bbox 463 2929 750 2990; x_wconf 80' lang='lat' dir='ltr'>Extrema</span> <span class='ocrx_word' id='word_1_193' title='bbox 795 2931 978 2990; x_wconf 90' lang='lat' dir='ltr'>verba</span> <span class='ocrx_word' id='word_1_194' title='bbox 1025 2929 1285 3005; x_wconf 88' lang='lat' dir='ltr'>Ulpiani,</span> <span class='ocrx_word' id='word_1_195' title='bbox 1326 2948 1450 2989; x_wconf 89' lang='lat' dir='ltr'>non</span> <span class='ocrx_word' id='word_1_196' title='bbox 1490 2930 1789 2991; x_wconf 88' lang='lat' dir='ltr'>Aristonis</span> <span class='ocrx_word' id='word_1_197' title='bbox 1836 2929 2113 2991; x_wconf 86' lang='lat' dir='ltr'>videntur</span> <span class='ocrx_word' id='word_1_198' title='bbox 2160 2948 2312 2991; x_wconf 87' lang='lat' dir='ltr'>esse.</span> 
     </span>
    </p>
   </div>
   <div class='ocr_carea' id='block_1_10' title="bbox 1136 3103 1456 3112">
    <p class='ocr_par' dir='ltr' id='par_1_11' title="bbox 1136 3103 1456 3112">
     <span class='ocr_line' id='line_1_28' title="bbox 1136 3103 1456 3112; baseline 0 788"><span class='ocrx_word' id='word_1_199' title='bbox 1136 3103 1456 3112; x_wconf 95' lang='lat' dir='ltr'> </span> 
     </span>
    </p>
   </div>
   <div class='ocr_carea' id='block_1_11' title="bbox 731 3223 1866 3304">
    <p class='ocr_par' dir='ltr' id='par_1_12' title="bbox 731 3223 1866 3304">
     <span class='ocr_line' id='line_1_29' title="bbox 731 3223 1866 3304; baseline -0.004 1"><span class='ocrx_word' id='word_1_200' title='bbox 731 3223 812 3304; x_wconf 82' lang='grc'>6.</span> <span class='ocrx_word' id='word_1_201' title='bbox 884 3227 1430 3301; x_wconf 85' lang='lat' dir='ltr'>IAVOLENUS</span> <span class='ocrx_word' id='word_1_202' title='bbox 1483 3228 1866 3302; x_wconf 80' lang='lat' dir='ltr'>PRISOUS</span> 
     </span>
    </p>
   </div>
   <div class='ocr_carea' id='block_1_12' title="bbox 464 3363 2312 3454">
    <p class='ocr_par' dir='ltr' id='par_1_13' title="bbox 464 3363 2312 3454">
     <span class='ocr_line' id='line_1_30' title="bbox 464 3363 2312 3454; baseline 0.003 -25"><span class='ocrx_word' id='word_1_203' title='bbox 464 3371 561 3430; x_wconf 80' lang='lat' dir='ltr'>vel</span> <span class='ocrx_word' id='word_1_204' title='bbox 633 3370 809 3447; x_wconf 91' lang='lat' dir='ltr'>pleno</span> <span class='ocrx_word' id='word_1_205' title='bbox 872 3372 1110 3431; x_wconf 91' lang='lat' dir='ltr'>nomine</span> <span class='ocrx_word' id='word_1_206' title='bbox 1177 3370 1239 3432; x_wconf 91' lang='lat' dir='ltr'>C.</span> <span class='ocrx_word' id='word_1_207' title='bbox 1306 3364 1536 3453; x_wconf 85' lang='lat' dir='ltr'>(potius</span> <span class='ocrx_word' id='word_1_208' title='bbox 1597 3363 1697 3454; x_wconf 88' lang='lat' dir='ltr'>L.)</span> <span class='ocrx_word' id='word_1_209' title='bbox 1762 3371 2045 3434; x_wconf 83' lang='lat' dir='ltr'>Octavius</span> <span class='ocrx_word' id='word_1_210' title='bbox 2112 3373 2312 3435; x_wconf 79' lang='lat' dir='ltr'>Titius</span> 
     </span>
    </p>
   </div>
   <div class='ocr_carea' id='block_1_13' title="bbox 287 3457 2309 3633">
    <p class='ocr_par' dir='ltr' id='par_1_14' title="bbox 287 3457 2309 3633">
     <span class='ocr_line' id='line_1_31' title="bbox 289 3457 2309 3540; baseline 0.002 -22"><span class='ocrx_word' id='word_1_211' title='bbox 289 3457 613 3518; x_wconf 86' lang='lat' dir='ltr'>Tossianus</span> <span class='ocrx_word' id='word_1_212' title='bbox 665 3458 980 3520; x_wconf 84' lang='lat' dir='ltr'>Iavolenus</span> <span class='ocrx_word' id='word_1_213' title='bbox 1036 3460 1305 3537; x_wconf 88' lang='lat' dir='ltr'>Priscus,</span> <span class='ocrx_word' id='word_1_214' title='bbox 1368 3465 1545 3522; x_wconf 89' lang='lat' dir='ltr'>natus</span> <span class='ocrx_word' id='word_1_215' title='bbox 1605 3463 1744 3520; x_wconf 86' lang='lat' dir='ltr'>ante</span> <span class='ocrx_word' id='word_1_216' title='bbox 1800 3481 1852 3522; x_wconf 86' lang='lat' dir='ltr'>a.</span> <span class='ocrx_word' id='word_1_217' title='bbox 1905 3465 2013 3538; x_wconf 84' lang='lat'>60,</span> <span class='ocrx_word' id='word_1_218' title='bbox 2079 3461 2309 3540; x_wconf 86' lang='lat' dir='ltr'>origine</span> 
     </span>
     <span class='ocr_line' id='line_1_32' title="bbox 287 3540 2309 3633; baseline 0.003 -28"><span class='ocrx_word' id='word_1_219' title='bbox 287 3548 544 3608; x_wconf 77' lang='lat' dir='ltr'>fort-asse</span> <span class='ocrx_word' id='word_1_220' title='bbox 588 3547 941 3610; x_wconf 89' lang='lat' dir='ltr'>Nedinensis</span> <span class='ocrx_word' id='word_1_221' title='bbox 986 3540 1328 3630; x_wconf 87' lang='lat' dir='ltr'>(Hirchfeld</span> <span class='ocrx_word' id='word_1_222' title='bbox 1376 3550 1451 3608; x_wconf 88' lang='lat' dir='ltr'>ad</span> <span class='ocrx_word' id='word_1_223' title='bbox 1499 3548 1625 3609; x_wconf 83' lang='lat' dir='ltr'>CIL</span> <span class='ocrx_word' id='word_1_224' title='bbox 1654 3548 1765 3629; x_wconf 80' lang='grc' dir='ltr'>ΙΙΙ,</span> <span class='ocrx_word' id='word_1_225' title='bbox 1797 3544 2023 3633; x_wconf 82' lang='grc'><strong>2864),</strong></span> <span class='ocrx_word' id='word_1_226' title='bbox 2069 3553 2309 3628; x_wconf 86' lang='lat' dir='ltr'>legatus</span> 
     </span>
    </p>
   </div>
  </div>
 </body>
</html>
