2575 3900
306 179 437 245 246
478 180 570 237 IV.
601 177 1038 233 VESPASIANI
1065 176 1215 232 ΤΙΤΙ
1241 175 1636 233 ΒΟΜΙΤΙΑΝΙ
1664 174 1883 229 ΤΕΜΡ.
1909 172 2105 230 IURJS
2135 172 2344 231 CONS.

306 344 487 408 litem
518 365 557 407 a
583 341 793 407 iudice
822 342 1154 407 aestimari
1195 340 1426 406 debere
1453 360 1728 424 eumque
1755 341 2013 403 tantum
2041 359 2345 404 consecu-

306 437 553 514 turum,
595 430 819 515 quanti
860 452 977 496 sua
1012 431 1362 495 interesset
1409 451 1477 493 se
1522 429 1588 492 vi
1635 428 1956 494 deiectum
2000 448 2134 492 non
2180 449 2340 494 esse.

487 519 589 585 15.
652 518 729 583 D.
767 520 922 585 ibid.
961 520 1001 600 ξ
1038 517 1142 585 45.
1204 553 1279 567 -
1341 515 1493 583 Non
1548 517 1664 582 alii
1719 565 1735 581 .
1764 564 1806 600 .,
1864 537 2059 601 quam
2115 518 2174 581 ei
2229 518 2343 602 qui

305 607 635 695 possidere
678 607 910 691 desiiffl,
955 607 1376 673 interdictum
1423 606 1592 672 unde
1639 606 1704 672 vi
1743 609 2109 690 competere
2147 627 2344 710 argu-5

304 701 598 763 mentum
643 697 928 781 praebet,
973 696 1144 781 quod
1190 695 1361 780 apud
1399 693 1752 760 Vivianum
1800 695 2082 759 relatum
2117 698 2238 779 est,
2285 696 2344 760 si

305 786 449 871 quis
505 808 609 850 me
663 786 729 850 vi
783 786 1113 868 deiecerit,
1170 806 1348 850 meos
1403 804 1537 848 non
1589 783 1917 867 deiecerit,
1969 805 2100 848 non
2146 806 2342 869 posse

305 898 407 940 me
453 876 579 940 hoc
621 874 967 940 interdicto
1016 872 1319 958 experiri,
1376 873 1530 957 quia
1573 893 1694 957 per
1742 894 1852 937 eos
1898 872 2147 938 retineo
2192 893 2342 959 pos-

304 964 689 1041 sessionem,
734 964 844 1048 qui
892 963 1122 1028 deiecti
1169 984 1304 1028 non
1350 965 1524 1028 sunt.

486 1053 585 1118 16.
650 1051 815 1117 Ibid.
852 1054 892 1133 ξ
931 1052 1037 1117 46.
1082 1088 1171 1099 -
1218 1051 1401 1117 Idem
1453 1048 1773 1116 Vivianus
1828 1049 2058 1114 refert:
2115 1071 2341 1116 servos

304 1142 623 1225 quosdam
666 1142 732 1205 vi
779 1141 1049 1226 depulit,
1092 1141 1254 1205 alios
1301 1140 1576 1204 retinuit
1622 1145 1688 1204 et
1733 1139 1942 1204 vinxit
1987 1142 2102 1203 aut
2144 1140 2343 1205 etiam

304 1232 399 1295 eis
452 1230 818 1315 imperavit.
907 1229 973 1295 vi
1028 1231 1093 1293 te
1139 1229 1459 1294 deiectum
1505 1227 1827 1313 intellegi3
1872 1227 2116 1293 desisse
2168 1229 2344 1293 enim

302 1318 667 1421 possidere,
724 1340 870 1383 cum
927 1318 1095 1383 servi
1150 1317 1233 1382 ab
1291 1316 1424 1382 alio
1479 1317 1955 1403 possideantur.
2051 1320 2117 1382 et
2170 1316 2345 1401 quod

302 1409 372 1473 in
426 1412 613 1492 parte
673 1428 1003 1472 servorum
1060 1406 1305 1471 dictum
1351 1409 1481 1489 est,
1535 1405 1708 1471 idem
1752 1406 1823 1470 in
1869 1406 2168 1471 omnibus
2217 1405 2345 1471 dici

304 1498 418 1580 ait,
466 1499 521 1561 si
567 1497 733 1560 forte
778 1517 970 1561 nemo
1016 1494 1326 1597 depulsus
1374 1500 1563 1574 esset,
1610 1494 1721 1560 sed
1767 1494 2088 1579 possideri
2133 1496 2215 1560 ab
2265 1518 2342 1561 eo

302 1586 696 1671 coepissent,
742 1586 854 1669 qui
898 1586 1232 1670 ingressus
1280 1585 1350 1648 in
1395 1585 1876 1668 possessionem
1923 1587 2111 1648 esset.

485 1675 585 1740 17.
639 1673 801 1739 Ibid.
830 1676 869 1753 ξ
897 1674 1005 1738 47.
1054 1710 1135 1720 -—
1197 1672 1366 1748 Quid
1421 1672 1653 1738 dicturi
1710 1694 2025 1756 essemus,
2078 1675 2344 1757 tractat,

304 1764 361 1828 si
425 1763 642 1847 aliquo
700 1761 1075 1846 possidente
1132 1780 1256 1845 ego
1315 1763 1628 1846 [quoque]
1685 1762 2016 1847 ingressus
2073 1784 2218 1826 sum
2273 1763 2342 1827 in

301 1854 784 1937 possessionem
824 1855 889 1915 et
924 1873 1056 1915 non
1092 1850 1366 1915 deiciam
1402 1872 1861 1935 possessorem,
1897 1850 2010 1915 sed
2046 1851 2340 1917 vinctum

304 1964 467 2027 opus
514 1942 730 2005 facere
778 1960 1035 2025 cogam:
1082 1944 1398 2023 quatenus
1446 1963 1580 2027 ree,
1624 1939 1865 2026 inquit,
1911 1938 2126 2005 ess‘et?

478 2035 774 2111 Ulpianus
831 2033 1026 2095 addit:
1093 2028 1230 2109 ‘ego
1286 2035 1489 2095 verius
1545 2037 1692 2111 puto
1750 2054 1890 2094 eum
1942 2054 2176 2113 quoque
2239 2034 2343 2095 de-

301 2126 526 2184 iectum
571 2123 781 2200 videri,
830 2123 933 2199 qui
979 2123 1103 2182 illic
1149 2124 1392 2183 vinctus
1437 2118 1572 2183 est'.

485 2208 587 2273 18.
635 2205 711 2271 D.
732 2207 838 2287 43,
858 2207 961 2285 24,
986 2208 1087 2289 13,
1107 2206 1168 2272 5.
1240 2205 1564 2292 Ulpianus
1600 2207 1770 2271 libro
1811 2207 2340 2291 septuagensimo

302 2297 513 2380 primo
570 2296 650 2360 ad
706 2295 989 2361 edictum
1046 2293 1143 2382 (P.
1186 2294 1435 2382 159710).
1496 2331 1574 2342 -
1635 2295 2016 2372 Quaesitum
2073 2299 2224 2380 est,
2267 2298 2344 2378 si,

302 2408 449 2450 cum
513 2384 843 2469 praedium
907 2384 1169 2450 interim
1232 2385 1477 2449 nullius
1539 2391 1740 2469 esset,
1806 2383 2052 2469 aliquid
2109 2385 2172 2450 vi
2229 2391 2349 2450 aut

303 2474 471 2540 clam
524 2474 768 2539 factum
825 2474 937 2559 sit,
998 2496 1081 2538 an
1135 2477 1365 2557 postea
1421 2472 1706 2538 dominio
1765 2473 1845 2537 ad
1901 2473 2181 2557 aliquem
2241 2474 2347 2538 de·

302 2563 527 2629 voluto
579 2564 927 2629 interdicto
974 2563 1154 2628 locus
1201 2562 1314 2646 sit3
1370 2566 1445 2626 ut
1492 2566 1652 2647 puta
1696 2561 2022 2627 hereditas
2069 2563 2348 2647 iacebat,

300 2658 530 2736 postea
567 2653 727 2718 adiit
762 2652 1188 2717 hereditatem
1227 2651 1460 2736 Titius,
1501 2675 1585 2716 an
1623 2651 1681 2716 ei
1717 2650 2134 2715 interdictum
2171 2672 2347 2717 com-

301 2743 529 2825 petat?
604 2793 619 2807 .
639 2791 655 2808 .
694 2750 792 2806 est
819 2740 992 2825 apud
1022 2739 1374 2806 Vivianum
1405 2740 1784 2824 saepissime
1814 2740 2094 2804 relatum
2121 2739 2347 2805 heredi

303 2835 671 2914 competere
735 2830 859 2894 hoc
924 2829 1338 2894 interdictum
1404 2830 1569 2912 eius,
1639 2828 1809 2912 quod
1873 2833 2027 2893 ante
2093 2828 2346 2893 aditam

303 2918 729 2982 hereditatem
755 2917 1001 2982 factum
1031 2919 1131 2981 sit.
1196 2940 1318 2983 nec
1345 2918 1586 2983 referre
1615 2916 1833 2982 Labeo
1866 2918 1980 3000 ait,
2008 2917 2180 3002 quod
2208 2939 2346 2982 non

304 3007 542 3090 scierit,
582 3007 694 3091 qui
732 3005 1001 3071 heredes
1037 3005 1241 3070 futuri
1280 3011 1526 3089 essent3
1562 3006 1688 3071 hoc
1726 3007 1899 3070 enim
1927 3027 2120 3090 posse
2149 3027 2344 3090 quem

304 3095 558 3160 causari
592 3096 790 3159 etiam
818 3100 969 3178 post
998 3095 1243 3159 aditam
1271 3097 1719 3160 hereditatem.
1777 3117 1860 3161 ne
1887 3095 2053 3159 illud
2083 3095 2348 3178 quidem

304 3185 566 3249 obstare
621 3183 839 3248 Labeo
898 3184 1019 3269 ait,
1086 3184 1257 3269 quod
1316 3207 1391 3250 eo
1447 3189 1740 3269 tempore
1794 3205 1985 3249 nemo
2042 3182 2346 3251 dominus

302 3274 526 3356 fuerit3
576 3295 729 3338 nam
776 3277 841 3337 et
887 3273 1210 3358 sepulchri
1256 3295 1448 3339 nemo
1498 3274 1796 3338 dominus
1836 3273 1961 3338 fuit
1998 3277 2064 3336 et
2101 3276 2349 3354 tamen,

306 3363 362 3426 si
411 3364 564 3448 quid
610 3364 679 3428 in
725 3384 800 3428 eo
849 3362 984 3448 fiat,
1035 3363 1316 3447 experiri
1360 3385 1623 3448 possum
1672 3362 1842 3448 quod
1888 3363 1954 3425 vi
2003 3363 2117 3426 aut
2153 3362 2351 3427 clam.

449 3562 476 3609 1
519 3553 619 3611 ΓΖ.
656 3553 931 3626 possidet.
