2575 3900
978 218 1024 267 7.
1065 210 1440 266 PROCULUS
1955 246 1964 256 ·
2092 208 2218 275 165

370 372 515 439 106.
565 374 640 439 D.
668 374 775 457 41,
804 375 863 457 2,
894 376 953 457 3,
984 375 1043 439 3.
1130 373 1372 438 Paulus
1419 373 1588 438 libro
1637 373 2214 459 quinquagensimo

186 467 419 547 quarto
478 462 557 527 ad
614 462 909 527 edictum.
968 498 1040 509 —
1105 460 1412 527 Neratius
1469 465 1536 527 et
1589 461 1898 527 Proculus
1955 466 2022 526 et
2077 464 2214 527 solo

187 552 406 617 animo
452 572 585 616 non
634 573 826 634 posse
871 573 990 616 nos
1040 551 1376 636 adquirere
1424 551 1929 639 possessionem,
1985 550 2043 615 si
2088 572 2218 616 non

185 641 523 705 antecedat
573 640 893 705 naturalis
938 641 1286 724 possessio.
1377 639 1646 724 ideoque
1694 640 1749 704 si
1794 633 2216 704 thensaurum

184 730 257 793 in
304 729 500 793 fundo
548 750 691 794 meo
738 729 1025 812 positum
1073 728 1302 807 sciam,
1361 729 1668 794 continuo
1715 750 1819 793 me
1865 727 2216 812 possidere,

186 818 381 882 simul
437 822 631 902 atque
686 816 1058 901 possidendi
1120 816 1420 882 affectum
1475 816 1788 900 habuero,
1843 816 1994 901 quia
2046 816 2214 901 quod

186 906 355 971 desit
400 906 681 970 naturali
727 905 1153 990 possessioni,
1197 905 1260 968 id
1311 904 1562 970 animus
1609 906 1856 989 implet.

364 996 512 1059 107.
578 993 652 1058 D.
693 995 797 1073 41,
840 996 897 1077 7,
935 995 995 1059 2.
1094 993 1336 1059 Paulus
1401 994 1570 1060 libro
1632 993 2215 1079 quinquagensimo

182 1087 416 1168 quarto
478 1083 558 1148 ad
615 1083 895 1148 edictum
953 1080 1049 1169 (P.
1079 1082 1256 1169 666).
1309 1118 1384 1129 -
1439 1081 1567 1148 Pro
1624 1083 1927 1147 derelicto
1987 1104 2122 1146 rem
2179 1104 2218 1146 a

181 1172 444 1238 domino
491 1172 787 1237 habitam
823 1172 893 1235 1si
940 1171 1238 1254 sciamus,
1283 1192 1630 1255 possumus
1679 1171 2032 1256 adquirere.
2104 1171 2216 1235 sed

179 1259 492 1326 Proculus
546 1282 677 1325 non
733 1261 1022 1325 desinere
1079 1282 1219 1324 eam
1275 1282 1410 1324 rem
1469 1259 1712 1325 domini
1772 1282 1912 1324 esse
1958 1259 2085 1324 nisi
2133 1260 2214 1324 ab

182 1350 311 1415 alio
358 1371 659 1433 possessa
702 1348 917 1414 fuerit.

936 1507 1038 1573 De
1085 1510 1476 1592 usucapione.

364 1632 507 1697 108.
571 1631 646 1697 D.
685 1633 792 1715 41,
830 1632 890 1710 3,
928 1633 1008 1698 31
1034 1656 1128 1717 p.r
1209 1630 1451 1697 Paulus
1505 1628 1751 1719 (potius
1788 1626 2214 1718 Pomponius)

181 1720 352 1786 libro
419 1722 798 1824 trigensimo
867 1721 1146 1786 secundo
1213 1722 1294 1785 ad
1361 1718 1667 1785 Sabinum
1734 1718 1832 1807 (P.
1883 1716 2062 1807 760).

179 1807 558 1894 Numquam
639 1811 707 1874 in
791 1809 1308 1894 usucapionibus
1373 1809 1530 1875 iuris
1606 1831 1784 1875 error
1855 1810 2216 1893 possessori

176 1898 459 1984 prodest.
563 1902 628 1964 et
679 1897 825 1964 ideo
870 1897 1185 1964 Proculus
1246 1899 1366 1982 ait,
1426 1900 1481 1964 si
1535 1920 1649 1983 per
1696 1919 1976 1963 errorem
2023 1897 2213 1963 initio

177 1988 566 2053 venditionis
630 1992 812 2053 tutor
873 1989 1123 2073 pupillo
1190 1992 1417 2053 auctor
1480 1988 1689 2053 factus
1757 1988 1844 2052 sit
1901 1987 2004 2052 vel
2060 1993 2216 2071 post

176 2081 436 2160 tempus
481 2076 870 2142 venditionis
916 2085 1268 2161 peractum,
1316 2077 1582 2161 usucapi
1627 2098 1758 2142 non
1803 2098 2013 2161 posse,
2059 2077 2215 2160 quia

179 2167 343 2230 iuris
392 2187 570 2230 error
615 2170 732 2230 est.

354 2277 600 2338 Pernice
644 2269 735 2354 11²?
772 2279 903 2337 496
960 2296 1014 2336 n.
1055 2279 1120 2335 2:
1190 2270 1356 2335 ‘Man
1408 2277 1570 2336 kann
1625 2276 1920 2352 zweifeln,
1983 2275 2056 2336 ob
2115 2275 2209 2335 die

178 2365 363 2425 Stelle
400 2385 550 2444 ganz
586 2366 709 2425 heil
745 2359 849 2426 ist'
921 2365 1253 2426 Mommsen
1288 2365 1413 2444 legi
1448 2365 1638 2425 iubet:
1689 2359 1908 2426 ‘factus
1957 2364 2039 2424 sit
2073 2367 2215 2440 post

179 2457 421 2531 tempus
467 2455 808 2514 venditione
854 2448 1139 2532 peracta'.

372 2553 517 2619 109.
563 2553 639 2619 D.
660 2555 766 2638 41,
786 2555 927 2638 3,4,
952 2555 1050 2622 10.
1133 2554 1374 2620 Paulus
1421 2555 1590 2619 libro
1639 2553 2217 2638 quinquagensimo

191 2648 427 2728 quarto
486 2644 567 2708 ad
626 2643 902 2708 edictum
961 2640 1063 2729 (P.
1092 2641 1269 2730 673).
1321 2681 1396 2690 —
1459 2641 1528 2708 Si
1583 2664 1747 2724 rem,
1802 2663 1994 2727 quam
2051 2642 2218 2725 apud

192 2737 263 2797 te
310 2731 749 2816 deposueram,
793 2731 958 2797 lucri
1003 2732 1280 2797 faciendi
1329 2753 1525 2798 causa
1569 2730 1948 2813 vendideris,
1992 2729 2217 2794 deinde

194 2843 275 2886 ex
318 2822 717 2906 paenitentia
762 2821 1108 2886 redemeris
1155 2825 1220 2886 et
1266 2820 1494 2886 eodem
1541 2823 1716 2885 statu
1761 2819 2028 2902 habeaS,
2085 2818 2218 2904 sive

192 2911 541 2996 ignorante
580 2931 680 2973 me
721 2910 855 2975 sive
894 2909 1133 2975 sciente
1172 2931 1247 2974 ea
1286 2914 1474 2997 gesta
1512 2909 1657 2992 sint,
1697 2908 1899 2973 videri
1935 2909 2002 2972 in
2038 2911 2218 2992 pote-

191 3002 439 3065 statem
502 3020 714 3063 meam
779 2999 1018 3064 redisse
1085 3001 1432 3065 secundum
1491 2997 1754 3064 Proculi
1818 2998 2218 3062 sententiam.

900 3175 999 3242 De
1044 3176 1500 3243 donationibus

360 3301 505 3367 110.
551 3300 628 3366 D.
653 3300 757 3381 39,
777 3300 838 3385 6,
857 3301 961 3385 35,
984 3301 1042 3366 3.
1144 3300 1386 3366 Paulus
1434 3300 1602 3365 libro
1652 3305 1834 3365 sexto
1884 3297 1963 3364 ad
2008 3298 2220 3383 legem

172 3388 409 3454 Iuliam
475 3393 543 3453 et
594 3349 863 3473 Papiam
920 3352 1017 3474 (P.
1056 3389 1384 3474 962).—
1445 3441 1458 3454 .
1499 3441 1512 3455 .
1575 3389 1682 3473 qui
1739 3388 1968 3453 mortis
2025 3409 2220 3452 causa

176 3478 394 3560 donat,
442 3500 569 3563 qua
604 3482 787 3562 parte
826 3500 893 3542 se
933 3478 1199 3564 cogitat,
1249 3478 1588 3562 negotium
1628 3478 1814 3562 gerit,
1853 3476 2094 3542 scilicet
2129 3478 2220 3555 ut,

172 3589 320 3633 cum
342 3567 758 3651 convaluerit,
777 3567 1082 3632 reddatur
1103 3567 1244 3632 sibi.
1295 3588 1412 3633 nec
1431 3566 1890 3631 dubitaverunt
1907 3562 2220 3642 Cassiani,
