2575 3900
325 167 453 232 114
484 168 579 226 ΙΙΙ.
600 167 749 222 GAII
770 166 1063 222 CLAUDII
1081 166 1352 224 NERON.
1374 167 1664 222 GALBAE
1683 166 1897 223 TEMP.
1921 167 2112 223 IURIS
2132 167 2335 228 CONS.

320 331 531 396 munis
582 329 823 410 fuisset,
878 330 1178 412 usurpari
1219 330 1535 412 potuisset.
1623 331 1766 394 item
1816 331 1877 396 si
1927 332 2068 413 quis
2111 351 2340 412 eorum,

319 419 539 522 quibus
606 439 804 500 aquae
863 419 1079 484 duetus
1139 419 1398 484 servitus
1450 418 1769 484 debebatur
1821 424 1878 484 et
1914 440 2033 504 per
2082 421 2340 484 eundem

320 509 527 572 rivum
570 527 801 590 aquam
843 507 1155 587 ducebant,
1198 507 1302 572 ius
1344 527 1542 588 aquae
1575 507 1878 574 ducendae
1911 529 2038 572 non
2072 509 2340 574 ducendo

318 617 455 662 eam
501 597 740 675 amisit,
793 596 955 662 nihil
998 597 1159 662 iuris
1203 616 1269 661 eo
1312 597 1559 661 nomine
1603 597 1836 673 ceteris,
1888 597 1995 678 qui
2037 597 2170 663 rivo
2211 602 2340 663 ute-

322 685 579 766 bantur,
642 686 909 750 adcrevit
968 685 1149 767 idque
1210 685 1591 750 commodum
1647 685 1779 749 eius
1831 689 1940 769 est,
1993 706 2109 767 per
2161 687 2340 752 eitius

314 774 590 858 fundum
627 774 698 838 id
720 773 837 838 iter
866 794 1062 856 aquae
1088 783 1192 858 est,
1230 774 1393 856 quod
1415 793 1543 838 non
1568 773 1790 838 utendo
1813 793 1926 854 pro
1941 779 2126 856 parte
2149 776 2341 840 unius

319 863 625 928 amissum
662 867 782 940 est,·
821 863 1095 928 libertate
1130 863 1296 927 enim
1321 861 1507 927 huius
1523 863 1730 944 partis
1753 863 2060 928 servitutis
2081 862 2336 944 fruitur.

1156 1079 1286 1138 Lib
1301 1099 1332 1140 e
1343 1099 1374 1138 ι·
1417 1077 1494 1138 ΙΙ.

1062 1197 1162 1265 De
1207 1199 1596 1264 testamentis.

493 1324 553 1387 2.
591 1321 667 1387 Ι).
679 1322 781 1405 28,
792 1321 853 1406 5,
865 1322 966 1386 70.
1029 1321 1341 1386 Proculus
1368 1322 1536 1386 libro
1567 1322 1842 1387 secundo
1862 1321 2331 1406 Epistularum.

321 1447 403 1458 -
470 1409 826 1476 Cornelius
888 1414 954 1474 et
1007 1409 1324 1493 MaeviuS,
1388 1415 1532 1476 uter
1594 1433 1814 1475 eorum
1879 1411 2081 1493 volet,
2142 1411 2330 1476 heres

320 1497 501 1564 esto'.
574 1502 837 1583 uterque
876 1499 1030 1564 vult.
1094 1461 1438 1564 Trebatius
1484 1504 1783 1564 neu-trum
1828 1499 1966 1564 fore
2012 1499 2334 1588 heredem,

320 1585 627 1652 Curtilius
675 1591 1046 1671 utrumque.
1092 1591 1165 1651 tu
1211 1589 1316 1651 cui
1360 1587 1789 1652 adsentiaris‘?

307 1699 312 1703 ·
494 1675 831 1741 Proculus:
882 1673 1138 1740 Curtilio
1165 1677 1438 1741 adsentio
1465 1680 1524 1740 et
1547 1676 1728 1743 illam
1754 1676 2149 1742 adiectionem
2174 1675 2336 1742 ‘uter

319 1785 526 1829 eorum
577 1762 753 1829 volet’
797 1784 1248 1846 supervacuam
1288 1769 1476 1846 puto,·
1532 1766 1602 1829 id
1651 1765 1816 1829 enim
1860 1766 2048 1830 etiam
2093 1786 2165 1830 ea
2207 1786 2334 1832 non

322 1853 557 1918 adiecta
578 1852 863 1933 futurum
896 1852 1039 1937 fuit,
1065 1857 1149 1936 ut,
1185 1858 1322 1918 uter
1353 1854 1542 1937 vellet,
1575 1853 1744 1918 heres
1778 1857 1942 1938 esset,
1976 1858 2112 1918 uter
2137 1855 2337 1939 nollet,

317 1941 485 2007 heres
536 1962 663 2007 non
724 1945 887 2007 esset.
984 1943 1149 2024 quod
1196 1943 1254 2007 si
1311 1942 1375 2008 hi
1427 1964 1501 2008 ex
1555 1963 1808 2008 numero
1855 1944 2336 2009 necessariorum
2377 2016 2382 2022 ,

318 2030 603 2095 heredum
664 2035 880 2113 essent,
944 2034 1073 2094 tum
1136 2031 1207 2094 id
1255 2051 1382 2096 non
1438 2032 1682 2112 frustra
1744 2032 2044 2096 adiectum
2105 2052 2227 2097 esse
2279 2037 2341 2097 et

318 2139 443 2184 non
478 2120 675 2184 solum
708 2121 995 2202 fiyuram,
1038 2120 1146 2183 sed
1177 2120 1302 2183 vim
1337 2140 1571 2202 quoque
1608 2121 1982 2186 condicionis
2015 2122 2334 2187 continere.

319 2210 573 2273 dicerem
636 2212 885 2292 tamen,
926 2209 983 2272 si
1045 2212 1294 2289 uterque
1345 2209 1513 2274 heres
1575 2229 1699 2274 esse
1756 2210 1944 2287 vellet,
2009 2214 2332 2292 utrimque

313 2296 589 2362 heredem
631 2314 768 2361 esse.

1136 2382 1237 2449 De
1282 2386 1512 2468 teyatis.

497 2509 557 2575 3.
585 2507 964 2591 D.33,6,15.
1028 2507 1338 2574 Proculus
1367 2509 1536 2574 libro
1569 2509 1844 2574 secundo
1867 2509 2334 2594 Epistularum.

324 2633 401 2645 —
450 2595 689 2663 Vinum
747 2618 891 2661 cum
944 2597 1116 2661 vasis
1175 2597 1436 2682 legavit.
1526 2603 1725 2683 negat
1769 2598 2114 2663 Trebatius
2161 2599 2334 2684 quod

319 2687 385 2750 in
443 2686 631 2751 doliis
691 2686 778 2750 sit
832 2686 1046 2750 deberi
1102 2689 1167 2750 et
1216 2707 1477 2750 sensum
1523 2686 1858 2751 testatoris
1907 2687 2102 2751 alium
2148 2690 2337 2772 putat

322 2797 476 2857 esse,
527 2775 868 2841 verborum
916 2774 1139 2859 alium3
1188 2779 1472 2840 ceterum
1519 2775 1691 2839 dolia
1734 2775 1802 2838 in
1848 2776 2021 2840 vasis
2067 2776 2335 2840 vinariis

320 2883 449 2925 non
495 2884 633 2927 esse
646 2860 687 2926 ¹.

495 2951 631 3032 Eyo
684 2950 795 3015 etsi
851 2951 1016 3015 dolia
1060 2952 1131 3015 in
1184 2952 1351 3016 vasis
1406 2951 1674 3016 vinariis
1727 2973 1852 3017 non
1905 2957 2076 3036 sunt,
2133 2956 2336 3017 tamen

320 3057 445 3101 non
488 3040 863 3102 concederem
911 3038 1189 3105 Trebatio
1235 3041 1450 3105 vinum
1495 3042 1658 3121 quod
1697 3042 1769 3105 in
1812 3041 1994 3106 doliis
2038 3046 2188 3106 esset
2233 3042 2340 3121 [id

320 3130 410 3189 est
460 3127 619 3207 quod
669 3127 739 3190 in
788 3128 955 3191 vasis
996 3148 1123 3191 non
1166 3132 1338 3213 esset,
1349 3128 1420 3207 J?
1464 3149 1590 3193 non
1635 3148 1758 3195 esse
1803 3130 2083 3212 teyatum.
2172 3130 2336 3195 illud

324 3234 527 3278 verum
583 3233 708 3279 esse
736 3220 917 3297 puto,
972 3218 1073 3280 eui
1115 3218 1332 3281 vinum
1376 3236 1513 3281 eum
1557 3219 1724 3283 vasis
1769 3218 2035 3301 leyatum
2079 3220 2222 3303 erit,
2277 3220 2334 3283 ei

321 3300 652 3383 amphoras
687 3306 884 3386 cados,
928 3307 999 3368 in
1033 3306 1250 3387 quibus
1285 3306 1434 3369 vina
1470 3306 1705 3385 diffusa
1740 3326 2073 3391 servamus,
2110 3308 2336 3390 leyatos

322 3409 459 3455 esse.
556 3393 772 3456 vinum
834 3394 997 3457 enim
1061 3394 1130 3457 in
1202 3391 1534 3475 amphoras
1605 3400 1663 3459 et
1721 3397 1904 3461 cados
1967 3394 2081 3461 hae
2142 3400 2333 3461 mente

462 3534 491 3582 1
534 3530 631 3586 Fz.
671 3535 869 3588 essent.
