2575 3900
448 185 515 240 H.
553 183 1028 241 INOFRTORUM
1067 184 1527 241 SENTENTIAE
1569 186 1661 240 ΕΤ
1696 185 1905 240 LIBRI.
2057 187 2184 251 549

173 345 486 432 ‘plurimi'
549 347 806 432 quidem
868 349 1135 412 verbum
1201 347 1489 413 adicitur.
1590 351 1656 413 et
1717 349 1861 414 ideo
1926 349 2187 434 quidam

175 441 571 518 putaverunt·
613 436 890 501 liberum
930 458 1069 501 esse
1105 437 1302 502 iudici
1341 436 1418 500 ad
1456 437 1522 502 id
1557 442 1812 521 tempus
1850 460 1926 501 ex
1964 438 2187 502 diebus

171 523 356 589 XXX
404 526 923 590 aestimationem
975 525 1292 610 redigere,
1344 548 1469 611 quo
1517 527 1777 610 plurimi
1827 549 1929 591 res
1976 526 2189 610 fuerit,

167 615 272 678 vel
321 614 401 678 ad
447 614 513 679 id
559 635 687 698 quo
734 613 1000 679 minoris
1047 613 1256 678 fuerit.

349 716 420 778 ef.
466 715 544 794 H,
585 719 618 775 1
659 736 718 792 p.
749 718 894 776 521.

350 817 455 884 95.
516 816 594 882 D.
641 818 756 902 47,
806 819 913 904 10,
959 817 1060 884 25.
1166 817 1346 882 Idem
1428 816 1543 902 (sc.
1607 815 1957 905 Ulpianus)
2019 818 2189 883 libro

175 909 403 971 octavo
435 906 683 972 decimo
714 906 794 971 ad
828 908 1124 972 edictum.
1150 942 1226 952 —
1260 957 1274 971 .
1298 959 1310 972 .
1332 957 1347 972 .
1377 907 1432 971 si
1460 906 1774 990 virginem
1798 909 2186 972 inmaturam

175 995 590 1079 stupraverit,
645 996 839 1060 etiam
893 995 1058 1081 legis
1107 996 1406 1079 Aquiliae
1464 994 1777 1060 actionem
1826 1001 2187 1080 competere

172 1085 434 1167 quidam
479 1087 725 1167 putant.

348 1173 452 1238 96.
519 1170 749 1238 Collat.
790 1174 899 1257 12,
940 1174 1005 1257 7,
1046 1173 1163 1252 10„
1228 1172 1544 1257 Ulpianus
1598 1173 1764 1237 libro
1821 1171 2049 1238 XVIII
2106 1173 2186 1238 ad

174 1261 468 1327 edictum.
519 1298 595 1308 —
648 1310 664 1325 .
692 1311 706 1325 .
753 1259 978 1328 Celsus
1027 1312 1040 1326 .
1071 1312 1084 1325 .
1114 1310 1129 1326 .
1179 1262 1428 1326 scribit:
1484 1263 1540 1327 si
1596 1282 1738 1326 cum
1798 1283 1950 1346 apes
2006 1283 2185 1326 meae

172 1348 253 1413 ad
298 1354 444 1414 tuas
491 1350 918 1434 advolassent,
958 1355 1030 1414 tu
1077 1371 1184 1414 eas
1223 1350 1562 1435 exusserit-t,
1598 1350 1909 1434 quosdam
1947 1370 2186 1436 negare

171 1444 532 1522 competere
607 1439 768 1524 legis
836 1439 1132 1524 Aquiliae
1206 1438 1551 1522 actionem,
1607 1489 1621 1503 .
1661 1489 1673 1502 .
1714 1487 1729 1503 .
1784 1439 1968 1523 quasi
2033 1461 2185 1523 apes

173 1526 416 1591 domini
463 1528 589 1590 mei
636 1549 766 1592 non
811 1527 1068 1591 fuerint.

871 1693 964 1751 De
1008 1694 1219 1752 damno
1264 1693 1487 1766 infecto.

349 1802 452 1867 97.
507 1800 585 1865 D.
625 1801 738 1886 39,
777 1802 841 1880 2,
883 1803 982 1866 36.
1065 1801 1305 1866 Paulus
1358 1801 1524 1866 libro
1580 1801 1825 1866 decimo
1879 1802 1955 1866 ad
2006 1799 2182 1866 Sabi-

173 1913 346 1956 num.
380 1926 464 1937 —
505 1941 520 1956 .
551 1941 563 1954 .
602 1890 695 1955 ita
733 1889 1032 1955 idoneum
1071 1912 1209 1956 esse
1248 1889 1365 1975 (sc.
1402 1891 1713 1977 parietem
1749 1888 2183 1979 communem)

171 1981 456 2065 plerique
505 1980 827 2058 dixerunt,
873 1985 946 2044 ut
990 1983 1407 2065 utrarumque
1455 1980 1709 2045 aedium
1756 2002 1973 2060 onera,
2019 2002 2185 2065 quae

171 2069 359 2134 modo
389 2070 528 2134 iure
554 2070 990 2153 imponantur,
1009 2071 1365 2134 communis
1384 2068 1596 2155 paries
1622 2071 1935 2134 sustinere
1959 2068 2181 2154 possit.

347 2158 451 2224 98.
511 2157 590 2223 D.
628 2159 732 2241 39,
772 2159 832 2242 2,
871 2158 927 2222 6.
1005 2158 1201 2223 Gaius
1270 2158 1437 2224 libro
1497 2160 1706 2243 primo
1767 2158 1845 2223 ad
1907 2158 2182 2223 edictum

171 2246 585 2329 provinciale.
635 2280 717 2293 —-
764 2245 1006 2310 Evenit
1060 2252 1134 2312 ut
1195 2269 1677 2331 nonnumquam
1733 2246 1965 2312 damno
2031 2247 2181 2310 dato

169 2335 348 2399 nulla
429 2335 617 2399 nobis
691 2339 1014 2418 competat
1090 2336 1260 2400 actio
1334 2358 1464 2400 non
1536 2335 1919 2420 interposita
1991 2337 2183 2400 antea

170 2423 486 2503 cautione,
531 2423 734 2486 veluti
781 2422 836 2486 si
873 2422 1068 2486 vicini
1112 2423 1300 2488 aedes
1336 2423 1634 2488 ruinosae
1671 2423 1740 2487 in
1779 2445 1954 2487 meas
1994 2422 2181 2487 aedes

171 2510 529 2593 ceciderint,
569 2510 726 2575 adeo
766 2513 839 2573 ut
875 2510 1198 2594 plerisque
1235 2512 1551 2595 placuerit
1588 2533 1705 2577 nec
1744 2511 1886 2596 cogi
1926 2511 2181 2596 quidem

170 2621 315 2663 eum
382 2620 598 2682 posse,
661 2602 736 2663 ut
796 2598 1026 2663 rudera
1088 2601 1304 2683 tollat,
1366 2600 1423 2664 si
1486 2600 1676 2665 modo
1742 2600 1958 2664 omnia
2020 2622 2182 2684 quae

168 2689 425 2753 iaceant
469 2708 586 2772 pro
632 2674 933 2752 derelicto
979 2687 1233 2753 habeat.

435 2941 448 2950 ·
969 2846 1070 2913 De
1111 2848 1379 2913 iniuriis.

345 2963 450 3028 99.
496 2962 574 3027 D.
604 2963 707 3046 28,
739 2962 794 3043 1,
825 2962 928 3027 26.
997 2961 1195 3027 Gaius
1234 2963 1401 3028 libro
1440 2963 1745 3028 vicesimo
1786 2963 2062 3028 secundo
2101 2964 2180 3028 ad

169 3052 447 3117 edictum
519 3051 933 3135 provinciale.
994 3087 1070 3097 —
1132 3049 1296 3117 Cum
1369 3053 1510 3135 lege
1585 3052 1727 3135 quis
1790 3052 2180 3117 intestabilis

168 3142 427 3205 iubetur
481 3162 647 3221 esse,
704 3162 782 3204 eo
838 3142 1141 3224 pertinet,
1194 3163 1276 3206 ne
1332 3142 1467 3206 eius
1524 3140 1965 3205 testimonium
2030 3143 2182 3206 reci-

168 3228 388 3312 piatur
434 3234 500 3293 et
545 3251 619 3294 eo
669 3229 979 3313 amplius,
1025 3233 1099 3293 ut
1145 3230 1405 3313 quidam
1450 3232 1701 3312 putant,
1746 3250 1828 3293 ne
1875 3226 2013 3294 vel1
2055 3228 2179 3314 ipsi

169 3318 415 3382 dicatur
461 3317 925 3384 testimonium.

342 3419 434 3478 De
480 3420 614 3498 lege
660 3418 936 3480 Cornelia
981 3439 1172 3481 sermo
1220 3423 1330 3480 est.
1403 3420 1476 3480 ef.
1512 3420 1586 3480 D.
1615 3422 1719 3499 47,
1754 3422 1851 3499 10,
1882 3423 1939 3501 5,
1972 3423 2026 3481 9.

310 3557 340 3605 1
381 3551 474 3608 Fz.
512 3570 667 3610 neve.
