2575 3900
334 164 488 272 ’498
565 209 630 264 V.
669 207 968 264 NERVAE
1004 207 1097 261 ET
1134 207 1439 262 TRAIANI
1476 206 1689 261 ΤΕΜΡ.
1725 205 1917 260 IURIS
1956 205 2335 274 CONSULTI

357 372 634 455 intelleyo
669 371 822 452 quid
851 372 949 448 sit,
985 373 1058 436 de
1093 392 1208 452 quo
1244 392 1341 436 me
1378 371 1771 450 consulueris
1816 374 1928 434 aut
1959 369 2159 433 valide
2194 369 2401 433 stulta

357 465 449 526 est
488 460 848 525 consultatio
893 465 1034 536 tua;
1070 461 1221 542 plus
1264 461 1427 524 enim
1469 480 1657 542 quam
1700 457 2033 523 ridiculum
2077 462 2166 522 est
2210 458 2397 522 dubi-

359 555 516 632 tare,
572 569 660 612 an
713 548 943 630 aliquis
993 550 1128 612 iure
1179 551 1343 614 testis
1386 548 1697 614 adhibitus
1739 548 1835 630 sit,
1881 547 2175 630 quoniam
2222 548 2397 612 idem

357 643 418 702 et
460 637 701 702 tabulas
746 638 1084 703 testamenti
1127 639 1453 720 scripserit.

1181 831 1278 897 De
1326 832 1555 916 leyatis.

535 949 595 1012 2.
641 946 719 1011 D.
758 948 870 1030 31,
900 947 1004 1014 30.
1095 947 1274 1012 Idem
1320 945 1437 1034 (sc.
1478 943 1735 1034 Celsus)
1782 946 1949 1011 libro
1996 946 2389 1030 trigensimo

365 1037 638 1122 septimo
705 1035 1142 1122 Digestorum.
1209 1072 1293 1082 —
1361 1034 1635 1111 Quidam
1700 1037 1770 1099 in
1831 1039 2223 1100 testamento
2290 1035 2389 1100 ita

360 1126 647 1208 scripsit:
701 1124 816 1188 ‘rei
862 1124 1154 1209 publicae
1203 1123 1742 1189 Graviscanorum
1788 1124 1935 1209 lego
1990 1125 2061 1188 in
2105 1124 2385 1188 tutelam

357 1215 500 1279 viae
546 1213 951 1298 reficiendae,
1009 1235 1170 1299 quae
1222 1218 1323 1277 est
1368 1212 1437 1277 in
1483 1213 1736 1278 colonia
1783 1233 2002 1278 eorum
2047 1233 2251 1296 usque
2302 1213 2386 1276 ad

357 1303 533 1367 viam
605 1300 978 1367 Aureliam'.
1103 1303 1467 1386 quaesitum
1541 1306 1665 1380 est,
1740 1323 1825 1365 an
1896 1301 2016 1366 hoc
2090 1302 2383 1386 legatum

357 1391 591 1455 valeat.
655 1390 988 1455 Iuventius
1019 1389 1244 1456 Celsus
1282 1391 1641 1474 respondit:
1670 1392 2111 1473 propemodum
2137 1392 2385 1472 quidem

359 1479 714 1562 imperfecta
759 1485 848 1545 est
887 1479 1033 1545 haec
1076 1481 1387 1562 scripmra
1428 1479 1537 1563 [in
1574 1481 1827 1545 tutelam
1862 1480 2159 1544 Aureliae
2192 1480 2383 1558 viae]‚

358 1571 510 1650 quia
580 1589 823 1634 summa
895 1570 1207 1651 adscripta
1277 1589 1403 1634 non
1474 1574 1591 1647 est;
1656 1573 1855 1650 potest
1919 1573 2126 1633 tamen
2186 1569 2385 1632 videri

361 1663 536 1722 tanta
582 1678 826 1722 summa
873 1658 1094 1742 loyaut,
1138 1663 1376 1740 quanta
1420 1659 1476 1722 ei
1517 1658 1610 1722 rei
1652 1657 1970 1740 sufficeret.

538 1777 936 1838 Tribonianus
998 1777 1253 1838 addidit:
1322 1772 1399 1838 ‘si
1462 1778 1637 1836 modo
1700 1797 1821 1837 non
1884 1780 2135 1854 apparet
2198 1777 2383 1836 aliam

360 1865 545 1924 fuisse
603 1865 874 1925 defuncti
929 1867 1298 1926 voluntatem
1353 1870 1464 1926 aut
1517 1885 1587 1926 ex
1640 1867 2059 1944 magnitudine
2106 1867 2235 1926 eius
2280 1885 2381 1941 pe-

359 1954 567 2015 cuniae
633 1957 739 2013 aut
801 1975 873 2014 ex
927 1956 1357 2015 mediocritate·
1391 1956 1773 2015 facultatium
1786 2003 1801 2034 ,
1866 1975 2045 2033 quam
2100 1957 2382 2015 testatrix

358 2043 629 2120 reliquit3
665 2046 808 2103 tunc
847 2044 1003 2103 enim
1038 2044 1232 2104 officio
1277 2045 1509 2121 iudicis,
1547 2045 1871 2104 secundum
1900 2044 2381 2117 aestimationem

357 2132 706 2209 patrimonii
743 2136 804 2191 et
839 2134 1043 2211 legati,
1081 2134 1385 2211 quantitas
1424 2128 1658 2193 definiri
1683 2126 1925 2210 potest'.
1998 2134 2071 2192 cf.
2110 2133 2379 2193 Graden-

357 2222 496 2281 witz
540 2242 596 2297 p.
639 2222 781 2280 211.

541 2310 612 2369 cf.
660 2308 801 2386 Ulp.
834 2313 935 2389 24,
968 2313 1068 2371 28.

1047 2464 1148 2530 De
1187 2465 1685 2547 fideicommissis.

540 2580 598 2645 3.
636 2578 715 2645 D.
735 2580 841 2665 29,
871 2582 927 2663 7,
961 2580 1060 2647 18.
1118 2578 1341 2645 Celsus
1372 2580 1537 2645 libro
1568 2578 1916 2645 vicensimo
1946 2579 2377 2665 Digestorum.

364 2704 448 2716 ——
497 2667 796 2734 Plotiana
861 2667 1049 2734 Celso
1118 2690 1234 2733 suo
1302 2668 1594 2733 salutem.
1699 2666 1935 2733 Lucius
1999 2668 2211 2733 Titius
2274 2669 2376 2733 his

361 2758 578 2822 verbis
624 2759 722 2822 ita
766 2758 964 2822 cavit:
1012 2757 1092 2821 ‘si
1140 2757 1293 2841 quid
1330 2756 1569 2822 tabulis
1610 2757 1813 2821 aliove
1860 2779 1985 2841 quo
2026 2778 2259 2842 genere
2297 2758 2377 2821 ad

357 2846 482 2911 hoc
529 2850 990 2910 testamentum
1032 2846 1362 2929 pertinens
1408 2846 1743 2930 reliquero,
1788 2847 1881 2909 ita
1927 2847 2135 2910 valere
2182 2846 2377 2912 volo'.

364 2956 624 3086 ᾳυεὲτοᾶ
662 2955 751 3086 gn
798 2934 1096 3087 cpfficsslli,
1147 2935 1256 3019 qui
1304 2939 1455 3000 ante
1492 2935 1615 2999 hoc
1653 2938 2116 2999 testamentum
2155 2935 2375 3019 scripti

361 3042 482 3085 sun
629 3044 662 3085 e
709 3043 828 3087 ean
904 3045 977 3087 ra
1009 3045 1034 3086 1
1081 3044 1237 3087 esse.

521 3073 870 3176 ’Iuventius
909 3111 1136 3177 Celsus
1173 3111 1513 3177 Plotianae
1561 3112 1853 3177 salutem.
1932 3110 2111 3176 Haec
2158 3112 2375 3175 verba:

361 3198 442 3261 ‘si
479 3200 634 3283 quid
673 3199 753 3263 ad
791 3199 914 3265 hoc
943 3203 1401 3265 testamentum
1428 3202 1759 3286 pertinens
1787 3201 2126 3286 reliquero,
2164 3201 2375 3265 valere

359 3285 556 3369 volo',
607 3288 802 3351 etiam
857 3309 933 3352 ea
990 3310 1152 3371 quae
1210 3293 1359 3352 ante
1414 3292 1874 3353 testamentum
1922 3290 2163 3372 scripta
2208 3292 2376 3373 sunt,

360 3374 916 3459 comprehendere.

537 3472 597 3535 4.
645 3469 720 3534 D.
762 3470 866 3552 36,
901 3474 954 3553 1,
985 3472 1087 3537 33.
1179 3472 1406 3554 Celsus
1462 3474 1631 3537 libro
1688 3472 2031 3539 vicensimo
2078 3473 2374 3559 Digesto-

359 3580 522 3624 rum.
565 3594 649 3605 —-
688 3558 968 3623 Ballista
1013 3560 1220 3623 filium
1266 3561 1548 3625 familias
1594 3561 1891 3626 heredem
1932 3562 2217 3627 instituit
2256 3562 2369 3626 ita:
