<?xml version="1.0" encoding="UTF-8"?>
<!DOCTYPE html PUBLIC "-//W3C//DTD XHTML 1.0 Transitional//EN"
    "http://www.w3.org/TR/xhtml1/DTD/xhtml1-transitional.dtd">
<html xmlns="http://www.w3.org/1999/xhtml" xml:lang="en" lang="en">
 <head>
  <title>
</title>
<meta http-equiv="Content-Type" content="text/html;charset=utf-8" />
  <meta name='ocr-system' content='tesseract 3.04.00' />
  <meta name='ocr-capabilities' content='ocr_page ocr_carea ocr_par ocr_line ocrx_word'/>
</head>
<body>
  <div class='ocr_page' id='page_1' title='image "./iurisprudentiae00unkngoog_0238.png"; bbox 0 0 2575 3900; ppageno 0'>
   <div class='ocr_carea' id='block_1_1' title="bbox 355 172 2380 271">
    <p class='ocr_par' dir='ltr' id='par_1_1' title="bbox 355 172 2380 271">
     <span class='ocr_line' id='line_1_1' title="bbox 355 172 2380 271; baseline -0.007 -30"><span class='ocrx_word' id='word_1_1' title='bbox 355 178 482 242; x_wconf 78' lang='grc'><strong>192</strong></span> <span class='ocrx_word' id='word_1_2' title='bbox 510 178 602 236; x_wconf 90' lang='grc' dir='ltr'><strong>ΠΙ.</strong></span> <span class='ocrx_word' id='word_1_3' title='bbox 624 178 774 234; x_wconf 81' lang='lat' dir='ltr'><strong>GAII</strong></span> <span class='ocrx_word' id='word_1_4' title='bbox 796 176 1093 233; x_wconf 85' lang='lat' dir='ltr'><strong>CLAUDII</strong></span> <span class='ocrx_word' id='word_1_5' title='bbox 1110 176 1381 233; x_wconf 79' lang='lat' dir='ltr'><strong>NERON.</strong></span> <span class='ocrx_word' id='word_1_6' title='bbox 1402 176 1692 271; x_wconf 55' lang='lat' dir='ltr'><strong>GALBApJ</strong></span> <span class='ocrx_word' id='word_1_7' title='bbox 1710 176 1922 233; x_wconf 82' lang='grc' dir='ltr'><strong>ΤΕΜΡ.</strong></span> <span class='ocrx_word' id='word_1_8' title='bbox 1944 176 2140 233; x_wconf 74' lang='lat' dir='ltr'><strong>IURIS</strong></span> <span class='ocrx_word' id='word_1_9' title='bbox 2161 172 2380 233; x_wconf 84' lang='lat' dir='ltr'><strong>CONS.</strong></span> 
     </span>
    </p>
   </div>
   <div class='ocr_carea' id='block_1_2' title="bbox 528 359 1542 548">
    <p class='ocr_par' dir='ltr' id='par_1_2' title="bbox 528 359 1542 548">
     <span class='ocr_line' id='line_1_2' title="bbox 1221 359 1514 425; baseline 0 -1"><span class='ocrx_word' id='word_1_10' title='bbox 1221 359 1321 425; x_wconf 87' lang='lat' dir='ltr'><strong>De</strong></span> <span class='ocrx_word' id='word_1_11' title='bbox 1363 361 1514 424; x_wconf 78' lang='lat' dir='ltr'><strong>dote.</strong></span> 
     </span>
     <span class='ocr_line' id='line_1_3' title="bbox 528 471 1542 548; baseline 0 -17"><span class='ocrx_word' id='word_1_12' title='bbox 528 472 618 531; x_wconf 86' lang='lat' dir='ltr'><strong>De</strong></span> <span class='ocrx_word' id='word_1_13' title='bbox 664 471 803 531; x_wconf 83' lang='lat' dir='ltr'><strong>dote</strong></span> <span class='ocrx_word' id='word_1_14' title='bbox 850 471 1145 548; x_wconf 85' lang='lat' dir='ltr'><strong>promissa</strong></span> <span class='ocrx_word' id='word_1_15' title='bbox 1188 492 1245 532; x_wconf 86' lang='lat' dir='ltr'><strong>v.</strong></span> <span class='ocrx_word' id='word_1_16' title='bbox 1273 473 1450 548; x_wconf 87' lang='lat' dir='ltr'><strong>Resp.</strong></span> <span class='ocrx_word' id='word_1_17' title='bbox 1483 473 1542 531; x_wconf 89' lang='lat'><strong>3.</strong></span> 
     </span>
    </p>
   </div>
   <div class='ocr_carea' id='block_1_3' title="bbox 873 631 1862 693">
    <p class='ocr_par' dir='ltr' id='par_1_3' title="bbox 873 631 1862 693">
     <span class='ocr_line' id='line_1_4' title="bbox 873 631 1862 693; baseline 0.002 -3"><span class='ocrx_word' id='word_1_18' title='bbox 873 631 969 691; x_wconf 85' lang='lat' dir='ltr'><strong>De</strong></span> <span class='ocrx_word' id='word_1_19' title='bbox 1010 649 1208 692; x_wconf 80' lang='lat' dir='ltr'><strong>rerum</strong></span> <span class='ocrx_word' id='word_1_20' title='bbox 1253 637 1582 693; x_wconf 78' lang='lat' dir='ltr'><strong>amotarum</strong></span> <span class='ocrx_word' id='word_1_21' title='bbox 1627 635 1862 693; x_wconf 77' lang='lat' dir='ltr'><strong>actione.</strong></span> 
     </span>
    </p>
   </div>
   <div class='ocr_carea' id='block_1_4' title="bbox 250 731 2391 1175">
    <p class='ocr_par' dir='ltr' id='par_1_4' title="bbox 529 731 2388 819">
     <span class='ocr_line' id='line_1_5' title="bbox 529 731 2388 819; baseline 0 -22"><span class='ocrx_word' id='word_1_22' title='bbox 529 733 588 798; x_wconf 89' lang='lat'><strong>9.</strong></span> <span class='ocrx_word' id='word_1_23' title='bbox 628 732 705 798; x_wconf 90' lang='lat' dir='ltr'><strong>D.</strong></span> <span class='ocrx_word' id='word_1_24' title='bbox 727 733 833 817; x_wconf 83' lang='lat'><strong>25,</strong></span> <span class='ocrx_word' id='word_1_25' title='bbox 851 733 974 819; x_wconf 77' lang='lat' dir='ltr'><strong>2,ss</strong></span> <span class='ocrx_word' id='word_1_26' title='bbox 988 755 1085 817; x_wconf 90' lang='lat' dir='ltr'><strong>pr.</strong></span> <span class='ocrx_word' id='word_1_27' title='bbox 1156 733 1398 798; x_wconf 88' lang='lat' dir='ltr'><strong>Paulus</strong></span> <span class='ocrx_word' id='word_1_28' title='bbox 1434 733 1605 798; x_wconf 90' lang='lat' dir='ltr'><strong>libro</strong></span> <span class='ocrx_word' id='word_1_29' title='bbox 1643 734 1921 819; x_wconf 90' lang='lat' dir='ltr'><strong>septimo</strong></span> <span class='ocrx_word' id='word_1_30' title='bbox 1962 733 2042 798; x_wconf 90' lang='lat' dir='ltr'><strong>ad</strong></span> <span class='ocrx_word' id='word_1_31' title='bbox 2071 731 2388 798; x_wconf 86' lang='lat' dir='ltr'><strong>Sabinum</strong></span> 
     </span>
    </p>

    <p class='ocr_par' dir='ltr' id='par_1_5' title="bbox 250 818 2391 1175">
     <span class='ocr_line' id='line_1_6' title="bbox 382 818 2391 911; baseline 0 -25"><span class='ocrx_word' id='word_1_32' title='bbox 382 821 452 886; x_wconf 87' lang='lat' dir='ltr'><strong>P.</strong></span> <span class='ocrx_word' id='word_1_33' title='bbox 486 818 706 911; x_wconf 78' lang='lat'><strong>1775).</strong></span> <span class='ocrx_word' id='word_1_34' title='bbox 766 860 845 870; x_wconf 90' lang='lat'><strong>—-</strong></span> <span class='ocrx_word' id='word_1_35' title='bbox 906 819 1155 889; x_wconf 83' lang='lat' dir='ltr'><strong>Contra</strong></span> <span class='ocrx_word' id='word_1_36' title='bbox 1207 843 1442 887; x_wconf 90' lang='lat' dir='ltr'><strong>nurum</strong></span> <span class='ocrx_word' id='word_1_37' title='bbox 1498 873 1512 887; x_wconf 91' lang='lat'><strong>.</strong></span> <span class='ocrx_word' id='word_1_38' title='bbox 1551 874 1564 887; x_wconf 93' lang='lat'><strong>.</strong></span> <span class='ocrx_word' id='word_1_39' title='bbox 1622 844 1842 888; x_wconf 90' lang='lat' dir='ltr'><strong>socero</strong></span> <span class='ocrx_word' id='word_1_40' title='bbox 1896 822 2020 888; x_wconf 90' lang='lat' dir='ltr'><strong>hoc</strong></span> <span class='ocrx_word' id='word_1_41' title='bbox 2075 821 2391 887; x_wconf 91' lang='lat' dir='ltr'><strong>iudicium</strong></span> 
     </span>
     <span class='ocr_line' id='line_1_7' title="bbox 250 907 2390 998; baseline 0 -23"><span class='ocrx_word' id='word_1_42' title='bbox 250 908 253 913; x_wconf 71' lang='grc'><strong>’</strong></span> <span class='ocrx_word' id='word_1_43' title='bbox 386 932 471 977; x_wconf 90' lang='lat' dir='ltr'><strong>sc.</strong></span> <span class='ocrx_word' id='word_1_44' title='bbox 509 934 725 977; x_wconf 88' lang='lat' dir='ltr'><strong>rerum</strong></span> <span class='ocrx_word' id='word_1_45' title='bbox 780 907 1177 998; x_wconf 88' lang='lat' dir='ltr'><strong>amotarum)</strong></span> <span class='ocrx_word' id='word_1_46' title='bbox 1226 910 1507 976; x_wconf 89' lang='lat' dir='ltr'><strong>dandum</strong></span> <span class='ocrx_word' id='word_1_47' title='bbox 1554 912 1901 977; x_wconf 73' lang='lat' dir='ltr'><strong>Atilicinus</strong></span> <span class='ocrx_word' id='word_1_48' title='bbox 1949 915 2016 975; x_wconf 88' lang='lat' dir='ltr'><strong>et</strong></span> <span class='ocrx_word' id='word_1_49' title='bbox 2061 910 2390 976; x_wconf 77' lang='lat' dir='ltr'><strong>Fulcinius</strong></span> 
     </span>
     <span class='ocr_line' id='line_1_8' title="bbox 353 1000 2390 1084; baseline 0 -20"><span class='ocrx_word' id='word_1_50' title='bbox 353 1001 556 1084; x_wconf 89' lang='lat' dir='ltr'><strong>aiunt,</strong></span> <span class='ocrx_word' id='word_1_51' title='bbox 603 1002 903 1084; x_wconf 89' lang='lat' dir='ltr'><strong>quotiens</strong></span> <span class='ocrx_word' id='word_1_52' title='bbox 948 1000 1083 1065; x_wconf 91' lang='lat' dir='ltr'><strong>filio</strong></span> <span class='ocrx_word' id='word_1_53' title='bbox 1131 1000 1414 1065; x_wconf 82' lang='lat' dir='ltr'><strong>familias</strong></span> <span class='ocrx_word' id='word_1_54' title='bbox 1454 1000 1569 1066; x_wconf 87' lang='lat' dir='ltr'><strong>dos</strong></span> <span class='ocrx_word' id='word_1_55' title='bbox 1609 1000 1762 1066; x_wconf 86' lang='lat' dir='ltr'><strong>data</strong></span> <span class='ocrx_word' id='word_1_56' title='bbox 1799 1004 1925 1083; x_wconf 87' lang='lat' dir='ltr'><strong>est;</strong></span> <span class='ocrx_word' id='word_1_57' title='bbox 1971 1022 2264 1065; x_wconf 87' lang='lat' dir='ltr'><strong>socerum</strong></span> <span class='ocrx_word' id='word_1_58' title='bbox 2304 1000 2390 1065; x_wconf 91' lang='lat' dir='ltr'><strong>ob</strong></span> 
     </span>
     <span class='ocr_line' id='line_1_9' title="bbox 352 1088 2183 1175; baseline 0.001 -22"><span class='ocrx_word' id='word_1_59' title='bbox 352 1110 455 1155; x_wconf 90' lang='lat' dir='ltr'><strong>res</strong></span> <span class='ocrx_word' id='word_1_60' title='bbox 503 1088 765 1155; x_wconf 81' lang='lat' dir='ltr'><strong>divortii</strong></span> <span class='ocrx_word' id='word_1_61' title='bbox 813 1112 1007 1155; x_wconf 87' lang='lat' dir='ltr'><strong>causa</strong></span> <span class='ocrx_word' id='word_1_62' title='bbox 1053 1091 1307 1154; x_wconf 86' lang='lat' dir='ltr'><strong>amotas</strong></span> <span class='ocrx_word' id='word_1_63' title='bbox 1352 1088 1513 1153; x_wconf 88' lang='lat' dir='ltr'><strong>furti</strong></span> <span class='ocrx_word' id='word_1_64' title='bbox 1561 1110 1752 1175; x_wconf 87' lang='lat' dir='ltr'><strong>agere</strong></span> <span class='ocrx_word' id='word_1_65' title='bbox 1795 1110 1930 1154; x_wconf 91' lang='lat' dir='ltr'><strong>non</strong></span> <span class='ocrx_word' id='word_1_66' title='bbox 1972 1109 2183 1173; x_wconf 88' lang='lat' dir='ltr'><strong>posse.</strong></span> 
     </span>
    </p>
   </div>
   <div class='ocr_carea' id='block_1_5' title="bbox 1103 1256 1639 1317">
    <p class='ocr_par' dir='ltr' id='par_1_6' title="bbox 1103 1256 1639 1317">
     <span class='ocr_line' id='line_1_10' title="bbox 1103 1256 1639 1317; baseline -0.002 -3"><span class='ocrx_word' id='word_1_67' title='bbox 1103 1256 1199 1314; x_wconf 86' lang='lat' dir='ltr'><strong>De</strong></span> <span class='ocrx_word' id='word_1_68' title='bbox 1243 1256 1639 1317; x_wconf 78' lang='lat' dir='ltr'><strong>concubinatu.</strong></span> 
     </span>
    </p>
   </div>
   <div class='ocr_carea' id='block_1_6' title="bbox 351 1355 2390 1709">
    <p class='ocr_par' dir='ltr' id='par_1_7' title="bbox 351 1355 2390 1709">
     <span class='ocr_line' id='line_1_11' title="bbox 538 1355 2390 1442; baseline -0.001 -20"><span class='ocrx_word' id='word_1_69' title='bbox 538 1356 637 1422; x_wconf 92' lang='grc'><strong>10.</strong></span> <span class='ocrx_word' id='word_1_70' title='bbox 674 1356 878 1442; x_wconf 80' lang='lat' dir='ltr'><strong>D.25‚</strong></span> <span class='ocrx_word' id='word_1_71' title='bbox 900 1356 959 1440; x_wconf 79' lang='lat'><strong>7,</strong></span> <span class='ocrx_word' id='word_1_72' title='bbox 983 1359 1039 1441; x_wconf 91' lang='lat'><strong>1,</strong></span> <span class='ocrx_word' id='word_1_73' title='bbox 1062 1358 1117 1421; x_wconf 92' lang='lat'><strong>1.</strong></span> <span class='ocrx_word' id='word_1_74' title='bbox 1190 1356 1512 1441; x_wconf 82' lang='lat' dir='ltr'><strong>Ulpianus</strong></span> <span class='ocrx_word' id='word_1_75' title='bbox 1549 1357 1717 1421; x_wconf 91' lang='lat' dir='ltr'><strong>libro</strong></span> <span class='ocrx_word' id='word_1_76' title='bbox 1755 1355 2036 1421; x_wconf 89' lang='lat' dir='ltr'><strong>secundo</strong></span> <span class='ocrx_word' id='word_1_77' title='bbox 2064 1355 2145 1421; x_wconf 91' lang='lat' dir='ltr'><strong>ad</strong></span> <span class='ocrx_word' id='word_1_78' title='bbox 2174 1356 2390 1441; x_wconf 86' lang='lat' dir='ltr'><strong>legem</strong></span> 
     </span>
     <span class='ocr_line' id='line_1_12' title="bbox 351 1441 2385 1532; baseline -0 -22"><span class='ocrx_word' id='word_1_79' title='bbox 351 1445 590 1512; x_wconf 88' lang='lat' dir='ltr'><strong>Iuliam</strong></span> <span class='ocrx_word' id='word_1_80' title='bbox 639 1450 705 1511; x_wconf 89' lang='lat' dir='ltr'><strong>et</strong></span> <span class='ocrx_word' id='word_1_81' title='bbox 749 1445 1019 1529; x_wconf 79' lang='lat' dir='ltr'><strong>Papiam</strong></span> <span class='ocrx_word' id='word_1_82' title='bbox 1066 1444 1168 1532; x_wconf 89' lang='lat' dir='ltr'><strong>(P.</strong></span> <span class='ocrx_word' id='word_1_83' title='bbox 1201 1441 1421 1532; x_wconf 87' lang='lat'><strong>1985).</strong></span> <span class='ocrx_word' id='word_1_84' title='bbox 1471 1482 1552 1493; x_wconf 89' lang='lat'>—</span> <span class='ocrx_word' id='word_1_85' title='bbox 1602 1443 1766 1511; x_wconf 83' lang='lat' dir='ltr'><strong>Cum</strong></span> <span class='ocrx_word' id='word_1_86' title='bbox 1811 1442 2127 1511; x_wconf 83' lang='lat' dir='ltr'><strong>Atilicino</strong></span> <span class='ocrx_word' id='word_1_87' title='bbox 2175 1445 2385 1510; x_wconf 90' lang='lat' dir='ltr'><strong>sentio</strong></span> 
     </span>
     <span class='ocr_line' id='line_1_13' title="bbox 354 1532 2388 1619; baseline -0 -20"><span class='ocrx_word' id='word_1_88' title='bbox 354 1541 420 1600; x_wconf 88' lang='lat' dir='ltr'><strong>et</strong></span> <span class='ocrx_word' id='word_1_89' title='bbox 470 1539 630 1618; x_wconf 83' lang='lat' dir='ltr'><strong>puto</strong></span> <span class='ocrx_word' id='word_1_90' title='bbox 688 1535 867 1600; x_wconf 87' lang='lat' dir='ltr'><strong>solas</strong></span> <span class='ocrx_word' id='word_1_91' title='bbox 925 1556 1034 1599; x_wconf 89' lang='lat' dir='ltr'><strong>eas</strong></span> <span class='ocrx_word' id='word_1_92' title='bbox 1090 1536 1157 1599; x_wconf 91' lang='lat' dir='ltr'><strong>in</strong></span> <span class='ocrx_word' id='word_1_93' title='bbox 1214 1534 1649 1600; x_wconf 75' lang='lat' dir='ltr'><strong>concubinatu</strong></span> <span class='ocrx_word' id='word_1_94' title='bbox 1701 1532 1963 1599; x_wconf 84' lang='lat' dir='ltr'><strong>haberi¹</strong></span> <span class='ocrx_word' id='word_1_95' title='bbox 2013 1555 2198 1619; x_wconf 84' lang='lat' dir='ltr'><strong>posse</strong></span> <span class='ocrx_word' id='word_1_96' title='bbox 2247 1535 2388 1599; x_wconf 89' lang='lat' dir='ltr'><strong>sine</strong></span> 
     </span>
     <span class='ocr_line' id='line_1_14' title="bbox 354 1624 2230 1709; baseline 0.001 -21"><span class='ocrx_word' id='word_1_97' title='bbox 354 1629 531 1689; x_wconf 87' lang='lat' dir='ltr'><strong>metu</strong></span> <span class='ocrx_word' id='word_1_98' title='bbox 576 1624 895 1709; x_wconf 86' lang='lat' dir='ltr'><strong>criminis,</strong></span> <span class='ocrx_word' id='word_1_99' title='bbox 939 1624 1007 1688; x_wconf 91' lang='lat' dir='ltr'><strong>in</strong></span> <span class='ocrx_word' id='word_1_100' title='bbox 1053 1645 1214 1708; x_wconf 89' lang='lat' dir='ltr'><strong>quas</strong></span> <span class='ocrx_word' id='word_1_101' title='bbox 1262 1628 1559 1708; x_wconf 76' lang='lat' dir='ltr'><strong>stuprum</strong></span> <span class='ocrx_word' id='word_1_102' title='bbox 1604 1644 1736 1688; x_wconf 89' lang='lat' dir='ltr'><strong>non</strong></span> <span class='ocrx_word' id='word_1_103' title='bbox 1782 1624 2230 1689; x_wconf 85' lang='lat' dir='ltr'><strong>committitur.</strong></span> 
     </span>
    </p>
   </div>
   <div class='ocr_carea' id='block_1_7' title="bbox 963 1789 1768 1849">
    <p class='ocr_par' dir='ltr' id='par_1_8' title="bbox 963 1789 1768 1849">
     <span class='ocr_line' id='line_1_15' title="bbox 963 1789 1768 1849; baseline -0.001 -2"><span class='ocrx_word' id='word_1_104' title='bbox 963 1789 1058 1848; x_wconf 84' lang='lat' dir='ltr'><strong>De</strong></span> <span class='ocrx_word' id='word_1_105' title='bbox 1102 1792 1390 1849; x_wconf 79' lang='lat' dir='ltr'><strong>communi</strong></span> <span class='ocrx_word' id='word_1_106' title='bbox 1435 1789 1768 1849; x_wconf 76' lang='lat' dir='ltr'><strong>dividundo,</strong></span> 
     </span>
    </p>
   </div>
   <div class='ocr_carea' id='block_1_8' title="bbox 528 1878 1640 2027">
    <p class='ocr_par' dir='ltr' id='par_1_9' title="bbox 528 1878 1640 2027">
     <span class='ocr_line' id='line_1_16' title="bbox 528 1878 898 1957; baseline -0.005 -19"><span class='ocrx_word' id='word_1_107' title='bbox 528 1898 583 1938; x_wconf 86' lang='lat' dir='ltr'><strong>v.</strong></span> <span class='ocrx_word' id='word_1_108' title='bbox 621 1878 799 1957; x_wconf 85' lang='lat' dir='ltr'><strong>Resp.</strong></span> <span class='ocrx_word' id='word_1_109' title='bbox 839 1880 898 1937; x_wconf 84' lang='lat'><strong>4.</strong></span> 
     </span>
     <span class='ocr_line' id='line_1_17' title="bbox 1093 1960 1640 2027; baseline 0.002 -1"><span class='ocrx_word' id='word_1_110' title='bbox 1093 1960 1193 2026; x_wconf 84' lang='lat' dir='ltr'><strong>De</strong></span> <span class='ocrx_word' id='word_1_111' title='bbox 1236 1961 1640 2027; x_wconf 55' lang='lat' dir='ltr'><strong>servitutibus</strong></span> 
     </span>
    </p>
   </div>
   <div class='ocr_carea' id='block_1_9' title="bbox 354 2066 2392 2506">
    <p class='ocr_par' dir='ltr' id='par_1_10' title="bbox 354 2066 2392 2506">
     <span class='ocr_line' id='line_1_18' title="bbox 534 2066 2391 2152; baseline 0.001 -19"><span class='ocrx_word' id='word_1_112' title='bbox 534 2070 633 2133; x_wconf 94' lang='grc'><strong>11.</strong></span> <span class='ocrx_word' id='word_1_113' title='bbox 689 2068 767 2133; x_wconf 92' lang='lat' dir='ltr'><strong>D.</strong></span> <span class='ocrx_word' id='word_1_114' title='bbox 798 2070 858 2151; x_wconf 85' lang='lat'><strong>8,</strong></span> <span class='ocrx_word' id='word_1_115' title='bbox 886 2068 947 2152; x_wconf 85' lang='lat'><strong>3,</strong></span> <span class='ocrx_word' id='word_1_116' title='bbox 974 2067 1035 2148; x_wconf 83' lang='lat'><strong>5,</strong></span> <span class='ocrx_word' id='word_1_117' title='bbox 1066 2067 1122 2132; x_wconf 89' lang='lat'><strong>1.</strong></span> <span class='ocrx_word' id='word_1_118' title='bbox 1212 2066 1534 2151; x_wconf 85' lang='lat' dir='ltr'><strong>Ulpianus</strong></span> <span class='ocrx_word' id='word_1_119' title='bbox 1588 2067 1755 2133; x_wconf 89' lang='lat' dir='ltr'><strong>libro</strong></span> <span class='ocrx_word' id='word_1_120' title='bbox 1804 2069 2082 2151; x_wconf 87' lang='lat' dir='ltr'><strong>septimo</strong></span> <span class='ocrx_word' id='word_1_121' title='bbox 2137 2068 2391 2134; x_wconf 87' lang='lat' dir='ltr'><strong>decimo</strong></span> 
     </span>
     <span class='ocr_line' id='line_1_19' title="bbox 355 2152 2388 2243; baseline 0.001 -21"><span class='ocrx_word' id='word_1_122' title='bbox 355 2158 435 2222; x_wconf 90' lang='lat' dir='ltr'><strong>ad</strong></span> <span class='ocrx_word' id='word_1_123' title='bbox 499 2156 781 2221; x_wconf 84' lang='lat' dir='ltr'><strong>edictum</strong></span> <span class='ocrx_word' id='word_1_124' title='bbox 839 2152 936 2243; x_wconf 92' lang='lat' dir='ltr'><strong>(P.</strong></span> <span class='ocrx_word' id='word_1_125' title='bbox 975 2154 1180 2242; x_wconf 77' lang='lat'><strong>5960).</strong></span> <span class='ocrx_word' id='word_1_126' title='bbox 1236 2192 1323 2202; x_wconf 90' lang='lat'>—</span> <span class='ocrx_word' id='word_1_127' title='bbox 1378 2155 1686 2222; x_wconf 80' lang='lat' dir='ltr'><strong>Neratius</strong></span> <span class='ocrx_word' id='word_1_128' title='bbox 1752 2157 1935 2222; x_wconf 87' lang='lat' dir='ltr'><strong>libris</strong></span> <span class='ocrx_word' id='word_1_129' title='bbox 1992 2179 2070 2222; x_wconf 88' lang='lat' dir='ltr'><strong>ex</strong></span> <span class='ocrx_word' id='word_1_130' title='bbox 2123 2156 2388 2224; x_wconf 82' lang='lat' dir='ltr'><strong>Plautio</strong></span> 
     </span>
     <span class='ocr_line' id='line_1_20' title="bbox 355 2245 2391 2330; baseline 0 -19"><span class='ocrx_word' id='word_1_131' title='bbox 355 2247 448 2311; x_wconf 90' lang='lat' dir='ltr'><strong>ait</strong></span> <span class='ocrx_word' id='word_1_132' title='bbox 518 2267 637 2311; x_wconf 88' lang='lat' dir='ltr'><strong>nec</strong></span> <span class='ocrx_word' id='word_1_133' title='bbox 708 2245 1015 2310; x_wconf 89' lang='lat' dir='ltr'><strong>haustum</strong></span> <span class='ocrx_word' id='word_1_134' title='bbox 1077 2267 1195 2311; x_wconf 89' lang='lat' dir='ltr'><strong>nec</strong></span> <span class='ocrx_word' id='word_1_135' title='bbox 1260 2246 1601 2330; x_wconf 89' lang='lat' dir='ltr'><strong>appulsum</strong></span> <span class='ocrx_word' id='word_1_136' title='bbox 1665 2247 1918 2330; x_wconf 88' lang='lat' dir='ltr'><strong>pecoris</strong></span> <span class='ocrx_word' id='word_1_137' title='bbox 1982 2267 2101 2311; x_wconf 88' lang='lat' dir='ltr'><strong>nec</strong></span> <span class='ocrx_word' id='word_1_138' title='bbox 2175 2251 2391 2312; x_wconf 82' lang='lat' dir='ltr'><strong>cretae</strong></span> 
     </span>
     <span class='ocr_line' id='line_1_21' title="bbox 355 2334 2388 2420; baseline 0.001 -21"><span class='ocrx_word' id='word_1_139' title='bbox 355 2334 727 2399; x_wconf 85' lang='lat' dir='ltr'><strong>eximendae</strong></span> <span class='ocrx_word' id='word_1_140' title='bbox 764 2334 1085 2420; x_wconf 86' lang='lat' dir='ltr'><strong>calcisque</strong></span> <span class='ocrx_word' id='word_1_141' title='bbox 1123 2335 1492 2418; x_wconf 87' lang='lat' dir='ltr'><strong>coquendae</strong></span> <span class='ocrx_word' id='word_1_142' title='bbox 1529 2335 1630 2400; x_wconf 90' lang='lat' dir='ltr'><strong>ius</strong></span> <span class='ocrx_word' id='word_1_143' title='bbox 1659 2357 1852 2418; x_wconf 90' lang='lat' dir='ltr'><strong>posse</strong></span> <span class='ocrx_word' id='word_1_144' title='bbox 1878 2335 1948 2399; x_wconf 93' lang='lat' dir='ltr'><strong>in</strong></span> <span class='ocrx_word' id='word_1_145' title='bbox 1979 2335 2193 2400; x_wconf 88' lang='lat' dir='ltr'><strong>alieno</strong></span> <span class='ocrx_word' id='word_1_146' title='bbox 2225 2356 2388 2420; x_wconf 86' lang='lat' dir='ltr'><strong>esse,</strong></span> 
     </span>
     <span class='ocr_line' id='line_1_22' title="bbox 354 2422 2392 2506; baseline 0 -18"><span class='ocrx_word' id='word_1_147' title='bbox 354 2425 482 2488; x_wconf 88' lang='lat' dir='ltr'><strong>nisi</strong></span> <span class='ocrx_word' id='word_1_148' title='bbox 519 2422 788 2488; x_wconf 87' lang='lat' dir='ltr'><strong>fundum</strong></span> <span class='ocrx_word' id='word_1_149' title='bbox 827 2424 1112 2488; x_wconf 87' lang='lat' dir='ltr'><strong>vicinum</strong></span> <span class='ocrx_word' id='word_1_150' title='bbox 1147 2423 1407 2506; x_wconf 86' lang='lat' dir='ltr'><strong>habeat,</strong></span> <span class='ocrx_word' id='word_1_151' title='bbox 1453 2427 1519 2488; x_wconf 89' lang='lat' dir='ltr'><strong>et</strong></span> <span class='ocrx_word' id='word_1_152' title='bbox 1553 2422 1677 2488; x_wconf 92' lang='lat' dir='ltr'><strong>hoc</strong></span> <span class='ocrx_word' id='word_1_153' title='bbox 1713 2422 2060 2489; x_wconf 88' lang='lat' dir='ltr'><strong>Proculum</strong></span> <span class='ocrx_word' id='word_1_154' title='bbox 2097 2427 2163 2488; x_wconf 87' lang='lat' dir='ltr'><strong>et</strong></span> <span class='ocrx_word' id='word_1_155' title='bbox 2200 2424 2392 2490; x_wconf 90' lang='lat' dir='ltr'><strong>Atili-</strong></span> 
     </span>
    </p>
   </div>
   <div class='ocr_carea' id='block_1_10' title="bbox 354 2511 1177 2579">
    <p class='ocr_par' dir='ltr' id='par_1_11' title="bbox 354 2511 1177 2579">
     <span class='ocr_line' id='line_1_23' title="bbox 354 2511 1177 2579; baseline 0 -3"><span class='ocrx_word' id='word_1_156' title='bbox 354 2511 570 2578; x_wconf 90' lang='lat' dir='ltr'><strong>cinum</strong></span> <span class='ocrx_word' id='word_1_157' title='bbox 618 2514 1019 2579; x_wconf 85' lang='lat' dir='ltr'><strong>existimasse</strong></span> <span class='ocrx_word' id='word_1_158' title='bbox 1067 2513 1177 2577; x_wconf 90' lang='lat' dir='ltr'><strong>ait.</strong></span> 
     </span>
    </p>
   </div>
   <div class='ocr_carea' id='block_1_11' title="bbox 352 2601 2393 3486">
    <p class='ocr_par' dir='ltr' id='par_1_12' title="bbox 352 2601 2393 3486">
     <span class='ocr_line' id='line_1_24' title="bbox 535 2601 2392 2685; baseline 0.001 -18"><span class='ocrx_word' id='word_1_159' title='bbox 535 2603 635 2668; x_wconf 80' lang='lat'><strong>12.</strong></span> <span class='ocrx_word' id='word_1_160' title='bbox 700 2602 777 2666; x_wconf 93' lang='lat' dir='ltr'><strong>D.</strong></span> <span class='ocrx_word' id='word_1_161' title='bbox 808 2604 868 2680; x_wconf 84' lang='lat'><strong>8,</strong></span> <span class='ocrx_word' id='word_1_162' title='bbox 896 2603 956 2684; x_wconf 86' lang='lat'><strong>3,</strong></span> <span class='ocrx_word' id='word_1_163' title='bbox 984 2602 1088 2669; x_wconf 85' lang='lat'><strong>35.</strong></span> <span class='ocrx_word' id='word_1_164' title='bbox 1188 2601 1432 2666; x_wconf 89' lang='lat' dir='ltr'><strong>Paulus</strong></span> <span class='ocrx_word' id='word_1_165' title='bbox 1490 2601 1660 2666; x_wconf 90' lang='lat' dir='ltr'><strong>libro</strong></span> <span class='ocrx_word' id='word_1_166' title='bbox 1719 2601 1948 2685; x_wconf 86' lang='lat' dir='ltr'><strong>quinto</strong></span> <span class='ocrx_word' id='word_1_167' title='bbox 2004 2601 2252 2668; x_wconf 88' lang='lat' dir='ltr'><strong>decimo</strong></span> <span class='ocrx_word' id='word_1_168' title='bbox 2307 2604 2392 2668; x_wconf 86' lang='lat' dir='ltr'><strong>ad</strong></span> 
     </span>
     <span class='ocr_line' id='line_1_25' title="bbox 352 2688 2391 2778; baseline 0.001 -23"><span class='ocrx_word' id='word_1_169' title='bbox 352 2691 683 2756; x_wconf 86' lang='lat' dir='ltr'><strong>Plautium</strong></span> <span class='ocrx_word' id='word_1_170' title='bbox 724 2691 819 2776; x_wconf 89' lang='lat' dir='ltr'><strong>(P.</strong></span> <span class='ocrx_word' id='word_1_171' title='bbox 846 2692 1066 2778; x_wconf 81' lang='lat'><strong>1212).</strong></span> <span class='ocrx_word' id='word_1_172' title='bbox 1102 2727 1189 2737; x_wconf 88' lang='lat'><strong>—-</strong></span> <span class='ocrx_word' id='word_1_173' title='bbox 1228 2690 1572 2755; x_wconf 83' lang='lat' dir='ltr'><strong>Atilicinus</strong></span> <span class='ocrx_word' id='word_1_174' title='bbox 1613 2689 1706 2754; x_wconf 86' lang='lat' dir='ltr'><strong>ait</strong></span> <span class='ocrx_word' id='word_1_175' title='bbox 1743 2688 2085 2754; x_wconf 83' lang='lat' dir='ltr'><strong>Caesarem</strong></span> <span class='ocrx_word' id='word_1_176' title='bbox 2127 2688 2391 2758; x_wconf 86' lang='lat' dir='ltr'><strong>Statilio</strong></span> 
     </span>
     <span class='ocr_line' id='line_1_26' title="bbox 354 2777 2389 2864; baseline 0.001 -22"><span class='ocrx_word' id='word_1_177' title='bbox 354 2779 570 2846; x_wconf 85' lang='lat' dir='ltr'><strong>Tauro</strong></span> <span class='ocrx_word' id='word_1_178' title='bbox 626 2781 1035 2864; x_wconf 87' lang='lat' dir='ltr'><strong>rescripsisse</strong></span> <span class='ocrx_word' id='word_1_179' title='bbox 1090 2780 1160 2844; x_wconf 91' lang='lat' dir='ltr'><strong>in</strong></span> <span class='ocrx_word' id='word_1_180' title='bbox 1212 2779 1374 2844; x_wconf 91' lang='lat' dir='ltr'><strong>haec</strong></span> <span class='ocrx_word' id='word_1_181' title='bbox 1427 2779 1649 2844; x_wconf 79' lang='lat' dir='ltr'><strong>verba:</strong></span> <span class='ocrx_word' id='word_1_182' title='bbox 1718 2777 1831 2843; x_wconf 74' lang='lat' dir='ltr'><strong>‘Hi</strong></span> <span class='ocrx_word' id='word_1_183' title='bbox 1886 2779 1999 2862; x_wconf 93' lang='lat' dir='ltr'><strong>qui</strong></span> <span class='ocrx_word' id='word_1_184' title='bbox 2056 2801 2133 2843; x_wconf 93' lang='lat' dir='ltr'><strong>ex</strong></span> <span class='ocrx_word' id='word_1_185' title='bbox 2187 2779 2389 2846; x_wconf 86' lang='lat' dir='ltr'><strong>fundo</strong></span> 
     </span>
     <span class='ocr_line' id='line_1_27' title="bbox 357 2865 2391 2953; baseline 0.001 -22"><span class='ocrx_word' id='word_1_186' title='bbox 357 2865 620 2934; x_wconf 83' lang='lat' dir='ltr'><strong>Sutrino</strong></span> <span class='ocrx_word' id='word_1_187' title='bbox 677 2891 914 2953; x_wconf 89' lang='lat' dir='ltr'><strong>aquam</strong></span> <span class='ocrx_word' id='word_1_188' title='bbox 970 2870 1199 2933; x_wconf 87' lang='lat' dir='ltr'><strong>ducere</strong></span> <span class='ocrx_word' id='word_1_189' title='bbox 1256 2868 1435 2933; x_wconf 86' lang='lat' dir='ltr'><strong>soliti</strong></span> <span class='ocrx_word' id='word_1_190' title='bbox 1493 2872 1668 2952; x_wconf 88' lang='lat' dir='ltr'><strong>sunt,</strong></span> <span class='ocrx_word' id='word_1_191' title='bbox 1733 2868 2032 2932; x_wconf 85' lang='lat' dir='ltr'><strong>adierunt</strong></span> <span class='ocrx_word' id='word_1_192' title='bbox 2084 2890 2188 2933; x_wconf 90' lang='lat' dir='ltr'><strong>me</strong></span> <span class='ocrx_word' id='word_1_193' title='bbox 2241 2890 2391 2951; x_wconf 87' lang='lat' dir='ltr'><strong>pro-</strong></span> 
     </span>
     <span class='ocr_line' id='line_1_28' title="bbox 353 2957 2393 3042; baseline 0.002 -23"><span class='ocrx_word' id='word_1_194' title='bbox 353 2963 835 3042; x_wconf 81' lang='lat' dir='ltr'><strong>posueruntque</strong></span> <span class='ocrx_word' id='word_1_195' title='bbox 892 2979 1152 3041; x_wconf 85' lang='lat' dir='ltr'><strong>aquam,</strong></span> <span class='ocrx_word' id='word_1_196' title='bbox 1208 2979 1337 3042; x_wconf 90' lang='lat' dir='ltr'><strong>qua</strong></span> <span class='ocrx_word' id='word_1_197' title='bbox 1381 2979 1496 3041; x_wconf 90' lang='lat' dir='ltr'><strong>per</strong></span> <span class='ocrx_word' id='word_1_198' title='bbox 1542 2957 1789 3040; x_wconf 86' lang='lat' dir='ltr'><strong>aliquot</strong></span> <span class='ocrx_word' id='word_1_199' title='bbox 1834 2978 2038 3021; x_wconf 86' lang='lat' dir='ltr'><strong>annos</strong></span> <span class='ocrx_word' id='word_1_200' title='bbox 2091 2957 2191 3022; x_wconf 89' lang='lat' dir='ltr'><strong>usi</strong></span> <span class='ocrx_word' id='word_1_201' title='bbox 2237 2963 2393 3023; x_wconf 90' lang='lat' dir='ltr'><strong>sunt</strong></span> 
     </span>
     <span class='ocr_line' id='line_1_29' title="bbox 356 3043 2389 3131; baseline 0.003 -25"><span class='ocrx_word' id='word_1_202' title='bbox 356 3066 435 3107; x_wconf 87' lang='lat' dir='ltr'><strong>ex</strong></span> <span class='ocrx_word' id='word_1_203' title='bbox 471 3043 671 3127; x_wconf 85' lang='lat' dir='ltr'><strong>fonte,</strong></span> <span class='ocrx_word' id='word_1_204' title='bbox 712 3047 823 3129; x_wconf 92' lang='lat' dir='ltr'><strong>qui</strong></span> <span class='ocrx_word' id='word_1_205' title='bbox 861 3050 961 3110; x_wconf 85' lang='lat' dir='ltr'><strong>est</strong></span> <span class='ocrx_word' id='word_1_206' title='bbox 996 3047 1064 3109; x_wconf 88' lang='lat' dir='ltr'><strong>in</strong></span> <span class='ocrx_word' id='word_1_207' title='bbox 1101 3045 1299 3110; x_wconf 86' lang='lat' dir='ltr'><strong>fundo</strong></span> <span class='ocrx_word' id='word_1_208' title='bbox 1341 3044 1622 3128; x_wconf 79' lang='lat' dir='ltr'><strong>SutrinO,</strong></span> <span class='ocrx_word' id='word_1_209' title='bbox 1660 3045 1889 3111; x_wconf 86' lang='lat' dir='ltr'><strong>ducere</strong></span> <span class='ocrx_word' id='word_1_210' title='bbox 1926 3067 2059 3110; x_wconf 92' lang='lat' dir='ltr'><strong>non</strong></span> <span class='ocrx_word' id='word_1_211' title='bbox 2094 3047 2389 3131; x_wconf 88' lang='lat' dir='ltr'><strong>potuisse</strong></span> 
     </span>
     <span class='ocr_line' id='line_1_30' title="bbox 353 3133 2389 3221; baseline 0.002 -24"><span class='ocrx_word' id='word_1_212' title='bbox 353 3153 433 3216; x_wconf 84' lang='lat' dir='ltr'><strong>se,</strong></span> <span class='ocrx_word' id='word_1_213' title='bbox 480 3134 650 3216; x_wconf 91' lang='lat' dir='ltr'><strong>quod</strong></span> <span class='ocrx_word' id='word_1_214' title='bbox 697 3133 842 3198; x_wconf 88' lang='lat' dir='ltr'><strong>fons</strong></span> <span class='ocrx_word' id='word_1_215' title='bbox 891 3134 1264 3217; x_wconf 84' lang='lat' dir='ltr'><strong>exaruisset,</strong></span> <span class='ocrx_word' id='word_1_216' title='bbox 1311 3139 1376 3198; x_wconf 89' lang='lat' dir='ltr'><strong>et</strong></span> <span class='ocrx_word' id='word_1_217' title='bbox 1420 3137 1650 3216; x_wconf 83' lang='lat' dir='ltr'><strong>postea</strong></span> <span class='ocrx_word' id='word_1_218' title='bbox 1695 3155 1771 3197; x_wconf 91' lang='lat' dir='ltr'><strong>ex</strong></span> <span class='ocrx_word' id='word_1_219' title='bbox 1818 3154 1893 3198; x_wconf 91' lang='lat' dir='ltr'><strong>eo</strong></span> <span class='ocrx_word' id='word_1_220' title='bbox 1933 3135 2112 3199; x_wconf 86' lang='lat' dir='ltr'><strong>fonte</strong></span> <span class='ocrx_word' id='word_1_221' title='bbox 2151 3157 2389 3221; x_wconf 88' lang='lat' dir='ltr'><strong>aquam</strong></span> 
     </span>
     <span class='ocr_line' id='line_1_31' title="bbox 354 3221 2392 3308; baseline 0.003 -24"><span class='ocrx_word' id='word_1_222' title='bbox 354 3221 551 3286; x_wconf 88' lang='lat' dir='ltr'><strong>fluere</strong></span> <span class='ocrx_word' id='word_1_223' title='bbox 609 3224 925 3306; x_wconf 88' lang='lat' dir='ltr'><strong>coepisse,</strong></span> <span class='ocrx_word' id='word_1_224' title='bbox 979 3225 1429 3308; x_wconf 86' lang='lat' dir='ltr'><strong>petieruntque</strong></span> <span class='ocrx_word' id='word_1_225' title='bbox 1485 3245 1524 3286; x_wconf 90' lang='lat' dir='ltr'><strong>a</strong></span> <span class='ocrx_word' id='word_1_226' title='bbox 1579 3243 1706 3306; x_wconf 88' lang='lat' dir='ltr'><strong>me,</strong></span> <span class='ocrx_word' id='word_1_227' title='bbox 1760 3226 1835 3286; x_wconf 90' lang='lat' dir='ltr'><strong>ut</strong></span> <span class='ocrx_word' id='word_1_228' title='bbox 1891 3222 2061 3305; x_wconf 90' lang='lat' dir='ltr'><strong>quod</strong></span> <span class='ocrx_word' id='word_1_229' title='bbox 2107 3223 2206 3287; x_wconf 87' lang='lat' dir='ltr'><strong>ius</strong></span> <span class='ocrx_word' id='word_1_230' title='bbox 2250 3246 2392 3291; x_wconf 88' lang='lat' dir='ltr'><strong>non</strong></span> 
     </span>
     <span class='ocr_line' id='line_1_32' title="bbox 354 3310 2389 3397; baseline 0.003 -24"><span class='ocrx_word' id='word_1_231' title='bbox 354 3311 769 3397; x_wconf 82' lang='lat' dir='ltr'><strong>neglegentia</strong></span> <span class='ocrx_word' id='word_1_232' title='bbox 816 3317 927 3378; x_wconf 90' lang='lat' dir='ltr'><strong>aut</strong></span> <span class='ocrx_word' id='word_1_233' title='bbox 972 3313 1163 3396; x_wconf 90' lang='lat' dir='ltr'><strong>culpa</strong></span> <span class='ocrx_word' id='word_1_234' title='bbox 1209 3334 1326 3376; x_wconf 91' lang='lat' dir='ltr'><strong>sua</strong></span> <span class='ocrx_word' id='word_1_235' title='bbox 1373 3313 1749 3394; x_wconf 89' lang='lat' dir='ltr'><strong>amiserant,</strong></span> <span class='ocrx_word' id='word_1_236' title='bbox 1801 3311 1913 3376; x_wconf 90' lang='lat' dir='ltr'><strong>sed</strong></span> <span class='ocrx_word' id='word_1_237' title='bbox 1958 3310 2113 3395; x_wconf 92' lang='lat' dir='ltr'><strong>quia</strong></span> <span class='ocrx_word' id='word_1_238' title='bbox 2158 3311 2389 3379; x_wconf 87' lang='lat' dir='ltr'><strong>ducere</strong></span> 
     </span>
     <span class='ocr_line' id='line_1_33' title="bbox 354 3399 2388 3486; baseline 0.002 -23"><span class='ocrx_word' id='word_1_239' title='bbox 354 3421 485 3466; x_wconf 90' lang='lat' dir='ltr'><strong>non</strong></span> <span class='ocrx_word' id='word_1_240' title='bbox 513 3406 833 3486; x_wconf 88' lang='lat' dir='ltr'><strong>poterant,</strong></span> <span class='ocrx_word' id='word_1_241' title='bbox 866 3402 969 3467; x_wconf 92' lang='lat' dir='ltr'><strong>his</strong></span> <span class='ocrx_word' id='word_1_242' title='bbox 998 3401 1467 3466; x_wconf 86' lang='lat' dir='ltr'><strong>restitueretur.</strong></span> <span class='ocrx_word' id='word_1_243' title='bbox 1540 3421 1813 3484; x_wconf 90' lang='lat' dir='ltr'><strong>quorum</strong></span> <span class='ocrx_word' id='word_1_244' title='bbox 1842 3399 2003 3465; x_wconf 90' lang='lat' dir='ltr'><strong>mihi</strong></span> <span class='ocrx_word' id='word_1_245' title='bbox 2031 3402 2388 3484; x_wconf 89' lang='lat' dir='ltr'><strong>postulatio</strong></span> 
     </span>
    </p>
   </div>
   <div class='ocr_carea' id='block_1_12' title="bbox 501 3540 922 3596">
    <p class='ocr_par' dir='ltr' id='par_1_13' title="bbox 501 3540 922 3596">
     <span class='ocr_line' id='line_1_34' title="bbox 501 3540 922 3596; baseline 0.002 -1"><span class='ocrx_word' id='word_1_246' title='bbox 501 3548 527 3595; x_wconf 88' lang='lat'>1</span> <span class='ocrx_word' id='word_1_247' title='bbox 571 3540 664 3596; x_wconf 82' lang='lat' dir='ltr'><strong>Fz.</strong></span> <span class='ocrx_word' id='word_1_248' title='bbox 703 3541 922 3596; x_wconf 88' lang='lat' dir='ltr'><strong>habere.</strong></span> 
     </span>
    </p>
   </div>
  </div>
 </body>
</html>
