2575 3900
381 166 468 231 46
524 167 615 223 ΠΙ.
647 168 799 224 GAII
828 167 1120 223 CLAUDII
1139 167 1415 223 NERON.
1433 167 1722 250 GAL134E
1742 169 1964 227 TEMP.
1981 169 2178 227 lURIS
2200 173 2404 231 CONS.

1003 337 1098 396 De
1129 355 1409 410 pecorum
1452 340 1778 413 usufructu.

554 447 658 512 37.
714 446 792 512 D.
813 447 872 530 7,
897 446 1077 531 1‚68,
1099 447 1157 512 1.
1246 446 1570 531 Ulpianus
1615 449 1784 513 libro
1832 450 2108 532 septimo
2155 449 2406 516 decimo

376 536 457 601 ad
505 534 815 602 Sabinum
854 533 951 621 (P.
980 535 1109 601 257
1115 531 1233 622 4⁸).
1280 572 1367 582 —
1413 535 1614 601 Fetus
1660 587 1674 601 .
1705 587 1720 601 .
1767 558 2075 621 pecorum
2122 534 2406 605 Sabinus

376 629 441 690 et
487 623 750 691 Cassius
798 625 1050 708 opinati
1094 628 1248 689 sunt
1295 625 1375 690 ad
1419 624 1846 692 fructuarium
1939 627 2227 692 ertinere.

552 716 656 781 38.
701 711 780 778 D.
802 715 860 796 7,
882 713 941 799 1,
963 713 1065 796 70,
1082 714 1142 778 2.
1214 712 1367 798 Ulp.
1394 714 1545 780 ibid.
1579 649 1954 803 (P.2574¹²5.
1991 753 2077 762 —
2115 765 2163 780 ..
2201 715 2406 782 Gaius

374 800 638 868 Cassius
684 803 851 868 libro
900 806 1129 868 octavo
1178 803 1404 867 scribit
1450 825 1704 868 earnem
1749 803 1922 868 fetus
1961 804 2282 870 demortui
2317 805 2402 870 ad

371 891 795 957 fructuarium
842 891 1188 975 pertinere.

604 1057 700 1116 De
742 1058 1050 1131 usufructu
1080 1073 1196 1130 per
1240 1060 1476 1116 senatus
1521 1058 1840 1116 consultum
1885 1074 2162 1120 concesso.

551 1167 655 1233 39.
720 1165 799 1232 D.
832 1167 889 1248 7,
917 1166 979 1250 5,
1005 1167 1064 1231 3.
1156 1164 1478 1250 Ulpianus
1525 1167 1694 1232 libro
1743 1171 1971 1232 octavo
2018 1166 2268 1233 decimo
2317 1169 2404 1234 ad

341 1253 683 1321 'Sabinum
739 1255 839 1343 (P.
874 1252 1128 1340 2590b).
1182 1290 1269 1302 -—
1326 1254 1485 1319 Post
1541 1255 1710 1339 quod
1768 1255 1880 1340 (so.
1927 1259 2192 1322 senatus
2248 1278 2404 1322 eon—

373 1341 643 1430 sultum)
717 1345 1005 1409 omnium
1068 1365 1283 1408 rerum
1345 1366 1501 1408 usus
1565 1342 1814 1408 fruetus
1874 1345 2077 1429 legari
2137 1347 2405 1428 poterit.

370 1455 455 1498 an
514 1437 581 1499 et
635 1432 1014 1498 nominum?
1072 1483 1085 1496 .
1123 1483 1137 1497 .
1196 1431 1458 1498 Cassius
1515 1436 1580 1496 et
1633 1430 1947 1498 Proculus
2004 1435 2406 1520 existimant,

367 1543 558 1606 posse
605 1522 824 1607 legari.

548 1633 920 1694 Sententiam
965 1633 1159 1692 eidem
1202 1633 1358 1692 libro
1405 1633 1738 1692 attribuere
1782 1632 1942 1692 licet.

591 1829 812 1888 Plane
857 1830 1302 1889 incertorum
1348 1827 1701 1887 librorum
1745 1828 2170 1904 fragmenta.

541 1955 905 2032 Fragmenta
958 1954 1226 2029 disposui
1280 1954 1605 2013 seeundum
1660 1953 1930 2013 ordinem
1983 1952 2404 2016 Sabinianum.

1194 2126 1295 2191 De
1339 2126 1568 2208 leyatis.

1137 2246 1231 2305 De
1273 2264 1388 2305 usu
1432 2248 1619 2319 fumdi.

541 2356 645 2422 40.
704 2356 779 2421 D.
801 2357 859 2439 7,
878 2357 938 2436 8,
962 2356 1144 2436 12,1.
1232 2350 1554 2439 Ulpianus
1601 2355 1768 2420 libro
1814 2355 2092 2440 septimo
2139 2354 2404 2423 decimo

363 2445 445 2510 ad
493 2442 806 2510 Sabinum
852 2441 952 2532 (P.
977 2445 1201 2528 2577).
1240 2480 1323 2490 —
1362 2443 1631 2508 Praeter
1676 2444 2147 2509 habitationem
2195 2466 2405 2529 quam

360 2534 585 2620 habet,
658 2533 762 2600 oui
825 2555 979 2598 usus
1045 2533 1234 2598 datus
1302 2536 1401 2597 est
1464 2531 1578 2617 (se.
1635 2529 1866 2619 fundi),
1932 2532 2406 2599 deambulandi

361 2646 612 2710 quoque
667 2627 734 2689 et
787 2623 1086 2707 gestandi
1139 2624 1238 2687 ius
1292 2621 1581 2687 habebit.
1675 2620 1953 2685 Sabinus
2010 2624 2077 2685 et
2123 2618 2406 2688 Cassius

359 2718 421 2779 et
478 2713 678 2799 lignis
735 2713 815 2776 ad
870 2735 1056 2777 usum
1113 2711 1538 2777 cottidianum
1595 2714 1660 2774 et
1710 2710 1902 2775 horto
1950 2714 2015 2774 et
2060 2710 2272 2794 pomis
2325 2716 2409 2777 et

355 2800 687 2866 holeribus
745 2811 811 2865 et
862 2800 1129 2866 floribus
1185 2804 1249 2865 et
1305 2822 1471 2885 aqua
1526 2820 1822 2881 usurum,
1875 2820 2004 2863 non
2053 2820 2257 2881 usque
2305 2801 2406 2866 ad

358 2890 834 2972 compendium,
882 2888 993 2952 sed
1042 2889 1121 2952 ad
1168 2910 1374 2970 usum,
1425 2888 1672 2953 scilicet
1717 2910 1847 2953 non
1894 2908 2096 2972 usque
2144 2886 2225 2950 ad
2273 2887 2406 2953 ab·

357 2999 562 3041 usum.
635 2978 804 3041 idem
834 2975 1070 3060 Nerva,
1109 2981 1174 3040 et
1211 2976 1408 3041 adicit
1445 3027 1459 3041 .
1482 3027 1496 3042 .
1518 3027 1532 3041 .
1571 2978 1682 3041 sed
1718 2997 1923 3060 neque
1960 2975 2137 3039 foliis
2173 2996 2406 3060 neque

358 3065 501 3130 oleo
523 3087 729 3150 neque
748 3065 1071 3130 frumento
1093 3087 1297 3149 neque
1314 3065 1611 3151 frugibus
1632 3087 1913 3129 usurum.
1971 3064 2083 3129 sed
2103 3062 2404 3133 Sabinus

356 3159 422 3218 et
458 3152 722 3220 Cassius
904 3155 1026 3219 hoe
1066 3156 1344 3239 amplius
1383 3155 1580 3219 etiam
1619 3175 1695 3218 ex
1733 3154 1834 3217 his
1875 3175 2038 3236 quae
2074 3153 2141 3217 in
2178 3152 2403 3221 fundo

354 3246 724 3327 naseuntur,
772 3243 943 3328 quod
985 3243 1065 3307 ad
1103 3244 1346 3309 vietum
1386 3243 1511 3308 sibi
1550 3242 1810 3327 suisque
1850 3242 2129 3307 sufficiat
2167 3264 2404 3327 sump-

354 3335 571 3397 turum
620 3337 687 3396 et
734 3354 812 3396 ex
855 3332 956 3396 his
1004 3354 1168 3417 quae
1214 3330 1434 3397 Nerva
1477 3332 1762 3415 negavit.

533 3443 779 3504 Comma
843 3438 1102 3503 ‘scilicet
1164 3464 1283 3503 non
1347 3462 1535 3520 usque
1599 3443 1676 3502 ad
1741 3437 2028 3503 abusum'
2082 3442 2405 3519 Ulpianus

353 3534 597 3594 addidit.
677 3535 747 3594 cf.
793 3533 855 3591 11
895 3537 926 3592 1
980 3554 1034 3609 p.
1074 3534 1224 3592 452.
