2575 3900
828 211 877 259 6.
923 202 1341 259 IAVOLENUS
1377 202 1672 260 PRISGUS
2126 204 2255 269 411

223 368 383 433 dum
454 366 833 450 muliebrem,
905 372 1272 432 ornamenta
1333 368 1570 447 omnia,
1644 388 1873 432 aurum
1934 373 2259 451 arqentwm

221 456 396 539 quod
460 456 592 521 eius
652 475 846 521 causa
901 454 1138 537 factum
1186 460 1607 539 paratumque
1667 455 1778 541 es[
1766 477 1829 522 se
1817 456 1866 541 ]
1868 461 1895 521 t
1948 477 2123 522 omne
2181 456 2259 523 do

235 543 404 628 leyo'.
505 544 830 610 Trebatius
889 544 1038 610 haec
1097 545 1280 610 verba
1346 544 1533 628 ‘quod
1590 546 1723 611 eius
1775 564 1969 611 causa
2016 544 2259 627 factum

211 637 639 717 paratumque
680 632 789 699 est'
836 635 925 699 ad
957 653 1188 699 aurum
1222 639 1282 699 et
1313 638 1638 717 arqentum
1672 635 2002 699 dumtaxat
2032 634 2260 716 referri

213 727 435 806 putat,
481 722 785 788 Proculus
828 724 917 788 ad
958 724 1196 801 omnia,
1239 724 1405 805 quod
1444 728 1505 788 et
1542 744 1753 788 verum
1798 728 1900 789 est.

410 811 514 876 30.
560 810 639 876 D.
660 812 766 897 32,
784 811 870 876 29
887 834 981 897 pr.
1055 811 1274 877 Labeo
1313 811 1482 878 libro
1512 812 1794 877 secundo
1824 812 2259 895 posteriorum

223 922 272 965 a
316 899 624 965 Iavoleno
671 900 1191 985 epitomatorum.
1236 936 1327 947 —-
1374 900 1498 981 Qui
1540 901 1941 966 concubinam
1984 900 2257 985 habebat,

228 991 290 1055 ei
331 994 549 1055 vestem
585 990 826 1071 prioris
867 989 1236 1055 concubinae
1277 990 1570 1054 utendam
1606 990 1870 1075 dederat,
1914 991 2128 1055 deinde
2162 990 2259 1055 ita

223 1078 488 1161 leyavit:
552 1077 794 1143 vestem
853 1098 1011 1160 quae
1071 1079 1205 1143 eius
1265 1098 1460 1144 eausa
1522 1084 1725 1161 empta
1772 1084 2015 1181 parata
2066 1078 2260 1143 esset’.

235 1166 570 1233 Cascellius
616 1167 940 1232 Trebatius
974 1172 1218 1269 'ne-cant
1267 1168 1327 1232 ei
1372 1167 1571 1233 deberi
1604 1168 1846 1250 prioris
1888 1167 2257 1233 concubinae

221 1276 423 1322 eausa
437 1261 701 1341 parata,
730 1255 1025 1340 quamvis
1053 1256 1187 1321 alia
1211 1257 1485 1321 condicio
1511 1261 1663 1321 esset
1683 1257 1755 1321 in
1780 1276 1986 1322 uxore.
2051 1256 2257 1321 Labeo

228 1346 302 1410 id
332 1365 459 1410 non
485 1344 728 1427 probat,
764 1346 914 1427 quia
947 1345 1019 1409 in
1053 1346 1186 1411 eius
1218 1346 1390 1410 modi
1432 1346 1627 1427 leyato
1668 1366 1797 1411 non
1832 1346 1933 1410 ius
1962 1346 2257 1410 uxorium

221 1435 625 1518 sequendum,
695 1436 803 1499 sed
869 1433 1188 1499 verborum
1259 1435 1679 1515 interpretatio
1750 1438 1899 1499 esset
1965 1434 2259 1537 facienda

229 1524 506 1606 idemffle
558 1522 650 1587 vel
702 1525 772 1587 in
825 1523 965 1605 filia
1016 1522 1110 1588 vel
1161 1524 1234 1588 in
1285 1522 1555 1605 qualibet
1604 1523 1739 1588 alia
1780 1542 2052 1605 persona
2096 1524 2261 1589 iuris

223 1616 394 1678 esset.
481 1612 788 1677 Labeonis
831 1612 1128 1676 sententia
1170 1632 1316 1677 vera
1358 1616 1459 1677 est.

410 1699 514 1765 31.
562 1698 639 1764 D.
671 1700 775 1781 33,
803 1699 865 1781 5,
893 1700 996 1764 20.
1066 1698 1286 1765 Labeo
1316 1700 1485 1765 libro
1516 1699 1798 1765 secundo
1825 1699 2257 1782 posteriorum

234 1812 273 1854 a
334 1787 640 1854 Iavoleno
715 1789 1234 1873 epitomatorum.
1304 1822 1385 1835 —-
1449 1788 1646 1871 Apud
1704 1788 2033 1872 Aufidium
2103 1788 2259 1853 libro

223 1879 434 1962 primo
489 1898 864 1962 responsum
909 1882 1018 1960 est,
1078 1897 1218 1943 cum
1261 1878 1355 1942 ita
1400 1878 1664 1962 leyatum
1706 1882 1825 1942 est:
1882 1875 2261 1943 ‘vestimenta

224 1988 388 2051 quae
422 1967 578 2033 volet
610 1967 964 2033 triclinaria
997 1968 1224 2033 sumito
1259 1967 1491 2050 sibique
1522 1965 1777 2051 habeto',
1819 1968 1879 2032 si
1913 1968 1971 2033 is
2006 1967 2262 2033 dixisset

224 2077 388 2140 quae
439 2057 635 2142 vellet,
689 2057 931 2135 deinde,
985 2060 1318 2138 antequam
1370 2077 1443 2122 ea
1486 2062 1773 2141 sumeret,
1825 2056 1961 2121 alia
2004 2077 2068 2122 se
2110 2055 2259 2122 velle

225 2147 521 2231 dimisset,
584 2150 826 2211 mutare
884 2145 1255 2211 voluntatem
1328 2165 1467 2210 eum
1536 2166 1662 2210 non
1726 2165 1931 2228 posse,
1993 2149 2067 2210 ut
2124 2145 2260 2210 alia

227 2240 520 2316 sumeret,
591 2235 745 2318 quia
807 2255 982 2300 omne
1047 2235 1146 2300 ius
1210 2235 1392 2317 leyati
1438 2235 1661 2317 prima
1723 2234 2060 2314 testatione,
2130 2252 2259 2316 qua

227 2343 471 2389 sumere
531 2344 594 2389 se
655 2324 933 2402 dixisset,
995 2324 1369 2405 consumpsit
1419 2321 1752 2406 [quoniam
1812 2342 1909 2387 res
1970 2323 2259 2389 continuo

227 2413 368 2477 eius
408 2413 498 2496 fit,
543 2413 733 2477 simul
776 2433 852 2478 ac
893 2412 952 2478 si
995 2411 1228 2476 dixerit
1267 2432 1407 2477 eam
1449 2410 1739 2494 sumereJ.

964 2602 1060 2662 De
1102 2620 1265 2662 servo
1312 2603 1509 2676 leyat0.

413 2713 515 2778 32.
561 2711 638 2778 D.
661 2711 765 2795 32,
788 2712 917 2778 100
927 2735 1020 2797 pr.
1077 2710 1418 2776 Iavolenus
1446 2711 1616 2777 libro
1644 2709 1927 2776 secundo
1949 2732 2026 2777 ex
2046 2714 2258 2796 poste-

231 2801 513 2867 rioribus
560 2802 900 2867 Labeonis.
952 2835 1030 2849 —
1080 2799 1305 2866 ‘Heres
1357 2819 1527 2866 meus
1579 2801 1845 2866 damnas
1897 2805 2019 2866 esto
2064 2799 2258 2866 Lucio

238 2891 405 2956 Titio
467 2890 748 2958 Stichum
809 2911 1052 2956 servum
1113 2909 1316 2955 meum
1378 2887 1643 2956 reddere’
1708 2889 1801 2955 vel
1862 2890 1988 2955 ita:
2053 2888 2259 2955 ‘illum

225 2999 475 3044 servum
527 3001 732 3045 meum
785 2980 888 3044 illi
939 2975 1216 3044 reddito'.
1306 2976 1637 3045 Cascellius
1687 2979 1784 3043 ait
1826 2979 2027 3045 deberi
2068 2999 2260 3061 neque

233 3069 304 3133 id
342 3069 545 3135 Labeo
598 3068 932 3151 improbat,
985 3068 1136 3151 quia
1188 3068 1300 3150 qui
1351 3068 1597 3134 reddere
1643 3067 1915 3152 iubetur,
1969 3069 2159 3134 simul
2201 3073 2261 3133 et

227 3159 381 3223 dare
423 3158 680 3224 iubetur.

409 3269 588 3330 Ratio
634 3263 803 3347 ‘quia
841 3316 854 3329 .
885 3317 898 3330 .
933 3263 1202 3329 iubetur'
1249 3289 1615 3348 quamquam
1661 3289 1697 3329 a
1732 3253 2014 3330 Iavolen'o
2053 3267 2260 3328 addita

231 3358 492 3436 videtur,
519 3358 598 3431 II,
634 3363 666 3418 1
698 3379 754 3434 p.
789 3360 914 3419 194
964 3357 1163 3418 omitti
1207 3377 1328 3418 non
1374 3358 1595 3419 debuit.

415 3477 520 3543 33.
565 3475 644 3542 D.
665 3477 769 3557 32,
789 3477 893 3561 29,
913 3477 971 3543 3.
1045 3475 1262 3541 Labeo
1302 3478 1469 3542 libro
1509 3476 1790 3542 seeundo
1826 3472 2257 3558 posteriorum

231 3588 274 3631 a
318 3565 626 3631 Iavoleno
665 3564 1185 3650 epitomatorum.
1222 3601 1313 3611 —
1352 3563 1428 3630 Si
1461 3565 1629 3630 heres
1664 3563 1776 3628 tibi
1809 3581 1979 3628 servo
2009 3580 2260 3644 genera-
