2575 3900
333 177 464 242 100
501 177 598 232 ΙΙΙ.
623 176 777 232 GAII
797 175 1092 230 CLAUDII
1112 174 1381 230 NERON.
1401 174 1687 230 GALBAE
1707 174 1919 230 TEMP.
1940 173 2137 230 Iulus
2161 175 2409 231 CONS.

325 345 604 421 princeps
654 346 940 403 successit
976 335 1213 423 (Pomp.
1249 341 1291 419 ἓ
1320 339 1449 422 52).
1534 343 1857 419 plurimum
1906 363 2043 428 eum
2087 345 2405 418 potuisse

325 435 716 510 fautoresque
781 433 910 492 eius
963 431 1355 492 Proculianos
1413 433 1751 509 appellatos
1808 449 1938 492 esse
1989 433 2405 510 Pomponius

325 523 531 582 tradit.
579 521 779 598 ipsum
799 521 1068 600 Pegasus
1089 525 1334 581 secutus
1354 524 1463 594 est,
1482 523 1584 599 qui
1604 521 1981 597 temporibus
1998 521 2405 597 Vespasiani

325 610 670 686 praefectus
735 610 872 670 urbi
933 610 1053 670 fuit
1110 602 1346 692 (Pomp.
1392 608 1433 686 ἓ
1470 603 1614 688 53),
1680 629 1799 687 qua
1861 629 1925 670 re
1991 629 2406 688 quamquam

324 699 649 759 Proculum
686 699 794 758 illa
832 701 1032 759 aetate
1070 699 1394 760 decessisse
1430 718 1550 758 non
1585 699 1899 776 probatur,
1944 701 2154 761 tamen
2192 699 2404 760 illum

324 789 478 848 iuris
525 789 887 866 consultum,
933 788 1031 847 cui
1067 788 1395 848 Dasumius
1441 788 1507 846 in
1541 789 1905 848 testamento
1946 807 1995 848 a.
2030 790 2162 848 108
2204 789 2402 850 facto

325 879 600 954 legatum
645 876 893 955 reliquit
939 868 1170 958 (Bruns
1211 878 1361 936 font.
1400 897 1455 952 p.
1490 868 1677 958 271),
1730 896 1838 953 pro
1884 880 2090 936 nostro
2142 878 2400 938 habere

326 967 426 1027 vix
473 967 619 1025 licet
667 957 979 1047 (Karlowa
1023 965 1080 1041 Ι,
1131 957 1306 1045 690).

506 1055 797 1114 Proculus
833 1073 988 1115 novo
1027 1073 1192 1114 more
1229 1054 1509 1114 similiter
1546 1056 1727 1130 atque
1764 1054 2068 1113 Masurius
2098 1053 2398 1116 Sabinus

326 1144 572 1205 videtur
616 1143 711 1202 ius
760 1143 1049 1203 docuisse.
1133 1161 1280 1219 quos
1329 1143 1633 1202 auditores
1680 1143 1985 1220 habuerit,
2030 1143 2397 1221 nescimus3

326 1234 473 1292 licet
509 1235 713 1292 tamen
749 1229 1016 1291 conicere
1048 1231 1207 1290 inter
1243 1250 1347 1292 eos
1377 1231 1793 1307 Sempronium
1821 1231 2134 1308 Nepotem,
2165 1231 2397 1292 Licin-

328 1322 495 1382 nium
531 1321 878 1395 Lucustam,
927 1320 1286 1380 Atilicinum
1324 1320 1528 1381 fuisse.
1606 1322 1682 1380 cf.
1720 1320 1994 1398 Krueger
2040 1340 2096 1400 p.
2134 1323 2280 1381 154
2328 1327 2398 1382 et

327 1411 486 1470 infra
529 1431 588 1487 p.
619 1413 762 1470 105.

508 1499 798 1558 Proculus
847 1501 909 1557 et
952 1501 1184 1558 veteres
1231 1499 1396 1576 leges
1441 1497 1877 1576 interpretatus
1923 1501 2032 1575 est,
2078 1497 2208 1559 scil.
2254 1499 2395 1558 XII

330 1588 678 1648 tabularum
741 1579 902 1669 (Grai.
953 1589 1012 1665 4,
1061 1590 1162 1647 79.
1217 1587 1291 1649 D.
1342 1589 1443 1663 22,
1494 1589 1550 1662 1,
1594 1581 1731 1664 19),
1795 1587 1990 1664 legem
2053 1586 2393 1664 Aquiliam

331 1671 434 1754 (D.
467 1680 525 1754 9,
556 1679 614 1753 2,
648 1679 747 1735 27.
799 1679 855 1752 9,
888 1678 945 1754 2,
976 1679 1078 1752 29,
1111 1678 1299 1736 1—3.
1348 1667 2028 1756 0011.12,7,8—10),
2092 1673 2394 1737 Cinciam

334 1758 500 1848 (Vat.
530 1766 606 1825 fr.
636 1760 811 1842 266),
848 1765 1178 1824 Falcidiam
1215 1759 1317 1843 (D.
1340 1767 1443 1840 35,
1465 1767 1525 1840 2,
1546 1766 1732 1838 45,1.
1770 1764 1843 1824 cf.
1866 1765 1933 1824 D.
1958 1767 2059 1840 35,
2084 1767 2140 1836 2,
2168 1767 2226 1841 1,
2258 1759 2391 1848 14)

333 1859 396 1915 et
453 1872 666 1930 novas,
723 1854 847 1914 scil.
892 1855 1089 1930 legem
1135 1854 1353 1912 Iuliam
1410 1853 1481 1912 de
1535 1853 1773 1912 iudiciis
1820 1853 2073 1930 privatis
2122 1844 2229 1934 (D.
2272 1858 2389 1934 50,

338 1947 436 2019 16,
476 1946 535 2003 4.
582 1943 654 2003 cf.
701 1942 888 2002 Lenel
932 1942 1125 2003 Edict.
1173 1964 1226 2019 p.
1259 1933 1394 2025 45),
1440 1941 1692 2019 Papiam
1726 1941 2067 2019 Poppaeam
2115 1937 2220 2021 (D.
2269 1946 2387 2019 35,

337 2036 395 2108 2,
437 2036 493 2111 1,
535 2026 720 2110 137),
782 2032 1020 2091 Aeliam
1067 2031 1337 2091 Sentiam
1384 2022 1484 2113 (D.
1525 2034 1627 2109 40,
1668 2034 1726 2107 9,
1768 2036 1825 2109 7,
1868 2024 1954 2111 1),
2008 2049 2119 2090 nec
2165 2034 2385 2093 minus

337 2122 873 2198 senatusconsulta,
920 2140 1008 2179 ex.
1036 2140 1127 2198 gr.
1156 2124 1218 2180 et
1251 2120 1317 2179 id
1342 2120 1505 2197 quod
1531 2120 1604 2179 de
1631 2121 1952 2180 usufructu
1981 2114 2084 2201 (D.
2117 2122 2174 2189 7,
2206 2123 2271 2197 5,
2304 2116 2385 2203 3)

336 2215 398 2270 et
435 2210 596 2288 quod
632 2210 956 2285 Pomponio
996 2213 1058 2268 et
1092 2209 1255 2269 Rufo
1300 2209 1645 2269 consulibus
1674 2228 1723 2268 a.
1754 2230 1810 2285 p.
1841 2208 1979 2268 Chr.
2015 2211 2096 2268 17
2134 2210 2384 2271 factum

338 2302 432 2359 est
475 2291 720 2379 (Collat.
753 2300 854 2375 15,
884 2300 941 2371 2,
976 2300 1031 2360 1.
1078 2298 1151 2359 D.
1181 2301 1284 2373 49,
1316 2301 1417 2371 15,
1449 2301 1484 2358 7
1504 2295 1639 2378 pr.).

515 2387 754 2447 Iudicat
788 2390 1118 2465 praeterea,
1156 2387 1301 2465 quid
1340 2379 1642 2446 ‘maiores’
1679 2388 2005 2446 statuerint
2042 2377 2143 2465 (D.
2177 2388 2285 2461 24,
2320 2392 2382 2465 1,

343 2478 445 2554 31,
488 2468 574 2558 7).
668 2476 772 2536 sed
828 2474 897 2545 Q.
941 2475 1126 2535 Mucii
1181 2476 1245 2534 in
1300 2476 1656 2553 fragmentis
1712 2494 1863 2552 quae
1920 2477 2161 2534 servata
2228 2485 2382 2536 sunt

339 2584 640 2643 nusquam
711 2566 936 2625 mentio
1008 2564 1106 2640 fit,
1180 2564 1456 2641 quamvis
1528 2564 1591 2622 in
1660 2562 1975 2640 Pomponii
2046 2563 2219 2623 libris
2296 2565 2380 2623 ad

343 2653 408 2725 Q.
451 2655 718 2714 Mucium
763 2654 1002 2732 scriptis
1047 2653 1175 2731 ipse
1219 2671 1651 2731 nonnunquam
1696 2651 1996 2712 laudetur.
2073 2655 2140 2712 at
2196 2654 2379 2713 affert

343 2743 540 2806 Servii
620 2744 938 2821 probatam
1009 2742 1370 2802 sententiam
1444 2736 1547 2821 (D.
1593 2744 1707 2818 41,
1762 2744 1826 2813 1,
1876 2744 1957 2801 26
1982 2732 2104 2821 pr.)
2186 2745 2377 2818 atque

345 2829 590 2891 Ofilium
618 2850 1042 2907 nonnunquam
1071 2834 1313 2890 secutus
1342 2834 1435 2889 est
1465 2822 1621 2909 (Gai.
1642 2832 1701 2905 3,
1720 2831 1863 2889 140.
1892 2830 1964 2888 D.
1989 2832 2045 2907 2,
2070 2834 2125 2907 1,
2149 2832 2255 2909 11,
2276 2825 2374 2911 2);

343 2920 494 2978 item
541 2918 894 2978 Trebatium
941 2911 1042 2999 (D.
1075 2921 1176 2995 11,
1207 2922 1264 2995 7,
1297 2920 1396 2991 14,
1433 2923 1529 2978 11.
1580 2920 1681 2996 35,
1715 2922 1769 2990 1,
1799 2921 1902 2994 40,
1934 2910 2029 3000 5),
2084 2938 2265 2995 quem
2310 2921 2376 2978 in

346 3007 482 3067 aliis
537 3006 786 3083 reliquit
839 3002 940 3086 (D.
981 3008 1082 3081 30,
1124 3009 1269 3080 200,
1310 3008 1365 3067 3.
1416 3008 1519 3083 33,
1559 3010 1615 3083 6,
1658 3010 1758 3068 15.
1802 3008 1875 3069 cf.
1914 3008 1986 3069 D.
2018 3009 2120 3083 28,
2150 3010 2210 3085 5,
2245 3004 2374 3087 70).

525 3094 821 3154 Labeonis
859 3114 1094 3171 quoque
1133 3095 1460 3155 sententias
1499 3096 1651 3155 alias
1688 3096 1967 3171 probavit
2000 3088 2103 3175 (D.
2136 3098 2240 3173 32,
2270 3100 2375 3158 86.

351 3188 405 3261 7,
447 3186 506 3261 8,
547 3186 648 3255 12,
689 3188 743 3247 1.
793 3182 921 3243 Gai.
953 3187 1010 3257 2,
1041 3185 1188 3244 231.
1233 3185 1305 3245 D.
1338 3187 1395 3257 9,
1427 3188 1485 3262 2,
1516 3187 1617 3260 29,
1647 3188 1703 3243 3.
1756 3187 1989 3261 37,14,
2023 3176 2164 3267 10),
2222 3186 2373 3246 alias

345 3274 552 3333 reiecit
615 3264 717 3354 (D.
767 3276 868 3345 29,
919 3276 975 3351 2,
1025 3276 1124 3334 60.
1184 3276 1242 3347 8,
1281 3277 1339 3346 3,
1380 3276 1483 3335 34.
1540 3276 1644 3353 50,
1684 3276 1783 3347 16,
1828 3277 1970 3334 116.
2028 3276 2133 3350 41,
2174 3278 2231 3351 1,
2272 3277 2373 3335 28.

347 3362 486 3421 Vat.
523 3363 595 3421 fr.
638 3365 695 3421 1.
742 3361 811 3421 D.
855 3364 953 3435 12,
992 3365 1051 3440 4,
1096 3356 1206 3443 15)
1261 3364 1361 3423 vel
1405 3366 1647 3422 tantum
1691 3379 1827 3421 cum
1872 3364 2221 3439 exceptione
2268 3364 2373 3423 ad-

347 3450 514 3511 misit
572 3443 674 3530 (D.
717 3453 817 3529 17,
857 3454 912 3523 2,
956 3454 1055 3523 65,
1095 3453 1151 3510 5.
1202 3454 1260 3525 3,
1302 3454 1358 3529 5,
1400 3455 1457 3529 9,
1499 3456 1553 3510 1.
1604 3451 1705 3527 35,
1747 3453 1804 3525 1,
1842 3453 1943 3511 69.
1992 3451 2063 3511 cf.
2102 3452 2173 3511 D.
2216 3454 2274 3529 7,
2314 3454 2372 3527 8,

352 3542 415 3614 2,
464 3544 525 3601 1.
566 3543 711 3615 4pr.
770 3542 871 3615 29,
911 3542 978 3617 2,
1019 3542 1206 3616 62pr.
1256 3542 1366 3616 32,
1408 3542 1552 3615 100,
1593 3531 1693 3618 3);
1756 3538 1903 3597 item
1958 3540 2192 3599 Nervae
2242 3559 2370 3600 sen·
