2575 3900
405 236 537 300 562
1134 231 1692 288 ‘ADDITAMENTA.

701 416 777 482 Si
820 417 975 498 quid
1016 417 1089 480 in
1129 416 1419 497 fraudem
1453 416 1712 498 patroni
1751 415 1991 496 factum
2025 418 2138 482 sit.

596 542 739 606 167.
831 539 1075 606 Incerti
1121 541 1407 604 auctoris
1443 539 1674 624 fragm.
1713 539 1791 603 de
1827 539 2119 605 formula
2159 539 2482 604 Fabiana
2544 575 2545 580 κ

412 629 709 718 (Collect.
758 629 901 695 libr.
946 628 1047 694 III
1093 652 1153 713 p.
1194 629 1372 714 299).
1421 666 1506 676 --
1555 679 1568 692 .
1598 679 1611 693 .
1643 680 1658 694 .
1694 633 1845 692 sunt
1883 631 1995 713 qui
2033 637 2288 693 contra
2333 652 2477 693 sen-

412 721 650 804 (fiunt,
699 719 851 804 quia
896 718 1056 782 haec
1105 718 1273 783 actio
1323 741 1400 782 ex
1437 719 1813 801 con>tractu
1860 721 2043 782 venit
2079 722 2154 780 et
2189 741 2360 782 cum
2401 740 2475 782 eo

411 809 858 889 contrahetur,
912 808 1109 890 <licet
1164 808 1257 872 ita
1303 807 1744 891 concipi>atur
1796 807 2079 871 formula
2131 811 2347 890 quasi
2398 829 2472 871 ex

411 899 645 964 delicto
693 897 942 961 venerit
987 896 1227 961 liberti.

590 1001 663 1060 ef.
709 1019 768 1074 p.
815 999 961 1058 244.
2544 955 2545 1040 l

611 1161 712 1226 De
754 1162 1044 1226 bonorum
1079 1162 1459 1243 possessione
1493 1182 1569 1226 ex
1614 1165 1960 1225 testamento
2007 1160 2256 1226 militas.

596 1287 740 1352 168.
833 1285 911 1350 D.
951 1286 1055 1368 29,
1094 1288 1152 1364 1,
1196 1287 1298 1367 17,
1335 1286 1395 1349 4.
1490 1283 1690 1349 Gaius
1729 1284 1893 1348 libro
1923 1285 2158 1368 quinto
2202 1285 2456 1350 decimo

416 1376 498 1442 ad
545 1376 823 1441 edictum
881 1374 1297 1458 provinciale.
1349 1410 1430 1422 -
1481 1372 1550 1438 Si
1615 1374 1798 1437 miles
1861 1376 2347 1439 testamentum
2391 1376 2454 1439 in
2544 1451 2545 1454 Ἴ

415 1466 654 1530 militia
701 1464 944 1547 fecerit,
982 1463 1315 1528 codicillos
1352 1467 1506 1548 post
1544 1462 1845 1527 militiam
1883 1467 1950 1526 et
1983 1463 2166 1526 intra
2207 1487 2452 1528 annum
2544 1503 2545 1548 3

416 1554 747 1620 missionis
803 1553 1136 1635 moriatur,
1183 1551 1506 1635 plerisque
1551 1551 1768 1636 placet
1812 1551 1882 1615 in
1917 1550 2244 1616 codicillis
2297 1553 2448 1617 iuris

417 1644 625 1709 civilis
664 1642 957 1727 regulam
996 1640 1273 1725 spectari
1311 1641 1562 1722 debere,
1598 1641 1752 1724 quia
1787 1661 1920 1704 non
1968 1646 2118 1704 sunt
2160 1663 2203 1704 a
2242 1643 2446 1706 milite

414 1733 590 1814 facti,
636 1753 754 1796 nec
800 1731 880 1795 ad
937 1752 1072 1794 rem
1118 1730 1465 1813 pertinere,
1521 1729 1691 1815 quod
1753 1732 2152 1794 testamento
2221 1731 2446 1795 confir·

416 1823 576 1886 mati
624 1825 791 1885 sunt.

1192 1908 1360 1976 Unde
1405 1907 1676 1992 leyitimi.

599 2033 743 2099 169.
835 2030 971 2095 Gai.
1020 2032 1080 2116 3,
1126 2032 1208 2096 27
1234 2055 1330 2117 sq.
1378 2070 1461 2079 -
1509 2032 1808 2116 Agnatos
1857 2083 1870 2095 .
1897 2080 1916 2094 .
1973 2031 2192 2115 capite
2252 2032 2444 2097 demi·
2544 2062 2545 2065 ¹

420 2128 614 2190 nutos
680 2143 811 2187 non
868 2121 1143 2185 secundo
1211 2121 1417 2203 gradu
1483 2124 1637 2205 post
1707 2142 1858 2185 suos
1923 2119 2194 2185 heredes
2263 2126 2445 2187 vocat

420 2212 535 2297 (sc.
578 2205 891 2296 praetor),
944 2261 957 2273 .
990 2260 1003 2273 .
1033 2260 1047 2273 .
1105 2208 1215 2273 sed
1274 2210 1468 2274 tertio
1523 2208 1963 2293 proximitatis
2017 2210 2288 2273 nomine
2349 2260 2364 2275 .
2392 2263 2442 2275 ..

418 2304 641 2385 itaque
700 2299 754 2362 si
812 2297 955 2382 quis
1013 2298 1181 2362 alius
1238 2299 1328 2370 sit
1380 2299 1489 2383 qui
1547 2300 1872 2383 integrum
1924 2298 2023 2362 ius
2071 2300 2442 2381 agnationis

418 2389 706 2474 habebit,
750 2388 805 2452 is
853 2387 1069 2471 potior
1106 2388 1246 2472 erit,
1294 2388 1488 2452 etiam
1539 2388 1594 2451 si
1630 2388 1932 2490 longiore
1980 2388 2186 2471 gradu
2233 2386 2442 2452 fuerit.

418 2478 637 2543 idem
618 2477 777 2542 luris
806 2481 922 2555 est,
953 2479 1027 2539 ut
1056 2477 1317 2561 quidam
1346 2480 1597 2561 putant,
1626 2476 1696 2540 in
1725 2479 1864 2540 eius
1894 2477 2117 2561 agnati
2143 2497 2444 2561 persona,

420 2569 531 2653 qui
567 2566 863 2652 proximo
893 2573 1134 2650 agnato
1164 2566 1502 2630 omittente
1531 2565 1962 2651 hereditatem
1989 2562 2194 2630 nihilo
2237 2568 2441 2651 magis

420 2660 557 2723 iure
610 2656 903 2741 legitimo
965 2655 1349 2719 admittitur.
1441 2654 1552 2718 sed
1609 2659 1760 2719 sunt
1814 2655 1922 2737 qui
1977 2656 2221 2736 putant
2279 2654 2442 2720 hunc

422 2748 644 2813 eodem
704 2744 908 2831 gradu
953 2766 991 2808 a
1035 2748 1330 2827 praetore
1374 2743 1612 2827 vocari,
1657 2765 1783 2827 quo
1831 2742 2029 2806 etiam
2071 2763 2190 2826 per
2235 2743 2440 2829 legem
2544 2812 2545 2831 χ

423 2835 679 2919 agnatis
727 2832 1049 2897 hereditas
1100 2831 1304 2897 datur.
2544 2832 2545 2837 ’

707 3010 1092 3075 Testamenta
1137 3031 1312 3092 quem
1357 3012 1444 3075 ad
1477 3011 1726 3075 modum
1769 3011 2149 3092 aperiantur.

606 3134 747 3199 170.
841 3132 917 3197 D.
973 3132 1077 3217 50,
1137 3137 1195 3213 1,
1240 3134 1300 3198 5.
1390 3134 1627 3199 Paulus
1685 3133 1852 3198 libro
1906 3133 2436 3218 quadragensimo
2544 3206 2545 3213 χ

425 3224 648 3309 quinto
688 3223 767 3286 ad
814 3221 1108 3287 edictum.
1162 3259 1237 3269 —
1270 3222 1488 3287 Labeo
1517 3223 1760 3287 indicat
1797 3244 1962 3305 eum,
1998 3222 2107 3305 qui
2152 3223 2434 3306 pluribus

424 3314 586 3378 locis
625 3333 701 3374 ex
746 3330 947 3391 aequo
976 3312 1363 3394 negotietur,
1402 3332 1723 3394 nusquam
1759 3310 2154 3375 domicilium
2190 3309 2431 3376 habere.
2544 3376 2545 3381 ,

428 3399 741 3484 quosdam
808 3401 1021 3459 autem
1080 3398 1287 3461 dicere
1342 3398 1540 3461 refert
1594 3399 1886 3481 pluribus
1952 3399 2110 3463 locis
2157 3420 2304 3462 eum
2347 3401 2430 3463 in-
2544 3444 2545 3449 κ

428 3486 636 3551 colam
687 3505 825 3547 esse
873 3486 985 3565 aut
1030 3482 1425 3548 domicilium
1470 3486 1725 3549 habere.

607 3596 679 3654 cf.
724 3594 895 3652 Paul.
942 3590 1101 3650 Sent.
1149 3595 1209 3669 4,
1258 3596 1315 3668 6,
1363 3596 1421 3651 2.
