2575 3900
977 210 1028 259 4.
1065 202 1418 258 PLAUTIUS
2075 204 2204 267 219

770 425 1230 503 Digestorum
1273 414 1381 506 (22)
1429 424 1622 484 libri.

366 550 457 609 De
513 548 738 608 Plautii
792 567 969 624 opere
1033 569 1087 609 v.
1132 548 1394 607 Ferrinit
1449 549 1510 608 Z.
1557 548 1612 607 d.
1651 547 1906 608 Save-St.
1951 548 2072 607 VII
2099 550 2202 625 86,

182 638 385 697 fusius
438 638 793 697 Bendiconti
848 637 944 697 del
998 638 1067 697 R.
1116 636 1267 696 istit.
1311 637 1522 696 Lomb.
1561 656 1687 697 ser.
1724 635 1788 696 II
1841 637 1957 697 vol.
1995 636 2204 697 XVIII

180 730 251 787 et
296 726 656 786 Biccobono:
702 725 1035 785 Bullettino
1081 725 1220 785 dell'
1250 725 1493 785 Istituto
1538 725 1628 783 VI
1660 728 1802 786 119.

362 813 577 891 Operis
623 832 659 872 a
703 814 939 874 Plautio
986 813 1300 889 compositi
1345 818 1406 873 et
1451 815 1793 890 argumenti
1839 817 1900 874 et
1943 814 2201 873 nominis

180 908 251 963 et
295 903 587 963 librorum
630 902 865 961 numeri
909 902 1195 961 memoria
1232 902 1492 963 evanuit.
1563 896 1659 963 ‘ex
1693 898 1959 962 Plautio'
1997 906 2201 961 autem

186 992 558 1067 scripserunt
602 991 887 1067 Traiane,
938 995 1011 1050 ut
1054 991 1323 1050 conicere
1367 991 1524 1067 licet,
1570 992 1836 1068 principe
1881 991 2202 1051 Iavolenus

184 1081 429 1140 Priscus
490 1080 677 1139 libros
722 1078 776 1135 V
836 1072 931 1161 (P.
958 1070 1377 1160 ‚142-159),
1429 1079 1762 1156 Hadriano,
1815 1084 1887 1139 ut
1939 1080 2200 1156 videtur,

183 1169 453 1245 principe
489 1168 774 1227 Neratius
818 1168 1056 1239 Priscus
1103 1168 1334 1244 aliquot
1377 1168 1562 1227 libros
1597 1164 1692 1247 (P.
1726 1159 1858 1248 64),
1896 1167 2200 1228 Antonino

184 1258 294 1317 Pio
352 1258 455 1317 vel
515 1256 681 1318 Divis
744 1256 1035 1315 fratribus
1098 1254 1460 1332 Pomponius
1523 1257 1708 1315 libros
1763 1257 1883 1316 VII
1937 1252 2029 1336 (P.
2069 1260 2196 1319 326

181 1349 358 1406 -—-37
369 1337 455 1426 1),
492 1345 743 1423 denique
782 1338 879 1404 ‘ad
916 1337 1248 1404 Plautium'
1283 1345 1474 1403 Iulius
1511 1345 1734 1404 Paulus
1770 1348 2044 1423 tempore
2079 1364 2200 1407 non

182 1434 334 1493 satis
388 1435 695 1509 explorato
743 1432 932 1493 libros
977 1432 1183 1492 XVIII
1229 1425 1326 1513 (P.
1367 1428 1849 1515 1071—1247).
1869 1430 1890 1465 ²
1983 1436 2199 1512 quibus

184 1522 464 1599 operibus
512 1522 903 1581 Tribonianus
948 1522 1013 1580 in
1056 1522 1477 1597 componendis
1521 1522 1693 1583 novis
1739 1523 2004 1601 Digestis
2051 1538 2198 1584 usus

178 1614 303 1689 est,
356 1610 617 1686 exceptis
661 1610 894 1670 Neratii
935 1610 1135 1689 libris,
1181 1630 1431 1687 quorum
1476 1610 1594 1669 nisi
1638 1611 1702 1669 in
1745 1610 1988 1687 Ulpiani
2034 1613 2196 1692 Prag-

181 1702 387 1759 mento
436 1718 555 1758 uno
602 1690 701 1781 (D.
744 1702 801 1775 8,
842 1701 899 1772 3,
938 1700 997 1775 5,
1036 1690 1103 1780 1)
1149 1699 1371 1759 mentio
1417 1718 1536 1758 non
1581 1699 1667 1757 fit.
1738 1700 1970 1776 reliqua
2015 1720 2198 1777 opera

177 1788 367 1847 etiam
411 1789 473 1845 in
518 1792 832 1847 auctorum
876 1787 1069 1846 indice
1105 1788 1491 1846 nominantur
1528 1780 1867 1869 (‘Iavolenu
1903 1788 1979 1847 ad
2019 1790 2197 1849 Plau-

178 1876 336 1935 tium
372 1875 571 1955 βιβλία
604 1870 814 1937 πέντε’.
880 1870 1273 1954 ‘Hopmvlou
1313 1876 1388 1934 ad
1425 1876 1734 1935 Plautium
1769 1876 1970 1956 βιβλία
2004 1874 2148 1937 ἑπτά
2159 1873 2196 1938 ’.

180 1959 459 2025 τΠαύλου
507 1965 584 2024 ad
629 1965 933 2025 Plautium
976 1965 1177 2044 βιβλία
1220 1957 1584 2046 δέκαοκτώ’).

360 2055 448 2112 De
500 2054 792 2114 librorum
856 2055 933 2114 ad
976 2055 1288 2114 Plautium
1342 2054 1415 2112 iis
1468 2055 1820 2131 fragmentis
1874 2055 2196 2117 videndum

175 2146 300 2218 est,
355 2143 573 2219 quibus
627 2161 747 2202 non
797 2142 1017 2202 diserte
1065 2144 1160 2202 vel
1205 2143 1352 2202 satis
1399 2145 1558 2202 certe
1604 2139 1830 2202 Plautii
1873 2145 2058 2204 verba
2102 2161 2196 2204 ex-

178 2232 523 2307 primuntur
600 2231 787 2308 idque
858 2234 1155 2308 quatenus
1196 2231 1497 2307 'priorum
1566 2231 1716 2290 iuris
1787 2234 2196 2294 consultorum

177 2320 407 2380 mentio
452 2320 575 2379 fiat.

357 2408 559 2484 Atque
613 2407 850 2467 Neratii
901 2409 1308 2484 fragmentum
1361 2427 1548 2466 unum
1600 2407 1754 2466 illud
1809 2408 1882 2467 ab
1937 2408 2196 2484 Ulpiano

180 2498 433 2556 allatum
484 2499 575 2556 ita
625 2496 896 2557 redditur
950 2491 1048 2574 (D.
1088 2496 1146 2574 8,
1186 2499 1243 2571 3,
1284 2499 1341 2571 5,
1383 2489 1475 2576 l):
1537 2491 1844 2555 ‘Neratius
1899 2497 2070 2556 libris
2125 2517 2196 2558 ex

180 2586 420 2645 Plautio
466 2586 555 2644 ait
583 2632 598 2646 .
631 2628 647 2644 .
674 2629 687 2646 .
718 2589 778 2644 et
822 2584 933 2644 hoc
970 2583 1294 2644 Proculum
1337 2587 1400 2643 et
1436 2583 1787 2643 Atilicinum
1827 2585 2195 2645 existimasse

173 2668 543 2753 (Plautius)
588 2675 690 2734 ait.
774 2673 879 2734 sed
922 2674 1048 2749 ipse
1095 2666 1279 2732 dicit'.

356 2762 430 2820 In
492 2762 759 2822 Iavolcni
817 2761 1173 2838 fragmentis
1234 2761 1384 2820 iuris
1456 2761 1866 2820 consultorum
1929 2762 2196 2836 priorum

176 2871 352 2911 nemo
416 2851 725 2928 laudatur,
787 2851 889 2911 sed
952 2850 1097 2909 haec
1148 2851 1388 2908 tantum
1441 2850 1753 2925 leguntur:
1818 2843 2195 2927 ‘responsum

177 2935 295 3000 est'
352 2933 453 3018 (D.
482 2942 588 3016 41,
616 2942 675 3017 4,
704 2932 906 3020 4pr.)‚
961 2932 1096 2998 ‘ait'
1149 2939 1384 2999 nomine
1441 2937 1658 2996 omisso
1706 2930 1807 3018 (D.
1841 2940 1942 3014 12,
1973 2940 2028 3014 6,
2058 2935 2194 3019 46).

354 3028 427 3087 In
481 3027 796 3104 Pomponii
857 3028 1213 3102 fragmentis
1277 3028 1423 3086 haec
1481 3027 1891 3087 inveniuntur:
1956 3023 2193 3088 ‘Ofilius

174 3112 402 3177 aiebat’
431 3109 532 3198 (D.
562 3119 666 3195 40,
693 3119 754 3194 4,
783 3109 996 3197 4o,1),
1025 3110 1249 3175 ‘Labeo
1280 3110 1388 3175 ait’
1417 3105 1644 3198 (1),-22,
1666 3119 1722 3194 2,
1745 3119 1804 3178 2.
1832 3119 1935 3190 31,
1958 3119 2034 3176 11
2055 3113 2194 3197 pr.),

324 3293 350 3341 1
385 3286 491 3340 ‘Ex
518 3284 765 3339 Plautio'
800 3286 1139 3340 denotantur
1165 3283 1236 3337 ab
1266 3285 1505 3352 Ulpiano
1531 3284 1663 3340 libri
1692 3284 1928 3352 Neratii,
1955 3287 2200 3355 plerum-

175 3373 285 3426 que
330 3355 585 3412 Iavoleni
642 3372 863 3425 quoque
919 3358 977 3409 et
1020 3352 1320 3424 Pomponii
1371 3355 1643 3424 (exceptis
1689 3356 1925 3426 singulis
1971 3361 2193 3411 tantum

179 3427 263 3482 fra
306 3426 511 3483 mentis
546 3427 611 3482 D.
641 3431 727 3494 45,
757 3429 807 3493 8,
835 3431 903 3480 34
942 3426 1257 3481 ‘Iavolenus
1303 3423 1449 3478 libro
1496 3427 1737 3480 secundo
1774 3427 1847 3482 ad
1884 3427 2190 3483 Plautium'

180 3501 238 3552 et
334 3505 427 3567 .7‚
460 3505 507 3565 1,
536 3501 606 3552 49
663 3497 1022 3567 ‘Pomponius
1075 3495 1221 3550 libro
1268 3495 1508 3565 septimo
1554 3497 1627 3550 ad
1674 3493 2033 3568 Plautium'),
2099 3499 2195 3553 ‘ad

179 3568 487 3625 Plautinm'
529 3585 659 3625 vero
696 3567 902 3637 ubique
938 3567 1101 3622 Pauli
1135 3565 1284 3622 libri.
