2575 3900
369 191 501 256 294
572 189 639 244 V.
676 187 970 244 NERVAE
1009 186 1101 241 ET
1137 186 1440 241 TRAIANI
1477 185 1687 242 TEMP.
1727 185 1917 242 IURIS
1953 185 2314 241 CONSULTI

548 356 622 414 In
664 355 900 414 Neratii
952 355 1287 432 fragmento
1345 355 1501 432 quod
1552 372 1743 414 unum
1799 353 2021 414 diserte
2072 353 2166 413 his
2210 353 2386 414 libris

371 444 751 516 attribuitur,
803 443 1131 503 laudantur
1174 441 1463 502 Proculus
1513 447 1574 502 et
1615 442 1966 520 Atilicinus,
2022 461 2276 520 quorum
2321 443 2388 500 in

368 532 685 610 Pomponii
754 531 1107 611 fragmentis
1178 550 1509 609 nunquam,
1583 531 1820 607 saepius
1893 532 2053 608 apud
2126 529 2387 590 Paulum

369 621 595 681 mentio
632 621 703 680 fit
739 614 838 701 (de
867 620 1118 680 Proculo
1148 640 1203 680 v.
1232 619 1298 679 P.
1330 622 1516 680 1101.
1549 622 1738 680 1118.
1774 621 1960 698 1156,
1997 619 2068 679 de
2096 618 2384 680 Atilicino

368 709 434 770 P.
468 711 653 770 1081.
700 710 885 768 1114.
929 710 1145 770 11582.
1186 701 1415 788 1172),
1470 708 1575 785 qui
1629 711 1691 768 et
1735 702 2054 768 ‘veterum'
2096 727 2386 783 responsa

369 791 471 880 (D.
502 800 604 871 47,
637 800 695 877 2,
726 800 825 874 67,
856 801 891 855 2
942 797 1004 856 Ρ.
1039 798 1203 856 1141
1262 791 1516 857 ‘veteres
1561 789 2050 875 responderunt')
2103 797 2202 857 vel
2247 815 2384 857 con·

370 886 716 947 stitutiones
773 878 874 968 (D.
906 887 1009 964 45,
1041 889 1094 960 1,
1129 887 1205 944 61
1256 885 1322 944 P.
1356 887 1521 946 1289
1581 878 1834 945 ‘veteres
1888 879 2383 966 constituerunt')

369 975 594 1034 attulit.

1118 1074 1216 1140 De
1240 1075 1640 1142 servitutibus.

552 1204 606 1265 1.
661 1199 741 1265 D.
781 1202 839 1280 8,
878 1200 936 1281 3,
973 1199 1033 1279 5,
1074 1201 1131 1264 1.
1221 1198 1538 1283 Ulpianus
1594 1198 1761 1263 libro
1813 1198 2087 1283 septimo
2133 1198 2382 1262 decimo

372 1290 451 1354 ad
490 1289 768 1353 edictum
806 1287 905 1373 (P.
934 1286 1141 1374 596⁶).
1184 1324 1259 1333 —
1311 1337 1325 1351 .
1356 1336 1371 1351 .
1399 1335 1415 1352 .
1443 1285 1754 1352 Neratius
1789 1286 1972 1352 libris
2009 1309 2088 1352 ex
2125 1286 2383 1351 Plautio

370 1379 466 1441 ait
540 1399 657 1442 nec
720 1377 1025 1441 haustum
1088 1397 1205 1441 nec
1269 1376 1610 1460 appulsum
1673 1375 1924 1459 pecoris
1991 1396 2108 1440 nec
2170 1379 2383 1440 cretae

372 1465 741 1530 eximendae
806 1465 1121 1548 calcisque
1186 1464 1551 1549 coquendae
1615 1464 1714 1528 ius
1781 1486 1972 1550 posse
2035 1465 2104 1528 in
2168 1463 2380 1528 alieno

370 1574 535 1638 esse,
592 1553 716 1617 nisi
769 1553 1035 1617 fundum
1090 1553 1374 1619 vicinum
1418 1552 1706 1638 habenti;
1762 1559 1828 1617 et
1872 1552 1995 1618 hoc
2038 1551 2382 1617 Proculum

371 1646 437 1706 et
499 1642 873 1706 Atilicinum
942 1641 1342 1706 existimasse
1408 1639 1784 1725 (Plautius)
1847 1642 1956 1706 ait.
2067 1640 2179 1704 sed
2242 1641 2381 1724 ipse

370 1730 544 1811 dicit,
591 1735 663 1793 ut
707 1732 982 1795 maxime
1019 1730 1214 1795 calcis
1251 1728 1619 1813 coquendae
1659 1734 1724 1793 et
1761 1734 1970 1794 cretae
2008 1728 2383 1794 eximendae

370 1819 645 1883 servitus
693 1818 998 1883 constitui
1042 1818 1277 1902 possit,
1331 1839 1461 1883 non
1507 1816 1680 1881 ultra
1724 1839 1941 1901 posse,
1985 1838 2179 1902 quam
2226 1839 2379 1903 qua·

369 1911 555 1972 tenus
604 1907 682 1972 ad
732 1928 878 1971 eum
923 1907 1135 1990 ipsum
1181 1905 1444 1971 fundum
1497 1927 1657 1997 opus
1706 1907 1809 1972 sit.

956 2081 1054 2147 De
1096 2084 1392 2166 emptione
1433 2083 1786 2149 venditione.

547 2207 633 2271 2?
676 2206 752 2271 D.
778 2208 878 2291 18,
903 2210 957 2292 l,
976 2209 1058 2273 57
1076 2230 1170 2291 pr.
1225 2207 1466 2272 Paulus
1495 2206 1662 2271 libro
1691 2206 1917 2292 quinto
1947 2206 2029 2271 ad
2049 2205 2383 2271 Plautium

373 2293 472 2383 (P.
507 2292 723 2383 1116).
758 2333 832 2343 —
874 2296 1152 2362 Domum
1194 2297 1339 2380 emi,
1377 2318 1521 2361 cum
1559 2316 1704 2358 eum
1743 2299 1809 2358 et
1843 2315 1964 2380 ego
1994 2299 2060 2360 et
2086 2295 2384 2360 venditor

371 2384 772 2450 combustam
810 2387 1269 2470 ignoraremus,
1343 2382 1556 2448 Nerva
1593 2380 1870 2447 Sabinus
1910 2382 2173 2449 Cassius
2211 2383 2381 2447 nihil

369 2474 649 2558 venisse,
708 2474 997 2558 quamvis
1055 2495 1204 2538 area
1248 2477 1535 2556 maneat,
1587 2473 2050 2555 pecuniamque
2097 2472 2383 2537 solutam

370 2562 617 2628 condici
689 2584 880 2647 posse
954 2563 1151 2627 aiunt.
1262 2560 1371 2625 sed
1442 2561 1496 2624 si
1559 2581 1710 2642 pars
1777 2559 2002 2626 domus
2070 2564 2383 2642 maneret,

370 2650 679 2717 Neratius
745 2652 837 2715 ait
900 2651 1055 2735 <in>
1118 2650 1237 2715 hac
1293 2648 1668 2733 quaestione
1723 2649 1999 2713 multum
2051 2648 2381 2725 interesse,

368 2744 613 2825 quanta
663 2761 813 2822 pars
862 2738 1087 2804 domus
1134 2737 1428 2803 incendio
1476 2740 1853 2819 consumpta
1897 2734 2047 2819 (sit,
2093 2737 2381 2819 quanta>

374 2832 752 2912 permaneat
798 2829 916 2910 [ut,
962 2829 1014 2891 si
1062 2826 1318 2911 quidem
1364 2824 1641 2909 amplior
1685 2823 1910 2888 domus
1955 2846 2107 2907 pars
2155 2828 2382 2887 exusta

370 2919 486 2996 est,
532 2937 664 2979 non
711 2915 1132 2998 compellatur
1178 2919 1428 2997 emptor
1473 2912 1778 2995 perficere
1816 2913 2224 2995 emptionem,
2273 2910 2380 2975 sed

373 3004 567 3068 etiam
616 3002 782 3085 quod
830 3002 994 3066 forte
1042 3003 1323 3067 solutum
1371 3001 1450 3065 ab
1500 3023 1574 3065 eo
1625 3002 1730 3069 est,
1770 3000 2032 3083 repetit3
2078 2999 2181 3063 sin
2227 3020 2380 3063 vero

371 3092 473 3156 vel
514 3090 775 3154 dimidia
810 3112 961 3174 pars
1000 3091 1101 3155 vel
1140 3090 1348 3155 minor
1384 3112 1576 3174 quam
1614 3088 1878 3152 dimidia
1907 3090 2134 3152 exusta
2162 3086 2381 3170 fuerit,

370 3185 524 3244 tunc
598 3180 981 3244 coartandus
1049 3183 1147 3244 est
1210 3183 1460 3261 emptor
1522 3176 1956 3242 venditionem
2021 3175 2380 3258 adimplere

370 3268 814 3333 aestimatione
869 3268 991 3332 viri
1046 3268 1202 3331 boni
1257 3267 1570 3331 arbitratu
1624 3265 1876 3345 habita,
1941 3267 2015 3328 ut
2070 3263 2242 3348 quod
2301 3284 2383 3327 ex

369 3356 581 3440 pretio
636 3360 899 3439 propter
956 3355 1315 3420 incendium
1370 3354 1730 3419 decrescere
1784 3353 1981 3417 fuerit
2025 3352 2382 3436 inventum,

371 3443 453 3507 ab
499 3442 689 3507 huius
735 3446 1167 3528 praestatione
1214 3443 1561 3521 liberetur]

552 3536 895 3597 Triboniani
943 3556 1013 3595 ea
1058 3554 1186 3595 esse
1232 3554 1381 3610 quae
1425 3534 1592 3594 uncis
1639 3534 1854 3593 inclusi
1898 3535 2110 3610 negari
2152 3535 2388 3612 nequit.
