2575 3900
807 250 856 300 6.
900 242 1319 299 IAVOLENUS
1355 243 1649 299 PRISCUS
2098 243 2229 308 483

182 408 430 492 possit,
490 408 677 472 veluti
731 407 811 472 ‘si
863 409 1003 489 quis
1057 408 1128 472 in
1182 405 1557 490 Capitolium
1620 407 1975 485 ascenderit,
2034 408 2229 472 decem

197 497 364 561 dare
413 495 756 579 spondes?'‚
811 495 890 561 ‘si
945 497 1086 578 quis
1137 517 1181 560 a
1233 517 1331 560 me
1382 497 1577 561 decem
1619 496 1893 578 petierit,
1946 499 2032 560 tot
2080 497 2230 560 dare

199 584 553 666 spondessi’,
593 605 703 649 cur
737 605 863 649 non
899 586 1058 649 idem
1093 590 1152 650 et
1183 586 1256 649 in
1291 585 1424 650 dote
1438 586 1753 667 promissa
1777 585 2229 666 respondeatur,

198 675 377 738 ratio
420 674 596 738 reddi
640 694 766 738 non
797 678 1013 756 potest.

393 771 440 823 2.
500 761 699 827 Nulla
730 763 1062 844 promissio
1096 767 1296 844 potest
1336 763 1674 845 consistere,
1716 781 1872 845 quae
1908 782 1983 826 ex
2016 762 2227 827 volun·

203 855 334 916 tate
372 852 786 936 promittentis
829 856 1059 916 statum
1104 851 1284 934 capit.

788 1027 890 1094 De
931 1028 1246 1093 verborum
1292 1028 1668 1110 obliyatione.

394 1143 498 1208 55.
552 1143 628 1210 D.
655 1144 763 1226 46,
796 1146 852 1227 1,
877 1143 983 1208 42.
1073 1143 1417 1209 Iavolenus
1462 1141 1630 1207 libro
1676 1141 1919 1207 decimo
1965 1142 2230 1226 Epistu-

211 1231 449 1298 larum.
497 1268 580 1278 —
628 1231 704 1297 Si
747 1234 839 1297 ita
879 1233 1297 1314 fideiussorem
1331 1251 1637 1314 accepero:
1684 1229 1867 1313 ‘quod
1899 1251 2003 1314 eqo
2037 1233 2233 1297 decem

214 1321 449 1386 credidi
455 1369 473 1403 ,
527 1321 601 1385 de
652 1341 726 1385 ea
764 1322 1034 1404 pecunia
1076 1321 1246 1386 mille
1286 1322 1520 1386 modios
1564 1321 1755 1384 tritici
1795 1321 1916 1403 fide
1960 1327 2069 1386 tua
2111 1341 2233 1386 esse

212 1407 452 1474 iubes?
453 1459 471 1490 ,
533 1430 660 1474 non
720 1410 1024 1493 obliyatur
1083 1411 1424 1494 fideiussor,
1483 1409 1634 1491 quia
1695 1410 1767 1472 in
1828 1410 2023 1474 aliam
2083 1429 2230 1512 rem,

212 1517 402 1578 quarn
437 1518 596 1580 quae
628 1499 857 1563 eredita
893 1503 994 1580 est,
1027 1499 1349 1580 fideiussor
1372 1498 1631 1600 obliqari
1656 1507 1783 1562 non
1798 1497 2047 1582 potest[,
2082 1500 2232 1580 quia

213 1606 366 1688 non,
419 1591 492 1650 ut
542 1588 885 1652 aestimatio
929 1608 1138 1652 rerum
1181 1608 1338 1670 quae
1380 1587 1596 1651 merois
1638 1605 1893 1651 numero
1936 1586 2232 1652 habentur

215 1675 285 1738 in
334 1677 606 1757 pecunia
667 1681 994 1740 numerata
1054 1677 1195 1758 fieri
1243 1679 1470 1760 potest,
1531 1676 1625 1738 ita
1673 1675 1943 1756 pecunia
2001 1696 2232 1796 quoque

212 1783 404 1828 meree
446 1765 832 1829 aestimanda
875 1767 1007 1844 est].

391 1865 588 1926 Eisele
627 1867 691 1926 Z.
727 1867 783 1928 d.
821 1867 1071 1928 Sam-St.
1109 1867 1256 1927 XIII
1300 1888 1358 1943 p.
1392 1868 1533 1927 149.

865 2040 966 2106 De
1010 2041 1255 2107 iudiciis
1286 2039 1577 2124 privatis.

388 2155 493 2220 56.
547 2154 626 2221 D.
664 2155 725 2239 5,
768 2158 820 2238 1,
858 2156 962 2221 35.
1059 2155 1240 2220 Idem
1296 2153 1412 2242 (sc.
1466 2152 1837 2241 Iavolenus)
1894 2155 2060 2218 libro
2117 2152 2222 2217 de-

219 2243 381 2308 cimo
435 2242 900 2327 Epistularum.
956 2282 1032 2293 -
1092 2244 1239 2310 Non
1293 2245 1798 2326 quemadmodum
1847 2242 2229 2327 fideiussoris

219 2332 501 2414 obliyatio
553 2334 624 2396 in
669 2334 958 2414 pendenti
1001 2338 1200 2412 potest
1249 2353 1374 2398 esse
1420 2337 1479 2397 et
1518 2334 1611 2397 vel
1653 2334 1723 2397 in
1761 2333 2049 2411 futurum
2091 2351 2228 2396 oon-

221 2421 354 2504 oipi,
398 2422 491 2484 ita
535 2421 834 2485 iudicium
877 2422 948 2485 in
980 2422 1274 2504 pendenti
1296 2426 1496 2503 potest
1527 2440 1651 2486 esse
1684 2420 1776 2485 vel
1810 2422 1883 2486 de
1914 2420 2014 2485 his
2046 2420 2229 2485 rebus

220 2528 402 2590 quaeg¹
373 2506 630 2590 Tpostea
684 2510 755 2573 in
808 2510 1232 2612 obliqationem
1277 2510 1645 2574 adventurae
1688 2512 1847 2574 sunt.
1935 2529 2086 2572 nam
2128 2529 2229 2573 ne-

221 2598 442 2661 minem
455 2601 610 2699 puto
639 2597 1077 2681 dubitaturum,
1112 2600 1265 2679 quin
1287 2597 1609 2678 fideiussor
1635 2602 1777 2661 ante
1802 2596 2228 2679 obliyationem

228 2686 316 2749 rei
365 2686 564 2767 accipi
607 2687 829 2769 possit,
900 2687 1199 2751 iudicium
1250 2706 1413 2770 vero,
1466 2690 1793 2767 antequam
1846 2685 2086 2767 aliquid
2130 2686 2227 2750 de-

224 2774 444 2858 beatur,
489 2794 614 2838 non
650 2795 844 2856 posse.

672 2952 774 3017 De
816 2952 1190 3035 adquirendo
1232 2973 1441 3018 rerum
1485 2952 1772 3017 dominio.

392 3066 494 3132 57.
547 3066 627 3132 D.
664 3068 771 3150 46,
807 3068 867 3151 3,
906 3068 1007 3132 79.
1096 3066 1273 3132 Idem
1330 3063 1445 3155 (sc.
1491 3064 1863 3149 Iavolenus)
1908 3066 2073 3132 libro
2121 3066 2223 3131 de-

226 3156 383 3221 cimo
428 3155 892 3239 Epistularum.
934 3192 1010 3203 —
1053 3156 1410 3241 Pecuniam,
1454 3177 1641 3238 quam
1684 3156 1841 3220 mihi
1884 3156 2070 3236 debes,
2114 3160 2228 3221 aut

227 3245 412 3311 aliam
445 3266 574 3309 rem
608 3247 667 3311 si
702 3246 772 3311 in
806 3251 1116 3328 conspectu
1150 3266 1280 3311 meo
1305 3265 1534 3329 ponere
1570 3249 1623 3309 te
1648 3245 1907 3330 iubeam,
1942 3246 2227 3328 efficitur,

226 3339 290 3398 ut
328 3339 384 3399 et
427 3338 494 3399 tu
534 3336 745 3400 statim
791 3335 1060 3400 libereris
1105 3339 1159 3399 et
1202 3355 1339 3399 mea
1383 3355 1505 3400 esse
1548 3335 1806 3417 incipiat
1812 3355 1835 3412 ;
1880 3354 2033 3399 nam
2077 3339 2226 3417 tum,

228 3424 380 3505 quod
419 3444 462 3487 a
503 3424 674 3489 nullo
714 3424 1106 3506 corporaliter
1139 3424 1274 3489 eius
1306 3426 1399 3488 rei
1422 3425 1720 3506 possessio
1755 3424 2075 3507 detinetur,
2118 3423 2227 3486 ade

229 3512 447 3593 quisita
497 3511 654 3576 mihi
699 3517 758 3577 et
797 3512 1238 3595 quodammodo
1280 3533 1475 3578 manu
1520 3513 1703 3595 {onya
1747 3513 1979 3578 tradita
2022 3511 2225 3576 existi-

231 3600 450 3664 manda
491 3604 593 3664 est.

1694 3702 1804 3758 31*
