2575 3900
316 202 446 267 312
518 202 585 259 V.
623 200 923 258 NERVAE
960 200 1055 256 ET
1093 199 1398 256 TRAIANI
1432 199 1643 255 ΤΕΜΡ.
1682 199 1874 256 IURlS
1910 198 2268 256 CONSULTI

489 369 974 429 Membranarum
1044 369 1232 428 libros
1300 368 1552 428 laudant
1614 367 1822 428 Celsus
1886 362 1992 444 (sc.
2039 370 2080 430 l.
2125 369 2330 429 XXIII

312 458 701 537 Digestorum
747 458 819 518 D.
841 459 900 535 8,
924 460 1085 535 6,12
1132 457 1199 519 Ρ.
1224 448 1402 539 199),
1449 456 1634 517 Gaius
1680 448 1750 539 (l.
1779 457 1929 535 sing.
1975 458 2050 518 de
2093 458 2330 519 casibus

312 548 385 608 D.
418 548 517 621 38,
552 551 608 626 1,
637 549 719 608 49
767 547 831 609 Ρ.
862 540 949 628 5),
995 547 1218 607 Paulus
1265 539 1332 623 (l.
1359 545 1480 604 VH
1525 546 1603 605 ad
1650 545 1784 606 Sab.
1813 545 1886 606 D.
1915 548 2017 625 24,
2047 549 2106 619 3,
2139 549 2217 608 17
2239 568 2329 625 pr.

313 628 615 718 P.1751),
652 635 947 712 Ulpianus
985 626 1141 718 (tam
1176 635 1348 695 libris
1385 636 1462 694 ad
1491 634 1628 695 Sab.
1649 634 1720 694 D.
1744 637 1880 711 7,1‚
1903 638 2019 712 7,3
2057 636 2329 716 P.2558‚

313 744 495 803 quam
539 725 617 784 ad
661 725 921 785 edictum
964 725 1258 801 praetoris
1295 723 1408 782 XV
1427 724 1496 785 D.
1520 725 1578 800 5,
1598 725 1838 801 3,13,3
1877 724 1941 785 Ρ.
1965 727 2110 803 512,
2154 725 2332 785 XVII

312 815 385 874 D.
416 816 475 890 8,
506 817 563 891 3,
594 815 631 873 3
684 813 746 873 Ρ.
778 815 1002 891 596⁸·0‚
1048 813 1246 872 XXVI
1275 812 1346 872 D.
1377 814 1436 891 2,
1457 815 1514 885 4,
1537 815 1596 886 3,
1617 815 1654 874 5
1703 811 1766 873 P.
1792 806 1968 890 772b,
2013 813 2332 874 XXXVIII

312 903 385 963 D.
419 904 519 978 13,
554 907 608 981 1,
640 904 741 979 12,
771 905 806 962 2
857 902 919 962 Ρ.
954 893 1201 981 10585).
1274 901 1638 977 Pomponius
1677 920 1913 979 quoque
1949 903 2012 962 in
2046 901 2216 962 libris
2254 903 2332 963 ad

314 991 604 1053 Sabinum
659 991 896 1050 Neratii
947 990 1118 1050 libris
1172 1007 1317 1050 usus
1374 992 1468 1049 est
1512 989 1581 1049 D.
1615 992 1716 1069 34,
1748 992 1806 1064 3,
1837 992 1895 1067 8,
1927 992 1964 1050 2
2018 995 2080 1051 et
2125 992 2197 1052 D.
2227 993 2330 1066 41,

318 1083 427 1158 10,
466 1082 531 1157 3,
579 1080 737 1157 quod
789 1080 1192 1156 fragmentum
1246 1079 1405 1138 inter
1458 1078 1941 1139 Membranarum
1995 1080 2335 1157 fragmenta

313 1170 576 1245 recipere
622 1169 810 1228 Lenel
852 1186 973 1227 non
1018 1167 1340 1227 dubitavit.

491 1258 623 1316 Iam
659 1257 733 1316 de
760 1256 957 1333 operis
992 1255 1396 1332 inscriptione,
1426 1255 1498 1314 de
1527 1274 1647 1332 qua
1672 1256 1791 1316 viri
1818 1256 1977 1317 docti
2003 1256 2334 1332 disputant,

313 1346 637 1407 videndum
684 1349 793 1406 est.
871 1347 1051 1422 atque
1087 1344 1248 1404 Birt:
1297 1344 1402 1404 das
1448 1345 1650 1404 antike
1686 1345 2057 1406 Buchwesen
2095 1338 2332 1426 (1882)

315 1456 370 1512 p.
414 1437 495 1495 93
518 1454 603 1512 sq.
658 1433 976 1494 Neratium
1037 1434 1149 1493 hac
1210 1432 1597 1511 inscriptione
1650 1437 1722 1493 ut
1775 1429 2101 1494 modestiae
2155 1435 2338 1510 plena

317 1542 495 1584 usum
548 1541 679 1584 esse
733 1522 975 1600 conicit,
1040 1522 1212 1599 quasi
1263 1519 1658 1600 ὑπομνήματα
1709 1525 2211 1597 proponerentur,
2272 1524 2337 1582 id

319 1612 477 1689 quod
514 1611 789 1690 Krueger
826 1612 885 1670 Z.
908 1611 963 1671 d.
984 1609 1239 1672 Sav.-St.
1262 1610 1412 1669 VIII
1426 1631 1484 1687 p.
1510 1613 1589 1670 76
1628 1630 1686 1669 n.
1709 1614 1746 1670 2
1796 1611 1889 1670 vel
1935 1610 2068 1670 ideo
2113 1611 2335 1671 falsum

318 1719 446 1762 esse
519 1701 851 1776 existimat,
925 1701 1081 1777 quod
1154 1700 1538 1759 membranae
1609 1718 1838 1776 papyro
1911 1718 2029 1759 non
2092 1700 2334 1761 viliores

316 1790 541 1849 fuerint
575 1781 679 1869 (cf.
717 1789 1138 1849 Friedlaender
1171 1788 1234 1846 in
1271 1787 1568 1847 Martialis
1607 1787 1864 1849 editione
1900 1787 1963 1847 H
1990 1809 2046 1864 p.
2080 1791 2206 1850 299
2220 1783 2338 1868 sq).

318 1879 523 1957 itaque
578 1878 641 1936 in
695 1877 806 1938 iur.
845 1878 1012 1938 Rom.
1058 1877 1313 1937 historia
1356 1897 1412 1954 p.
1446 1879 1573 1937 170
1615 1877 1777 1937 idem
1820 1877 1914 1938 vir
1958 1877 2338 1938 doctissimus

319 1969 432 2029 ait:
479 1962 598 2027 ‘die
644 1966 1024 2026 Membranae
1070 1967 1292 2026 deuten
1337 1966 1449 2026 mit
1493 1966 1628 2026 dem
1673 1966 1832 2026 Titel
1875 1967 2036 2027 wohl
2080 1968 2190 2027 auf
2229 1967 2339 2027 das

320 2058 545 2118 seltene
580 2055 706 2115 und
732 2055 1013 2114 kostbare
1041 2055 1317 2115 Material
1353 2056 1476 2131 hin,
1517 2056 1628 2114 auf
1656 2055 1942 2116 welchem
1969 2056 2054 2115 sie
2081 2056 2337 2117 verviel-

318 2146 527 2221 faltigt
579 2137 862 2205 worden'.
950 2144 1014 2203 id
1060 2143 1217 2221 quod
1262 2143 1505 2203 minime
1550 2143 1774 2219 placet,
1831 2163 1969 2203 cum
2012 2145 2340 2221 pretiosam

317 2234 613 2293 librorum
636 2232 951 2293 materiam
979 2234 1204 2292 iactare
1232 2231 1562 2308 argentarii
1589 2232 1671 2292 sit
1689 2234 2029 2293 auctionem
2048 2232 2340 2310 facientiS,

320 2341 441 2383 non
492 2322 643 2382 iuris
690 2322 948 2382 consulti
994 2321 1124 2380 sani
1169 2321 1497 2381 sententias
1545 2339 1681 2381 suas
1726 2322 2129 2400 proponentis.
2222 2321 2339 2382 ita-

322 2430 438 2489 que
484 2410 666 2470 Birtii
709 2409 1127 2486 interpretatio
1176 2408 1302 2469 sine
1349 2409 1531 2470 dubio
1575 2410 1888 2486 probanda
1931 2413 2025 2470 est
2067 2413 2343 2487 quamvis

323 2500 443 2558 alia
494 2499 725 2559 ratione
782 2499 857 2558 ab
914 2500 1120 2558 eodem
1172 2498 1306 2558 viro
1361 2498 1702 2559 doctissimo
1757 2518 1945 2577 aeque
1998 2520 2057 2576 p.
2097 2502 2178 2561 59
2238 2518 2341 2559 ex-

321 2588 539 2667 posita,
578 2589 650 2648 de
689 2607 812 2666 qua
841 2585 1195 2664 Marquardt
1231 2585 1296 2644 II
1335 2606 1391 2661 p.
1437 2588 1588 2648 798:
1629 2581 2034 2647 ‘Membranae
2072 2587 2342 2665 wurden,

322 2679 459 2738 weil
504 2696 645 2736 man
688 2677 798 2737 auf
836 2677 1019 2735 ihnen
1065 2676 1219 2734 ohne
1266 2674 1724 2755 Schwierigkeit
1771 2676 1995 2735 andern
2037 2674 2162 2735 und
2207 2695 2341 2735 ver-

322 2766 568 2826 bessern
620 2766 870 2835 konnte‚
934 2784 1005 2823 zu
1060 2764 1485 2824 Entwtirfen
1546 2784 1663 2826 von
1717 2764 1945 2840 Reden,
2010 2762 2346 2824 Gedichten

325 2855 666 2930 empfohlen
702 2853 824 2912 und
860 2846 1243 2913 verwendet?
1317 2853 1600 2913 Neratius
1634 2852 1823 2929 igitur
1859 2853 2346 2913 Membranarum

322 2941 508 3001 libros
554 2961 689 3001 cum
725 2941 1024 3001 Labeonis
1060 2943 1360 3001 Πυθανῶν
1405 2941 1576 3000 libris
1612 2940 1870 3000 conferri
1916 2941 2136 3017 voluit,
2185 2942 2346 3001 sicut

323 3030 550 3105 posteri
619 3023 1028 3105 ‘Opinionum'
1098 3030 1282 3089 libros
1343 3028 1682 3107 ediderunt,
1750 3048 1836 3088 ex.
1897 3049 1984 3107 gr.
2047 3030 2344 3105 Ulpianus

324 3115 512 3176 libros
549 3117 653 3192 VI,
701 3137 953 3194 quorum
998 3120 1336 3195 fragmenta
1380 3118 1561 3177 habes
1598 3118 2141 3179 Ρ.2296-2359.
2208 3137 2346 3178 cum

327 3204 523 3279 operis
570 3205 956 3283 inscriptione
1000 3207 1089 3265 ita
1132 3206 1438 3265 intellecta
1483 3206 1734 3284 optime,
1789 3226 1942 3283 quae
1989 3208 2062 3266 de
2106 3207 2348 3266 Neratii

326 3292 615 3353 librorum
660 3294 857 3353 indole
903 3296 1371 3372 cognoscuntur,
1428 3296 1803 3355 conveniunt.
1893 3314 2014 3355 non
2059 3295 2348 3355 studiosis

329 3382 532 3440 autem
560 3383 726 3460 iuriS,
766 3382 866 3441 sed
902 3382 1104 3459 potius
1140 3382 1350 3459 peritis
1388 3381 1540 3441 illud
1579 3402 1728 3459 opus
1758 3384 2123 3445 destinatum
2159 3384 2348 3445 fuisse

331 3467 407 3528 iis
454 3470 657 3548 rebus,
702 3484 855 3545 quae
902 3469 1300 3545 explicantur,
1345 3470 1652 3545 probatur.

506 3558 827 3617 Praeterea
864 3558 967 3633 qui
1003 3575 1100 3616 res
1138 3558 1202 3615 in
1228 3558 1321 3617 his
1348 3559 1518 3619 libris
1548 3564 1838 3622 tractatas
1865 3562 2350 3641 perlustraverit,
