2575 3900
339 199 480 263 ’458
558 199 624 255 V.
662 197 960 253 NERVAE
997 198 1091 253 ET
1129 196 1432 252 TRAIANI
1467 196 1682 252 TEMP.
1719 196 1909 252 IURIS
1951 194 2323 251 CONSULTI

343 370 454 445 qui
499 388 634 427 cum
670 367 1026 426 deductione
1064 385 1244 445 agere
1279 365 1542 443 iubetur,
1588 384 1920 425 sermonem
1958 383 2083 424 esse
2119 364 2395 425 iudicat.

341 458 475 517 Gai.
504 460 565 534 4,
597 460 696 517 65.

525 559 630 623 88.
675 556 756 621 D.
785 557 890 642 50,
916 557 978 641 4,
1011 558 1110 622 13.
1184 555 1361 620 Idem
1394 553 1512 641 (sc.
1538 551 1915 642 Iavolenus)
1942 556 2110 620 libro
2140 556 2390 640 quinto

337 646 591 712 decimo
639 668 716 710 ex
754 644 999 711 CassiO.
1051 682 1128 693 —
1192 646 1443 711 Vacatio
1486 646 1744 728 itemque
1787 646 2166 729 immunitas,
2214 666 2391 727 quae

342 736 553 800 liberis
612 740 672 799 et
721 737 986 817 posteris
1047 736 1314 799 alicuius
1375 735 1526 797 data
1582 739 1694 817 est,
1757 735 1844 797 ad
1893 753 1991 799 eos
2042 734 2393 799 dumtaxat

328 825 622 908 pertinet,
666 826 775 906 qui
818 826 950 889 eius
994 824 1277 902 familiae
1319 828 1481 889 sunt.

519 936 592 994 cf.
629 936 814 994 Lenel
851 935 1042 994 Edict.
1082 956 1136 1011 p.
1178 936 1326 994 343.

895 1138 968 1197 V.
1023 1139 1125 1198 Ex
1170 1138 1466 1199 Plautio
1513 1138 1688 1199 libri
1733 1138 1805 1197 V.

514 1254 782 1314 Iavoleni
857 1248 966 1313 ‘ad
1028 1249 1367 1313 Plautium'
1440 1253 1581 1313 libri
1646 1253 1975 1312 laudantur
2046 1256 2109 1312 et
2169 1252 2373 1313 indice

337 1344 600 1403 Florent.
666 1348 728 1402 et
789 1344 863 1401 D.
903 1346 1007 1420 45,
1046 1346 1104 1419 3,
1144 1346 1254 1419 343
1327 1344 1389 1401 in
1453 1342 1700 1418 reliquis
1763 1341 2144 1420 fragmentis,
2209 1361 2371 1419 quae

337 1450 532 1507 pauca
587 1437 753 1508 sunt,
811 1433 952 1492 libri
1010 1426 1105 1491 ‘ex
1151 1424 1415 1492 Plautio'
1462 1430 1862 1491 nominantur.
1954 1424 2052 1490 ‘ex
2095 1426 2369 1491 Plautio’

335 1521 525 1579 libros
587 1520 708 1579 iam
770 1525 950 1581 antea
1002 1521 1288 1579 Neratius
1354 1524 1793 1596 composuerat,
1858 1538 2113 1596 quorum
2173 1539 2367 1579 unum

338 1613 580 1668 tantum
631 1609 1037 1685 fragmentum
1093 1612 1259 1668 extat
1314 1601 1414 1689 (D.
1448 1610 1505 1685 8,
1536 1610 1593 1685 3,
1626 1611 1683 1683 5,
1718 1599 1802 1689 1).
1892 1609 2198 1667 Antonino
2253 1609 2364 1668 Pio

332 1701 445 1757 aut
500 1698 667 1756 Divis
731 1699 1022 1758 fratribus
1077 1698 1511 1773 imperantibus
1568 1692 1889 1772 (nimirum
1940 1700 2080 1772 post
2135 1697 2365 1756 Iuliani

336 1786 721 1864 Digestorum
774 1779 996 1845 librum
1041 1786 1210 1845 XLII
1264 1782 1520 1865 editum)
1566 1785 1932 1862 Pomponius
1978 1774 2231 1862 quoque'
2260 1780 2362 1845 ‘ad

335 1870 666 1933 Plautium'
725 1874 818 1933 vel
875 1868 972 1933 ‘ex
1016 1870 1280 1934 Plautio'
1326 1876 1511 1935 libros
1557 1875 1892 1952 composuit
1937 1873 2055 1933 VII
2102 1869 2198 1954 (P.
2232 1877 2358 1935 326

331 1957 611 2043 -371);
679 1964 960 2039 denique,
1023 1969 1291 2040 tempore
1348 1984 1467 2025 non
1529 1965 1675 2024 satis
1731 1966 2065 2041 explorato,
2131 1964 2360 2024 Paulus

334 2053 520 2113 libros
548 2053 754 2111 XVIII
792 2045 888 2133 (P.
923 2047 1407 2135 1071—1246).
1481 2053 1542 2112 in
1573 2053 1750 2112 Pauli
1786 2055 1880 2112 his
1917 2053 2089 2112 libris
2115 2057 2361 2130 praeter

333 2143 512 2217 alios,
559 2142 830 2217 inprimis
874 2142 1206 2218 Iulianum,
1252 2143 1581 2201 laudantur
1624 2141 1987 2219 Pomponius
2034 2133 2131 2220 (P.
2166 2144 2357 2202 1073.

341 2234 528 2292 1140.
582 2233 770 2290 1142.
821 2234 1007 2291 1152.
1061 2233 1250 2292 1164.
1292 2225 1491 2309 1239)
1540 2234 1603 2290 et
1645 2231 1962 2290 Iavolenus
2010 2223 2105 2311 (P.
2138 2228 2358 2311 1172),

331 2321 442 2380 sed
503 2321 618 2396 ita,
671 2325 744 2380 ut
805 2339 1102 2398 nusquam
1165 2319 1483 2396 Pomponii
1545 2323 1651 2379 aut
1712 2319 1981 2380 Iavoleni
2046 2337 2195 2395 opus
2257 2320 2355 2378 de·

335 2410 635 2487 signetur3
698 2411 759 2468 in
815 2409 1126 2486 Pomponii
1188 2427 1329 2469 vero
1395 2409 1489 2467 his
1553 2408 1723 2467 libris
1776 2409 2050 2468 Iulianus
2116 2407 2353 2485 quidem

331 2497 642 2575 laudatur,
709 2498 813 2558 sed
874 2516 1169 2574 nusquam
1233 2497 1572 2557 IavolenuS.
1680 2497 1743 2556 in
1803 2497 2040 2556 Neratii
2103 2497 2352 2575 denique

331 2587 438 2647 illo
502 2589 839 2665 fragmento
893 2587 1244 2646 Iavolenum
1310 2606 1429 2646 non
1491 2586 1729 2644 laudari
1792 2585 2012 2644 mirum
2068 2605 2190 2656 non
2244 2590 2350 2646 est.

329 2677 536 2753 itaque
594 2696 730 2736 cum
777 2695 848 2734 ex
893 2676 1159 2735 Iavoleni
1205 2674 1376 2734 libris
1421 2674 1478 2732 V
1521 2694 1595 2734 ne
1640 2674 1861 2750 viginti
1906 2674 2149 2751 quidem
2194 2675 2351 2753 frag-

333 2769 552 2841 menta,
595 2764 764 2825 tertii
802 2769 862 2823 et
899 2765 1097 2840 quarti
1135 2764 1271 2823 libri
1312 2764 1470 2842 bina,
1508 2763 1703 2841 quinti
1739 2783 1920 2822 unum
1960 2763 2189 2822 tradita
2217 2763 2350 2840 sint,

333 2853 628 2913 librorum
671 2853 902 2912 indoles
946 2872 1162 2929 parum
1210 2853 1607 2930 cognoscitur.
1686 2852 1840 2911 illud
1884 2855 2045 2911 certe
2082 2854 2348 2929 apparet,

328 2941 682 3000 Iavolenum
742 2961 864 3001 non
925 2941 1098 3000 modo
1154 2940 1379 3000 Plautii
1443 2941 1769 3000 sententias
1822 2941 2131 3000 rettulisse
2186 2933 2348 3021 (‘ait'

331 3029 405 3088 D.
438 3032 538 3104 12,
572 3032 628 3106 6,
660 3032 717 3102 4,
764 3029 921 3106 quod
966 3031 1215 3090 verbum
1261 3030 1337 3088 ad
1381 3029 1687 3088 Plautium
1731 3029 1954 3088 referre
1999 3022 2197 3106 licet),
2249 3029 2349 3088 sed

329 3136 472 3176 suas
546 3136 779 3195 quoque
845 3118 1140 3177 addidisse
1205 3111 1431 3199 (‘put0'
1485 3118 1557 3178 D.
1599 3119 1700 3195 23,
1739 3120 1799 3193 3,
1836 3122 1939 3180 47.
2030 3111 2348 3179 ‘existimo’

329 3207 405 3266 D.
435 3210 539 3278 41,
569 3209 628 3284 4,
658 3204 729 3284 4)
787 3209 848 3266 et
900 3208 989 3265 ita
1034 3207 1300 3284 quidem,
1354 3210 1425 3265 ut
1468 3226 1897 3284 nonnunquam
1941 3205 2217 3266 Cassium
2260 3225 2347 3267 se·

329 3300 618 3372 queretur
664 3288 957 3461 (3Cassius
1004 3296 1092 3354 ait
1128 3341 1140 3354 .
1173 3340 1186 3354 .
1225 3296 1463 3354 Paulus.
1547 3295 1704 3366 idem
1751 3295 2069 3356 Iavolenus
2118 3289 2348 3356 scribit’

330 3382 404 3443 D.
436 3385 536 3458 34,
568 3387 625 3459 2,
655 3385 692 3442 8
733 3430 745 3442 .

509 3471 888 3549 Argumenta
959 3471 1227 3546 priorum
1295 3472 1533 3528 tantum
1604 3470 1894 3532 librorum
1969 3472 2349 3550 aliquatenus

330 3563 799 3638 cognoscuntur:
855 3559 1048 3635 primo
1103 3559 1256 3617 libro
1302 3558 1621 3618 Iavolenus
1678 3553 1782 3640 (de
1833 3562 2213 3621 testamentis
2260 3556 2347 3641 et)
