2575 3900
374 176 460 238 20
515 175 608 230 111.
638 173 791 228 GAlI
818 172 1109 229 CLAUDII
1137 171 1406 228 NERON.
1428 171 1715 227 GALBAE
1733 171 1947 229 TEMP.
1969 171 2156 228 IURIS
2176 171 2369 228 CONS.

370 344 537 403 culus
575 336 961 402 existimant'.
1042 340 1115 400 D.
1147 343 1250 418 29,
1282 343 1338 414 2,
1370 343 1470 413 25,
1501 343 1538 400 5
1580 334 1795 417 ‘magis
1829 342 2047 419 placet,
2086 347 2155 401 ut
2191 340 2370 400 Gaius

370 429 615 492 Cassius
652 477 666 490 .
697 475 709 488 .
742 476 756 490 .
795 423 1043 489 scribit'.
1138 429 1211 490 D.
1241 431 1347 506 41,
1377 432 1434 504 9,
1467 433 1523 505 1,
1552 431 1592 488 4
1641 423 1906 489 ‘Cassius
1963 431 2051 490 ait
2086 479 2098 491 .
2128 476 2144 492 .
2173 473 2186 488 .
2221 430 2372 489 idem

370 519 579 578 scribit
606 566 619 578 .
651 566 664 578 .
696 563 712 578 .
738 537 891 596 quae
930 518 1228 578 sententia
1260 517 1445 577 habet
1478 512 1812 578 rationem’.
1885 519 1957 578 D.
1987 521 2090 594 43,
2123 521 2222 595 12,
2254 522 2307 594 1,
2335 520 2370 577 3

370 603 693 667 ‘sententia
747 605 965 684 Cassii,
1028 626 1209 683 quam
1272 611 1336 665 et
1388 605 1596 666 Celsus
1649 607 1893 683 probat,
1958 609 2196 669 videtur
2251 625 2376 667 esse

368 689 779 777 probabilis’);
816 695 1188 772 improbatae
1226 698 1369 755 sunt
1403 695 1558 766 aliae
1595 696 1693 756 vel
1727 714 1836 771 pro
1872 696 2118 758 incertis
2146 696 2377 756 habitae

367 786 467 846 vel
512 803 648 844 cum
694 785 1039 860 exceptione
1084 786 1320 844 tantum
1370 787 1646 860 acceptae
1691 803 1729 843 a
1764 783 2023 847 Proculo
2062 780 2165 869 (D.
2195 787 2296 858 35,
2325 787 2378 862 2,

374 879 429 948 1,
464 876 545 933 14
584 867 853 933 ‘Cassius
882 921 894 932 .
925 921 937 934 .
968 873 1288 950 existimat,
1326 872 1622 933 Proculus
1659 869 1908 933 contra'.
1981 877 2056 935 cf.
2093 875 2164 935 D.
2196 878 2295 948 45,
2325 876 2379 950 3,

371 965 473 1040 28,
511 964 569 1022 4.
626 963 695 1021 D.
736 964 796 1040 5,
836 964 893 1040 3,
930 953 1177 1044 40pr.),
1240 961 1475 1022 Iuliano
1543 956 1646 1040 (D.
1676 963 1783 1039 40,
1824 967 1880 1037 7,
1921 966 1978 1038 2,
2019 966 2052 1023 1
2117 958 2378 1024 ‘Cassius

368 1056 578 1130 negat,
630 1051 901 1110 Iulianus
957 1055 1167 1110 contra
1221 1045 1567 1111 existimat'.
1665 1050 1740 1110 D.
1777 1054 1880 1128 43,
1919 1055 2021 1129 24,
2065 1056 2142 1113 11
2207 1048 2382 1112 ‘inter

370 1140 651 1200 Cassium
705 1142 768 1200 et
820 1139 1123 1199 Iulianum
1162 1181 1176 1196 .
1207 1186 1220 1199 .
1249 1185 1263 1199 .
1303 1139 1572 1217 quaestio
1628 1131 1802 1221 est')‚
1861 1139 2053 1200 Paulo
2110 1133 2209 1223 (D.
2243 1144 2298 1216 5,
2327 1143 2380 1218 3,

370 1231 456 1289 40
470 1249 559 1306 pr.
606 1224 693 1288 ‘in
736 1229 1054 1304 praedonis
1100 1247 1356 1305 persona
1400 1228 1696 1288 Proculus
1741 1232 1903 1288 recte
1948 1230 2277 1306 existimat,
2321 1231 2382 1288 in

367 1317 558 1378 bonae
604 1317 745 1377 fidei
787 1317 1232 1392 possessoribus
1280 1309 1600 1398 Cassius').

546 1406 687 1466 Divi
731 1406 827 1464 Pii
880 1409 1077 1466 aetate
1125 1405 1310 1465 Gaius
1364 1407 1682 1466 nonnullas
1729 1404 1919 1467 Cassii
1975 1410 2302 1470 sententias
2347 1428 2383 1468 a

368 1495 671 1571 plerisque
716 1495 1041 1570 improbari
1084 1494 1296 1559 tradit.
1320 1486 1411 1577 (3,
1444 1498 1521 1555 71
1573 1489 1803 1555 ‘Cassio
1849 1497 2078 1572 placuit
2102 1545 2117 1560 .
2151 1546 2164 1558 .
2194 1547 2235 1574 .,
2282 1498 2384 1558 sed

368 1584 552 1643 huius
620 1585 979 1643 sententiam
1042 1583 1313 1660 plerique
1375 1579 1736 1659 inprobant'.
1839 1586 1894 1658 3,
1937 1588 2059 1645 147
2125 1581 2383 1647 ‘Cassius

370 1672 459 1732 ait
486 1719 500 1731 .
522 1717 535 1731 .
557 1718 590 1750 .,
618 1672 719 1731 sed
756 1672 1061 1747 plerisque
1098 1665 1400 1752 placuit’).
1447 1672 1789 1732 Maecianus
1828 1693 2064 1750 quoque
2091 1675 2167 1737 D.
2198 1680 2299 1752 40,
2327 1679 2382 1752 5,

372 1763 455 1821 35
487 1761 597 1820 ait:
646 1755 807 1818 ‘Gaii
835 1759 1025 1819 Cassii
1058 1779 1178 1819 non
1214 1763 1308 1819 est
1343 1764 1584 1836 recepta
1621 1763 1919 1821 sententia
1947 1760 2384 1826 existimantis'.

372 1851 437 1908 at
456 1847 660 1908 Severi
695 1849 819 1907 fere
856 1849 1224 1926 temporibus
1272 1849 1497 1909 Paulus
1545 1854 1608 1910 et
1652 1850 1948 1926 Ulpianus
2004 1853 2154 1912 alias
2201 1854 2387 1915 Cassii

373 1936 700 1997 sententias
746 1937 844 1997 ius
885 1937 1099 1999 fecisse
1135 1939 1388 1999 tradunt
1430 1931 1687 2020 (Paulus
1727 1939 1798 1999 D.
1829 1942 1930 2017 35,
1962 1944 2020 2014 2,
2048 1943 2130 2003 49
2175 1937 2388 2004 ‘Cassii

372 2026 670 2086 sententia
733 2022 1004 2103 utimur',
1068 2026 1362 2103 Ulpianus
1426 2029 1499 2090 D.
1537 2032 1641 2107 45,
1679 2032 1737 2107 3,
1777 2032 1832 2103 9,
1876 2032 1909 2088 1
1980 2024 2252 2093 ‘Cassius
2287 2080 2300 2093 .
2332 2079 2386 2092 ..

373 2114 614 2191 scripsit
669 2118 732 2174 et
783 2115 1055 2175 Iulianus
1104 2114 1298 2175 Cassii
1353 2119 1710 2177 sententiam
1764 2118 1982 2194 probat
2029 2140 2218 2197 eoque
2262 2122 2387 2180 iure

372 2197 639 2264 utimur'.
743 2205 815 2263 cf.
873 2223 1026 2281 quae
1089 2204 1382 2279 Ulpianus
1446 2206 1613 2264 addit
1677 2207 1750 2265 D.
1791 2210 1843 2285 2,
1887 2210 1946 2286 4,
1983 2212 2043 2285 4,
2085 2212 2121 2268 2
2182 2205 2388 2271 ‘Gaius

376 2292 617 2353 Cassius
656 2338 670 2351 .
702 2338 715 2351 .
746 2338 760 2352 .
798 2293 969 2369 dicit,
1026 2293 1183 2370 quod
1212 2339 1225 2353 .
1260 2338 1273 2351 .
1303 2341 1315 2352 .
1346 2295 1562 2354 merito
1610 2292 1892 2370 optinuit'
1943 2301 2004 2357 et
2050 2298 2122 2358 D.
2153 2302 2260 2372 43,
2293 2302 2388 2373 24,

379 2385 478 2459 11,
519 2386 551 2441 1
608 2375 769 2441 ‘cum
821 2382 1055 2457 placeat
1100 2382 1261 2458 quod
1309 2380 1552 2443 Cassius
1600 2379 1888 2466 probat').
1985 2390 2050 2445 at
2094 2387 2388 2465 Ulpianus

372 2470 517 2529 haec
554 2489 787 2547 quoque
832 2470 1023 2530 tradit
1066 2472 1136 2529 D.
1164 2473 1269 2547 40,
1303 2474 1359 2548 7,
1391 2473 1448 2547 2,
1480 2475 1513 2529 1
1567 2465 1829 2532 ‘Cassius
1873 2479 2074 2553 negat,
2119 2476 2389 2537 Iulianus

373 2563 582 2619 contra
626 2560 956 2639 existimat,
1002 2579 1152 2636 quae
1200 2560 1500 2619 sententia
1535 2560 1730 2621 verior
1773 2558 2072 2623 habetur’.

550 2650 950 2711 Tribonianus
995 2650 1061 2709 in
1104 2650 1374 2727 Digestis
1429 2652 1850 2727 componendis
1904 2652 1976 2709 de
2023 2652 2218 2713 Cassii
2265 2674 2388 2715 sen-

371 2738 580 2799 tentiis
636 2741 734 2800 vel
778 2739 1134 2815 recipiendis
1184 2740 1283 2800 vel
1335 2739 1648 2798 reiciendis
1695 2740 1795 2800 vix
1841 2741 2049 2799 debuit
2095 2746 2389 2819 statuere;

372 2830 536 2885 certe
584 2828 656 2885 de
702 2846 775 2887 ea
817 2847 883 2886 re
935 2827 1154 2886 diserte
1199 2827 1353 2885 nihil
1399 2828 1689 2887 traditum
1736 2832 1844 2889 est.
1917 2832 2156 2888 tantum
2205 2833 2278 2892 de
2323 2851 2388 2891 eo

374 2931 569 2972 sermo
616 2917 727 2990 est,
771 2915 933 2991 quod
978 2908 1229 2989 ‘placuit
1268 2911 1510 2974 Sabino'
1548 2918 1644 2976 vel
1682 2918 1839 2993 quod
1878 2912 2157 2978 ‘Sabinus
2195 2920 2390 2981 existi-

372 2994 600 3060 mabat’
643 3004 743 3061 vel
779 3002 935 3078 quod
965 2996 1298 3060 ‘Sabiniani
1326 3000 1771 3065 existimabant'
1805 3006 1868 3065 C.
1899 3010 1957 3080 6,
1980 3009 2080 3083 26,
2113 3012 2298 3085 10pr.
2342 3008 2390 3068 I.

380 3092 436 3164 2,
474 3092 576 3166 20,
616 3092 716 3150 36.
766 3088 827 3149 Ο.
861 3094 918 3169 6,
947 3093 1049 3169 29,
1080 3093 1139 3168 3,
1172 3094 1226 3149 1.
1271 3091 1478 3167 itaque
1524 3094 1669 3153 haec
1719 3114 1817 3154 res
1860 3096 2198 3157 iam-antea
2245 3098 2388 3158 satis

376 3178 649 3252 expedita
693 3181 841 3239 erat.

1142 3314 1187 3373 I.
1235 3315 1619 3392 Responsa.

552 3444 625 3505 In
668 3446 1075 3523 respondendo
1123 3468 1357 3525 quoque
1406 3449 1676 3509 Cassium
1721 3451 2064 3526 saepissime
2103 3453 2390 3513 Sabinum

379 3538 649 3595 secutum
694 3554 821 3597 esse
868 3555 939 3595 ea
984 3536 1195 3597 docent
1240 3556 1392 3612 quae
1441 3557 1621 3614 supra
1665 3560 1720 3614 p.
1764 3541 1842 3598 14
1891 3543 2132 3602 contuli.
