2575 3900
391 169 474 232 12
528 169 623 222 111.
654 167 805 221 GAII
833 166 1125 222 CLAUDII
1147 167 1197 220 N
1203 165 1401 222 ERON
1405 209 1417 222 .
1439 167 1728 222 GALBAE
1748 152 1963 221 TEMP.
1981 167 2177 222 IURIS
2199 167 2418 223 CONS.

564 334 803 395 Cassius
849 338 912 394 et
954 334 1158 394 heredi
1205 338 1267 393 et
1310 335 1602 411 legatario
1644 335 1944 394 interdum
1980 335 2422 394 remittendam

385 423 612 500 proprii
639 423 798 483 servi
823 422 1282 482 manumittendi
1308 424 1723 483 necessitatem
1753 423 2132 500 existimavit,
2161 423 2422 499 scilicet,

387 507 462 572 ‘si
498 503 613 573 'vel
656 530 802 571 usus
847 516 973 571 tam
1017 512 1386 571 necessarius
1432 515 1617 590 esset,
1662 515 1732 572 ut
1777 530 1846 572 eo
1894 531 2095 571 carere
2141 531 2264 572 non
2311 533 2421 572 ex-

385 601 641 676 pediret,
697 601 890 660 veluti
942 599 1369 675 dispensatoris
1422 601 1829 678 paedagogive
1893 601 2255 679 liberorum,
2312 604 2424 661 vel

385 693 625 749 tantum
707 690 867 748 servi
943 689 1224 748 delictum
1299 692 1417 766 est,
1488 692 1559 748 ut
1630 690 1780 748 ultio
1852 690 2214 749 remittenda
2288 709 2424 749 non

389 773 568 838 esset'
609 769 711 858 (D.
751 779 854 853 40,
896 781 954 848 5,
995 769 1126 857 35).
1209 779 1368 853 quod
1413 778 1516 837 ille
1571 779 1659 837 ita
1702 778 1987 857 decrevit,
2038 796 2422 854 quamquam

386 867 547 927 iusta
620 885 802 926 causa
873 866 1357 925 manumissionis
1430 869 1584 944 erat,
1668 867 1718 925 si
1788 866 1923 944 quis
1986 867 2421 943 paedagogum

385 955 843 1015 manumitteret
940 956 1039 1016 vel
1139 973 1376 1015 servum
1465 955 1758 1015 curatoris
1856 955 2115 1014 habendi
2204 956 2423 1032 gratia

389 1037 545 1124 (Gai.
588 1047 621 1102 1
639 1089 654 1120 ,
706 1046 815 1120 19,
867 1043 975 1102 ubi
1027 1044 1212 1104 verba
1267 1037 1694 1120 ‘procuratoris
1747 1044 2006 1103 habendi
2049 1038 2277 1119 gratia'
2335 1043 2421 1103 ad

386 1133 858 1209 dispensatorem
919 1131 1211 1207 imprimis
1267 1133 1545 1192 videntur
1608 1124 1935 1213 spectare),
2000 1151 2068 1191 eo
2125 1133 2420 1208 pertinet,

388 1223 548 1299 quod
599 1225 744 1280 tunc
799 1239 1038 1295 vernas,
1094 1239 1166 1279 ex
1217 1238 1471 1298 quorum
1492 1290 1496 1293 ¹
1517 1224 1587 1280 ut
1632 1221 2113 1281 fidelissimorum
2157 1240 2418 1281 numero

388 1311 828 1386 dispensatores
899 1310 997 1369 vel
1067 1310 1451 1387 paedagogos
1525 1310 1669 1388 eligi
1732 1313 2196 1370 consentaneum
2259 1313 2421 1387 erat,

386 1399 689 1476 peregrini
753 1399 912 1458 servi
968 1416 1214 1457 numero
1270 1399 1447 1475 longe
1504 1397 1893 1475 superabant,
1955 1399 2420 1475 peregrinorum

388 1491 591 1547 autem
652 1487 923 1565 nequitia
989 1505 1124 1546 cum
1181 1487 1507 1547 severitate
1562 1487 1885 1547 coercenda
1939 1490 2094 1562 erat3
2160 1506 2283 1563 qua
2343 1487 2418 1546 de

386 1577 658 1655 nequitia
714 1596 772 1636 v.
817 1576 1239 1635 Friedlaender
1282 1576 1317 1634 I
1360 1596 1417 1651 p.
1451 1578 1532 1635 74
1546 1594 1629 1652 sq.
1722 1577 1848 1651 ipse
1895 1579 2097 1635 autem
2145 1573 2418 1649 CassiuS,

387 1666 492 1742 qui
553 1665 920 1724 familiarum
981 1683 1176 1724 mores
1239 1665 1347 1723 illa
1410 1666 1607 1723 aetate
1668 1665 1915 1737 fuerint,
1981 1663 2247 1724 oratione
2305 1665 2421 1723 illa

386 1753 450 1813 in
527 1757 738 1813 senatu
810 1754 1018 1812 habita
1089 1753 1373 1830 explicat:
1467 1746 1812 1829 ‘postquam
1869 1800 1881 1812 .
1930 1799 1942 1812 .
1997 1753 2269 1812 nationes
2351 1754 2420 1812 in

385 1842 632 1901 familiis
677 1842 996 1918 habemus,
1043 1841 1260 1918 quibus
1308 1841 1528 1901 diversi
1572 1841 1745 1919 ritus,
1792 1844 2038 1900 externa
2084 1859 2254 1900 sacra
2304 1845 2419 1901 aut

385 1932 553 1991 nulla
616 1933 784 2008 sunt,
849 1931 1168 1990 colluviem
1229 1931 1412 1991 istam
1473 1950 1593 1989 non
1656 1931 1773 1990 nisi
1827 1933 1995 1990 metu
2048 1925 2415 1991 coercueris'

387 2012 556 2101 (Tac.
596 2040 728 2079 ann.
770 2021 872 2097 14,
911 2013 1044 2100 44).
1135 2020 1340 2096 itaque
1396 2039 1533 2078 cum
1579 2020 1932 2079 manumissi
1976 2038 2168 2095 poena
2216 2020 2417 2081 levior

388 2113 546 2169 esset
583 2128 764 2185 quam
799 2108 975 2183 servi,
1013 2108 1087 2167 ab
1124 2107 1341 2166 herede
1378 2108 1475 2167 vel
1517 2109 1810 2185 legatario
1847 2108 2159 2168 testatoris
2196 2108 2414 2169 volun·

387 2200 575 2257 tatem
647 2197 889 2274 neglegi
960 2216 1141 2271 quam
1215 2196 1481 2255 debitam
1541 2197 1834 2257 ultionem
1897 2197 2126 2256 remitti
2189 2196 2417 2257 maluit

387 2286 594 2346 eadem
638 2304 788 2345 usus
834 2286 1152 2360 gravitate,
1199 2304 1320 2361 qua
1364 2304 1416 2343 a.
1448 2287 1548 2359 61,
1596 2305 1730 2345 cum
1757 2286 2055 2344 Pedanius
2101 2284 2415 2345 Secundus

387 2374 461 2434 ab
509 2375 700 2449 ipsius
748 2392 918 2433 servo
954 2373 1311 2433 interfectus
1350 2376 1523 2451 esset,
1569 2374 1741 2448 plebe
1780 2374 1997 2433 acriter
2032 2377 2414 2451 repugnante

387 2467 449 2522 et
495 2463 853 2541 quibusdam
896 2462 1164 2537 ipsorum
1203 2465 1448 2537 patrum
1498 2462 1575 2519 ad
1617 2462 1930 2522 lenitatem
1979 2462 2413 2522 inclinantibus

385 2552 707 2612 severitate
753 2551 1042 2611 utendum
1089 2570 1218 2611 esse
1256 2550 1504 2629 censuit,
1552 2568 1687 2610 cum
1722 2551 1972 2610 diceret:
2021 2544 2272 2623 ‘habet',
2317 2549 2412 2609 in-

386 2642 544 2720 quit,
601 2636 856 2718 ‘aliquid
901 2660 973 2700 ex
1015 2640 1221 2718 iniquo
1271 2659 1443 2700 omne
1489 2659 1776 2718 magnum
1826 2640 2188 2714 exemplum,
2246 2640 2415 2715 quod

385 2734 595 2792 contra
615 2732 882 2804 singulos
904 2730 1170 2789 utilitate
1188 2729 1432 2805 publica
1446 2722 1813 2804 rependitur'
1833 2719 1999 2808 (Tac.
2012 2746 2145 2787 ann.
2162 2726 2411 2803 14,44).

565 2820 769 2892 Aeque
815 2820 997 2894 atque
1044 2817 1297 2876 Sabinus
1348 2814 1437 2897 (II
1478 2819 1511 2874 1
1561 2836 1617 2891 p.
1650 2809 1808 2897 322)
1856 2819 2125 2875 veterum
2171 2834 2413 2876 morum

388 2908 661 2964 defensor
733 2909 913 2981 atque
992 2906 1187 2964 cultor
1257 2905 1392 2963 fuit.
1456 2923 1597 2962 nam
1669 2907 1741 2963 ut
1803 2904 2046 2963 Tacitus
2129 2902 2411 2963 Cassium

387 2996 445 3052 iu
497 2996 709 3048 senatu
753 2992 901 3052 haec
948 2992 1167 3051 dixisse
1212 2993 1429 3051 tradit:
1486 2986 1961 3069 ‘saepenumero,
2017 2995 2220 3068 patres
2271 3011 2409 3053 con·

388 3084 621 3156 scripit-l,
677 3084 737 3140 iu
792 3081 905 3140 hoc
960 3080 1166 3141 ordine
1220 3080 1497 3158 interfui,
1554 3098 1691 3140 cum
1746 3084 1953 3141 contra
2006 3081 2293 3141 instituta
2347 3085 2410 3141 et

384 3172 549 3248 luges
597 3172 890 3229 maiorum
937 3188 1096 3230 nova
1132 3172 1376 3230 senatus
1414 3170 1654 3229 decreta
1687 3171 2167 3246 postularentur3
2213 3189 2406 3246 neque

388 3280 517 3316 sum
593 3260 969 3335 adversatus,
1052 3277 1173 3318 non
1245 3259 1387 3336 quia
1460 3259 1800 3318 dubitarem
1874 3277 2053 3334 super
2128 3260 2405 3319 omnibus

384 3349 641 3421 negotiis·
693 3348 901 3407 melius
949 3351 1130 3425 atque
1176 3347 1397 3407 rectius
1446 3348 1590 3407 olim
1633 3349 1940 3423 provisum
1977 3350 2040 3405 et
2075 3365 2231 3423 quae
2270 3367 2403 3408 con·

384 3445 789 3511 verterentur,
860 3437 923 3496 in
996 3436 1259 3495 deterius
1323 3436 1574 3513 mutari,
1650 3436 1753 3495 sed
1815 3454 1889 3494 ne
1953 3435 2137 3494 nimio
2204 3454 2405 3497 amore

388 3525 621 3601 antiqui
689 3525 866 3585 moris
928 3525 1197 3585 studium
1254 3544 1456 3584 meum
1508 3524 1795 3583 extollere
1845 3518 2131 3601 viderer',
2192 3524 2285 3584 ita
2344 3524 2406 3583 in
