2575 3900
312 136 451 201 210
494 134 586 191 IV.
614 134 1046 190 VESPASIANI
1071 133 1214 189 ΤῙἹῚ
1240 132 1632 191 DOMITIANI
1658 132 1872 189 ΤΕΜΡ.
1901 131 2092 187 IURIS
2123 130 2325 187 CONS.

1116 333 1218 405 De
1260 332 1538 401 arbitris.

496 458 600 531 26.
654 456 733 523 D.
760 457 822 529 4,
851 457 1041 540 8,21,
1073 457 1175 523 10.
1254 454 1574 541 Ulpianus
1626 454 1794 519 libro
1837 454 2034 523 tertio
2079 454 2329 521 decimo

320 546 402 647 ad
444 544 727 615 edictum
773 544 869 631 (P.
892 506 1077 631 460).
1126 580 1202 593 —·
1255 542 1326 611 Si
1343 479 1615 610 parbiter
1657 544 1850 611 iussit
1881 548 2042 628 puta
2076 544 2140 607 in
2179 566 2334 629 pro-

320 633 531 705 vincia
595 632 817 701 adesse
877 634 1267 719 litigatoreS,
1335 654 1478 701 cum
1533 630 1782 699 Romae
1837 636 2010 699 esset
2060 632 2128 697 in
2183 654 2334 701 eum

320 722 869 807 compromissum,
914 744 998 787 an
1044 722 1104 787 ei
1150 721 1412 809 impune
1453 743 1584 785 non
1619 724 1939 824 pareatur,
1984 720 2336 804 quaeritur.

410 833 541 897 ‚qu
497 810 649 883 uid.
678 812 779 875 ‚si
831 813 900 878 in
951 832 1026 875 eo
1074 811 1244 891 loco,
1300 810 1408 893 qui
1453 809 1542 875 sit
1585 812 1756 877 circa
1799 810 2052 893 urbem,
2106 809 2336 875 adesse

317 861 621 965 iusserit?
711 899 999 983 Pegasus
1045 860 1336 965 admittit
1380 898 1595 963 valere
1639 899 1908 966 iussum.

967 1233 1047 1315 3.
1118 1236 1682 1312 OCTAVENUS

494 1400 643 1459 iuris
679 1400 925 1477 peritus,
959 1399 1061 1475 qui
1096 1418 1229 1458 cum
1265 1401 1768 1461 senatusconsulti
1803 1400 2119 1478 Pegasiani
2152 1401 2339 1461 ratio-

321 1508 459 1547 nem
512 1489 733 1548 habeat
778 1488 848 1547 D.
880 1490 981 1565 36,
1014 1491 1070 1566 1,
1106 1490 1217 1564 69,
1270 1489 1400 1564 ipse
1445 1490 1524 1548 ab
1567 1489 1838 1549 Aburnio
1885 1488 2144 1548 Valente
2191 1492 2252 1549 et
2299 1509 2341 1549 a

322 1578 648 1653 Pomponio
696 1570 797 1658 (D.
838 1578 940 1651 36,
973 1579 1029 1653 1,
1069 1578 1149 1637 69
1170 1597 1260 1653 pr.
1306 1578 1379 1639 D.
1410 1579 1513 1654 19,
1545 1579 1601 1653 1,
1630 1569 1763 1657 55),
1809 1577 1991 1652 idque
2034 1597 2156 1637 una
2199 1598 2341 1637 cum

324 1666 604 1725 Aristone
653 1659 908 1745 (‘Aristo
964 1670 1025 1725 et
1080 1663 1419 1725 Octavenus
1467 1660 1794 1742 putabant'
1849 1666 1921 1727 D.
1959 1668 2071 1741 40,
2113 1668 2178 1742 5,
2218 1661 2340 1746 20)

321 1754 617 1832 laudetur,
644 1754 1000 1830 Vespasiani
1025 1754 1151 1813 fere
1169 1755 1386 1814 aetatis
1407 1755 1574 1831 vixit,
1601 1758 1864 1817 ceterum
1882 1755 2054 1815 nobis
2072 1755 2342 1831 ignotus,

322 1844 425 1919 qui
460 1861 580 1901 non
614 1842 1042 1920 respondendo,
1083 1843 1186 1903 sed
1220 1843 1477 1903 fortasse
1511 1842 1631 1901 iuri
1658 1843 1938 1919 docend0,
1975 1846 2134 1903 certe
2162 1843 2343 1905 libris

322 1931 647 1992 scribendis
694 1950 935 2007 operam
981 1930 1161 2008 dedit,
1206 1930 1428 2009 Sabini,
1472 1934 1540 1991 ut
1584 1931 1849 1995 conicere
1883 1932 2043 2010 licet,
2079 1932 2340 1996 auditor.

502 2019 945 2080 Sententiarum
998 2021 1186 2079 maior
1239 2039 1380 2098 pars
1436 2021 1507 2080 de
1562 2022 1750 2081 servis
1802 2022 1901 2081 vel
1942 2020 2177 2081 libertis
2224 2025 2340 2082 est.

323 2111 638 2186 praeterea
692 2107 1028 2168 Octavenus
1091 2127 1226 2168 cum
1287 2111 1362 2168 de
1413 2109 1745 2187 peregrinis
1785 2110 2340 2170 manumissoribus

324 2197 475 2257 dixit
518 2200 650 2256 tum
694 2198 889 2274 legem
932 2197 1168 2256 Iuniam
1212 2198 1557 2258 Norbanam
1607 2199 1681 2256 ad
1723 2217 1828 2258 eos
1873 2217 1992 2258 non
2035 2199 2342 2274 pertinere

324 2286 608 2363 probavit
650 2280 909 2364 (Dosith.
958 2283 997 2360 ξ
1040 2279 1175 2366 12),
1228 2291 1301 2346 1117
1353 2287 1641 2359 nesciam,
1697 2307 1774 2346 an
1826 2307 1947 2348 non
1999 2289 2127 2346 tam
2173 2288 2342 2348 cives

325 2395 506 2451 quam
566 2375 957 2450 provinciales
1022 2375 1322 2434 auditores
1385 2375 1687 2450 habuerit3
1749 2377 1857 2434 illa
1919 2376 2075 2435 enim
2135 2380 2342 2436 aetate

327 2464 735 2523 adulescentes
767 2483 839 2523 ex
864 2463 1171 2540 provincia
1198 2464 1480 2524 oriundos
1509 2465 1732 2523 Romae
1759 2465 1879 2525 iuri
1906 2465 2069 2524 civili
2095 2483 2343 2540 operam

328 2553 558 2612 dedisse
604 2555 853 2613 constat.
944 2553 1222 2613 Philostr.
1269 2553 1334 2611 in
1377 2552 1504 2612 vita
1548 2551 1747 2628 Apoll.
1786 2553 1972 2630 Tyan.
2005 2556 2062 2630 7,
2091 2555 2193 2613 42.
2261 2555 2340 2614 cf.

326 2641 607 2701 Karlowa
642 2641 674 2700 I
715 2663 773 2718 p.
806 2643 949 2702 674.

502 2729 671 2800 Quod
724 2729 1111 2804 Pomponius,
1172 2729 1275 2804 qui
1330 2727 1617 2790 Octaveni
1674 2730 1992 2808 diligenter
2043 2731 2340 2790 rationem

326 2817 564 2893 habuit,
617 2835 736 2876 non
786 2819 963 2877 modo
1017 2817 1177 2892 quod
1232 2811 1516 2893 scripsit'
1571 2813 1671 2899 (D.
1703 2821 1812 2894 30,
1844 2811 1939 2900 9),
1996 2819 2100 2880 sed
2153 2821 2338 2878 etiam

327 2923 480 2981 quae
544 2864 849 2979 gputabat'
914 2899 1013 2985 (D.
1057 2908 1163 2982 19,
1206 2908 1267 2981 1,
1311 2909 1410 2966 55.
1467 2909 1578 2984 40,
1617 2910 1682 2978 5,
1723 2905 1836 2985 20)
1907 2907 2006 2967 vel
2069 2901 2338 2966 ‘aiebat'

328 2987 430 3160 ἓΙ).
459 2995 561 3068 40,
590 2995 649 3068 4,
681 2994 757 3051 61
766 2986 890 3074 2,)
926 2993 1149 3052 Valens
1188 2998 1406 3072 autem,
1443 2997 1601 3071 quod
1633 2994 1934 3056 Octaveno
1973 2991 2342 3057 ‘videbatur’

359 3081 431 3142 D.
464 3083 653 3158 36,1,
685 3083 763 3140 69
785 3074 937 3161 pr.)1
982 3082 1192 3156 refert,
1244 3087 1496 3162 uterque
1541 3085 1800 3146 fortasse
1844 3085 2002 3144 inter
2049 3083 2337 3145 Octaveni

329 3170 635 3229 auditores
680 3169 983 3229 habendus
1030 3176 1137 3229 est.

472 3363 500 3412 1
531 3357 683 3422 Quae
701 3355 969 3427 Ulpianus
999 3359 1057 3412 et
1074 3359 1384 3414 Marcianus
1409 3362 1672 3430 repetunt
1693 3360 2028 3415 ‘Octavenus
2055 3359 2338 3429 putabat’,

331 3428 600 3484 ‘dicebat’
642 3427 723 3496 (D.
752 3435 837 3496 40,
865 3436 913 3497 ’1,
935 3435 985 3500 9,
1004 3437 1054 3486 2.
1093 3437 1180 3500 20,
1200 3437 1250 3499 3,
1275 3434 1416 3500 1„2)
1454 3447 1484 3486 e
1522 3431 1826 3501 Pomponio
1863 3430 2124 3486 videntur
2158 3432 2338 3502 petita

326 3515 476 3555 esse·
512 3501 578 3553 D.
609 3507 657 3569 5,
687 3505 737 3568 3,
770 3471 837 3555 16
848 3519 931 3572 pr.
