2575 3900
354 165 482 231 386
557 166 623 222 V.
662 163 962 220 NERVAE
997 163 1092 219 ΕΤ
1125 164 1429 220 TRAIANI
1462 164 1674 219 ΤΕΜΡ.
1710 164 1903 221 IURIS
1942 163 2301 220 CONSULTI

353 331 423 394 in
480 329 616 393 acie
672 328 1011 393 dumtaxat
1064 328 1343 393 amissus
1400 350 1483 393 an
1536 333 1827 411 tempore
1881 327 2038 393 belli
2094 329 2385 394 amissus

352 416 606 503 prosit?
695 416 920 482 Aristo
967 416 1036 481 in
1082 416 1217 482 acie
1264 417 1574 481 amissum
1623 416 1974 481 dumtaxat.

531 529 826 607 Ulpianus
874 528 1068 588 addit:
1117 522 1250 607 ‘ego
1297 532 1445 605 puto
1492 547 1600 605 per
1634 531 1872 605 tempus
1909 529 2053 588 belli
2090 528 2380 590 amissum

355 618 571 678 debere
635 619 941 695 prodesse,
1004 636 1078 677 ne
1149 617 1391 692 publica
1454 621 1686 693 strages
1742 617 1903 693 patri
1955 611 2209 679 noceat'.
2312 622 2385 677 at

351 708 512 766 idem
543 707 840 783 Ulpianus
877 706 1030 765 libro
1068 706 1392 767 vicensimo
1429 707 1505 766 ad
1541 707 1738 781 legem
1775 706 1996 766 Iuliam
2033 710 2095 766 et
2125 706 2382 783 Papiam

355 789 454 879 (D.
491 799 591 874 27,
625 799 680 873 1,
715 791 825 876 18)
854 795 1200 855 Aristonem
1238 795 1533 873 sequitur:
1574 789 1755 855 ‘bello
1794 795 2000 855 amissi
2036 796 2112 855 ad
2148 796 2387 855 tutelae

353 886 796 946 excusationem
859 887 1130 961 prosunt.
1231 885 1573 962 quaesitum
1635 888 1729 945 est
1784 886 2009 957 autem,
2075 885 2181 961 qui
2236 887 2382 944 sunt

351 975 473 1051 isti,
518 978 723 1034 utrum
769 973 833 1033 hi
879 974 982 1051 qui
1027 973 1089 1031 in
1127 972 1252 1031 acie
1292 976 1432 1032 sunt
1466 972 1829 1051 interempti,
1876 992 1953 1033 an
1989 991 2131 1033 vero
2171 992 2381 1033 omnes

353 1064 610 1141 omnine,
657 1064 759 1139 qui
805 1081 913 1139 per
958 1081 1203 1121 causam
1248 1062 1393 1121 belli
1437 1061 1785 1137 parentibus
1832 1066 1972 1122 sunt
2007 1062 2286 1137 abrepti.
2318 1107 2333 1121 .
2365 1108 2377 1120 .

351 1152 568 1211 melius
613 1152 806 1230 igitur
847 1151 1201 1228 probabitur
1244 1170 1348 1210 eos
1396 1151 1553 1211 solos
1599 1151 1702 1227 qui
1737 1152 1800 1210 in
1837 1151 1961 1210 acie
1998 1151 2385 1225 amittuntur,

351 1240 632 1317 prodesse
679 1240 894 1300 debere
924 1286 937 1299 .
968 1287 982 1299 .
1013 1234 1053 1299 ‚⁹

530 1343 633 1409 39.
678 1341 758 1408 D.
796 1343 899 1425 26,
939 1342 999 1424 9,
1036 1343 1088 1407 1.
1165 1340 1560 1426 Pomponius
1607 1341 1775 1407 libro
1815 1340 2164 1406 vicensimo
2202 1363 2381 1406 nono

352 1432 432 1497 ad
472 1430 779 1497 Sabinum
821 1430 918 1516 (P.
951 1428 1124 1515 741).
1167 1464 1242 1476 —
1296 1428 1395 1494 Ob
1434 1430 1653 1495 dolum
1690 1430 1933 1495 malum
1971 1430 2076 1496 vel
2113 1430 2373 1514 culpam

351 1522 590 1585 tutoris
612 1520 835 1585 Aristo
864 1520 958 1584 ait
982 1517 1303 1603 pupillum
1331 1540 1771 1602 possessorem
1800 1518 2379 1585 condemnandum.

1096 1695 1196 1762 De
1239 1698 1631 1761 condictione.

527 1804 632 1869 40.
678 1803 754 1869 D.
789 1805 892 1888 12,
928 1806 984 1888 l,
1013 1803 1072 1881 9,
1103 1805 1161 1869 8.
1234 1800 1555 1886 Ulpianus
1593 1802 1762 1868 libro
1801 1802 2152 1868 vicensimo
2191 1806 2378 1868 sexto

352 1892 431 1959 ad
479 1892 755 1959 edictum
803 1891 899 1974 (P.
932 1888 1108 1980 769).
1155 1927 1240 1938 —
1291 1889 1359 1957 Si
1404 1913 1702 1958 nummos
1745 1912 1923 1957 meos
1961 1896 2076 1958 tuo
2113 1892 2379 1958 nomine

349 1982 580 2047 dedero
652 1982 833 2046 velut
899 1986 1048 2047 tuos
1114 1981 1382 2047 absente
1446 1984 1512 2045 te
1578 1986 1643 2046 et
1702 1981 2076 2066 ignorante,
2150 1981 2381 2048 Aristo

351 2070 577 2136 scribit
624 2069 878 2154 adquiri
923 2070 1056 2135 tibi·
1093 2070 1585 2136 condictionem.

533 2181 876 2258 Sequuntur
930 2183 1101 2242 haec:
1159 2176 1453 2241 ‘Iulianus
1498 2200 1733 2259 quoque
1773 2227 1785 2241 .
1818 2229 1830 2242 .
1862 2226 1875 2240 .
1901 2154 2125 2241 'scribit
2171 2201 2378 2241 veram

353 2289 480 2332 esse
527 2270 830 2330 Aristonis
878 2265 1278 2331 sententiam'.
1362 2269 1593 2348 reliqua
1639 2289 1676 2330 a
1721 2270 2088 2330 Triboniano
2135 2274 2385 2330 mutata

352 2363 508 2420 sunt.
580 2359 654 2421 cf.
692 2360 936 2420 Pernice
981 2360 1074 2419 ΙΠ
1114 2362 1238 2418 222
1287 2379 1345 2418 n.
1376 2361 1431 2418 4.

907 2491 1021 2599 ‘De
1063 2533 1383 2597 verborum
1428 2531 1804 2614 obliyatione.

526 2642 632 2708 41.
677 2640 754 2707 D.
784 2641 891 2724 46,
920 2641 979 2725 3,
1014 2640 1113 2704 16.
1199 2637 1592 2722 Pomponius
1639 2638 1805 2703 libro
1855 2638 2082 2722 quinto
2123 2637 2376 2704 decimo

353 2731 430 2795 ad
480 2728 790 2796 Sabinum
838 2728 938 2813 (P.
977 2725 1184 2812 60912).
1235 2763 1312 2774 —
1366 2726 1498 2792 Sub
1556 2725 1927 2793 condicione
1982 2726 2265 2793 debitori
2320 2729 2376 2793 si

352 2825 685 2903 acceptum
720 2817 986 2901 feratur,
1028 2819 1257 2900 postea
1296 2815 1669 2881 condicione
1706 2815 2018 2880 existente
2054 2816 2375 2902 intellegi·

351 2909 456 2970 tur
497 2907 628 2971 iam
667 2907 822 2971 olim
861 2906 1188 2970 liberatus.
1263 2907 1329 2968 et
1364 2903 1489 2968 hoc
1527 2905 1724 2970 etiam
1761 2903 1821 2968 si
1858 2905 2094 2970 solutio
2133 2927 2202 2970 re
2240 2906 2381 2990 fiat,

353 2994 636 3059 accidere
691 2994 916 3059 Aristo
971 2993 1244 3058 dicebat.
1346 2993 1605 3076 scripsit
1661 2993 1859 3078 enim,
1924 2993 1979 3057 si
2035 2994 2207 3078 quis,
2265 2995 2377 3078 qui

354 3081 473 3146 sub
520 3081 893 3147 condicione
938 3081 1275 3166 pecuniam
1321 3081 1641 3165 promisit,
1687 3082 1863 3147 dedit
1908 3103 2050 3147 eam
2099 3103 2177 3146 ea
2222 3104 2373 3148 con-

351 3170 620 3254 dicione,
665 3174 757 3255 ut,
804 3169 859 3234 si
908 3168 1196 3235 condicio
1245 3168 1619 3254 exstitisset,
1666 3171 1735 3234 in
1775 3171 2061 3236 solutum
2098 3171 2374 3249 cederet,

353 3257 668 3323 existente
731 3257 1100 3323 condicione
1156 3256 1419 3322 liberari
1475 3278 1620 3322 eum
1673 3280 1794 3324 nec
1850 3259 2137 3344 obstare,
2202 3259 2374 3344 quod

353 3349 504 3409 ante
554 3345 690 3410 eius
737 3346 1007 3430 pecunia
1052 3345 1228 3411 facta
1273 3350 1372 3410 est
1406 3343 1553 3428 <cui
1590 3346 1767 3411 dedit
1803 3370 1998 3431 quam
2036 3348 2381 3414 deberetur

353 3434 435 3515 ei3
483 3455 635 3498 nam
682 3455 759 3499 ex
802 3435 1127 3518 postfacto
1174 3435 1553 3499 creditorem
1603 3455 1748 3500 eum
1790 3435 2088 3522 intellegi
2124 3438 2258 3502 iam
2298 3457 2379 3502 eo

351 3525 667 3606 tempore,
714 3545 841 3607 quo
887 3523 1158 3607 pecunia
1203 3522 1340 3588 eius
1386 3521 1562 3586 facta
1608 3524 1763 3608 est).
