2575 3900
825 221 875 271 2.
912 217 952 268 F
958 214 1294 270 ULCINIUS
1331 213 1626 269 PRISCUS
2097 212 2230 279 263

386 383 813 442 Examinemus
875 383 1067 459 igitur
1137 383 1202 441 in
1264 402 1384 442 uno
1449 401 1687 459 quoque
1755 385 2023 456 auctore,
2099 381 2234 458 quis

207 471 401 532 Prisci
443 471 682 532 nomine
726 472 1006 532 videatur
1052 471 1375 549 designari.

386 560 589 637 Atque
655 561 1043 636 PomponiuS,
1115 559 1220 637 qui
1282 579 1402 619 non
1465 558 1707 634 quidem
1768 558 2063 632 Iavoleni,
2128 560 2232 618 sed

207 650 445 710 Neratii
491 653 554 708 et
580 648 841 708 Fulcinii
878 649 1206 709 sententias
1243 649 1432 722 affert,
1470 648 1534 707 in
1559 647 1892 707 Enchiridii
1925 648 2034 707 illo
2071 649 2230 725 frag-

204 743 412 799 mento
465 738 685 798 celebri
739 740 802 797 et
852 737 1041 797 Prisci
1093 736 1362 797 Iavoleni
1418 739 1480 797 et
1536 736 1724 796 Prisci
1777 736 2014 796 Neratii
2065 756 2228 795 men-

204 828 435 888 tionem
480 827 643 886 facit.
725 826 895 886 libris
942 827 1019 886 ad
1065 825 1356 886 Sabinum
1400 824 1635 885 Neratii
1681 828 1743 884 et
1787 825 1972 884 libros
2019 825 2230 885 laudat

206 910 309 996 (D.
339 919 444 992 41,
475 919 576 994 10,
606 918 644 975 3
684 909 993 975 ‘Neratius
1031 908 1323 991 scripsit')
1361 917 1423 974 et
1455 932 1741 990 responsa
1778 914 1968 990 affert,
2014 933 2100 974 ex.
2138 934 2226 992 gr.

202 1006 277 1065 D.
310 1008 413 1080 30,
447 1007 526 1065 13
578 997 916 1086 (‘Neratius
960 996 1342 1082 respondit'),
1390 1006 1452 1062 et
1496 1003 1586 1062 ita
1632 1001 1890 1080 quidem,
1936 1005 2005 1061 ut
2053 1003 2226 1078 pleno

204 1113 445 1173 quoque
482 1093 675 1152 Prisci
708 1093 942 1152 Neratii
978 1093 1216 1152 nomine
1254 1094 1464 1151 utatur
1503 1086 1602 1169 (D.
1634 1093 1736 1168 34,
1767 1095 1824 1171 3,
1856 1093 1913 1167 8,
1946 1083 2032 1172 2),
2070 1092 2228 1151 unde

204 1183 489 1257 efficitur,
537 1202 673 1242 cum
710 1182 1125 1256 Epistularum
1171 1181 1342 1239 libris
1388 1181 1630 1258 legatur
1675 1174 1935 1240 ‘Priscus
1981 1198 2224 1257 respon·

202 1267 338 1351 dit',
384 1272 459 1331 de
506 1270 713 1331 eodem
758 1269 1006 1330 Neratio
1054 1287 1387 1329 sermonem
1434 1287 1576 1328 esse.

379 1359 453 1419 In
505 1359 727 1418 Iuliani
781 1357 1135 1437 fragmentis
1190 1377 1385 1435 neque
1435 1356 1706 1417 Iavoleni
1758 1377 1947 1434 neque
1993 1358 2225 1418 Neratii

197 1468 395 1526 neque
424 1447 685 1508 Fulcinii
712 1467 927 1507 nomen
954 1447 1284 1524 invenitur3
1314 1451 1380 1506 at
1396 1446 1632 1505 Neratii
1661 1445 1900 1524 quidem
1929 1446 2225 1507 rationem

196 1539 442 1598 videtur
494 1537 769 1596 Iulianus
822 1537 1120 1597 habuisse.
1218 1537 1365 1594 haec
1422 1535 1580 1594 enim
1634 1534 1944 1613 leguntur:
2007 1535 2080 1595 D.
2125 1537 2226 1612 19,

203 1630 260 1704 1,
295 1630 396 1695 11,
433 1629 513 1686 13
554 1619 862 1685 ‘Neratius
890 1625 978 1684 ait
1006 1672 1017 1684 .
1051 1671 1064 1684 .
1097 1670 1109 1683 .
1140 1625 1246 1683 sed
1271 1624 1542 1683 Iulianus
1572 1670 1584 1683 .
1615 1671 1628 1685 .
1661 1669 1672 1681 .
1702 1619 1962 1699 probat'.
2025 1625 2100 1684 D.
2124 1627 2224 1699 14,

200 1719 260 1794 6,
300 1719 445 1792 7pr.
507 1708 813 1774 ‘Neratius
850 1761 863 1774 .
896 1762 907 1772 .
939 1758 952 1772 .
994 1712 1094 1772 ait.
1186 1712 1347 1772 idem
1403 1711 1609 1771 Celsus
1649 1757 1662 1770 .
1693 1759 1705 1770 .
1737 1757 1750 1772 .
1790 1712 1894 1772 sed
1952 1713 2224 1774 Iulianus

196 1799 424 1864 adicit'.
517 1804 588 1863 D.
623 1803 721 1876 15,
756 1806 811 1878 1,
846 1804 945 1880 11,
975 1804 1013 1862 3
1072 1795 1378 1861 ‘Neratius
1426 1803 1488 1861 et
1532 1801 1734 1862 Nerva
1778 1804 2023 1879 putant,
2077 1802 2224 1862 item

196 1893 485 1954 Neratius
515 1937 529 1952 .
560 1938 572 1953 .
606 1938 617 1951 .
648 1890 858 1951 scribit
886 1938 898 1952 .
930 1883 967 1951 .'
1040 1890 1245 1968 itaque
1292 1889 1394 1950 ille
1441 1889 1601 1967 apud
1647 1889 1946 1950 Iulianum
1983 1891 2222 1953 Priscus

196 2001 333 2042 cum
381 1981 645 2059 Leneli0,
702 1979 805 2057 qui
850 1981 921 2040 D.
954 1981 1057 2055 39,
1088 1983 1144 2057 6,
1175 1982 1254 2039 21
1306 1980 1369 2038 in
1413 1980 1649 2039 Neratii
1693 1980 2033 2059 fragmenta
2071 1974 2220 2062 (99)

193 2072 449 2149 recepit,
502 2070 791 2130 Neratius
843 2068 1055 2128 haberi
1107 2072 1332 2145 potest3
1389 2068 1492 2128 sed
1538 2071 1778 2128 tantum
1824 2068 2216 2130 dubitationis

194 2163 485 2235 remanet,
529 2161 603 2217 ut
647 2158 927 2218 Karlowa
969 2157 1002 2215 I
1051 2160 1175 2217 693
1223 2157 1416 2217 Prisci
1460 2157 1698 2217 nomine
1743 2158 1856 2217 hoc
1902 2159 2032 2218 loco
2080 2158 2220 2218 Ful·

195 2248 418 2308 cinium
465 2247 768 2325 designari
810 2264 984 2323 posse
1028 2246 1267 2305 iudicet.

375 2336 565 2407 Quem
610 2335 905 2412 Ulpianus
951 2335 1138 2394 Prisci
1187 2334 1426 2394 nomine
1482 2335 1795 2413 designare
1851 2335 2026 2409 velit,
2083 2355 2220 2395 cum

196 2430 257 2486 et
302 2426 654 2487 Iavolenum
701 2428 764 2483 et
806 2423 1123 2483 Neratium
1170 2425 1231 2482 et
1276 2423 1619 2483 Fulcinium
1663 2423 1885 2499 ubique
1935 2424 2078 2483 solis
2123 2426 2217 2485 his

193 2515 535 2574 nominibus
571 2514 793 2587 laudet,
830 2514 991 2571 certo
1028 2512 1329 2588 explorari
1362 2512 1587 2587 nequit.
1668 2512 1732 2570 in
1767 2513 2104 2590 fragmento
2145 2533 2218 2573 ex

195 2603 365 2663 libris
404 2602 483 2661 ad
512 2601 798 2660 Sabinum
836 2600 1150 2675 desumpto
1190 2602 1251 2658 et
1280 2599 1583 2676 Stephano
1621 2603 1866 2659 auctore
1903 2602 2216 2663 emendato

197 2684 495 2773 (‘Priscus
553 2693 615 2749 et
661 2690 948 2749 Neratius
992 2682 1264 2769 putant')
1319 2687 1513 2747 Prisci
1558 2689 1780 2747 nomini
1825 2688 2028 2764 potius
2073 2690 2217 2748 Ful-

196 2780 420 2839 cinium
458 2797 643 2859 quam
668 2777 1019 2839 Iavolenum
1056 2778 1300 2836 subesse
1327 2776 1609 2837 Karlowa
1652 2777 1694 2835 l.
1720 2778 1760 2838 l.
1797 2776 1931 2836 ideo
1968 2776 2210 2852 iudicat,

196 2869 355 2946 quod
400 2869 719 2928 Neratium
763 2866 1023 2926 Fulcinii
1066 2865 1361 2925 rationem
1406 2864 1687 2925 habuisse
1732 2864 2025 2925 traditum
2072 2866 2168 2926 sit.

372 2958 446 3016 In
493 2956 667 3017 Pauli
713 2956 1065 3032 fragmentis
1106 2954 1426 3015 Iavolenus
1483 2957 1662 3032 atque
1707 2953 1992 3014 Neratius
2039 2955 2215 3016 nudis

197 3046 289 3106 his
326 3045 668 3105 nominibus
708 3044 1115 3121 designantur,
1153 3043 1462 3103 Fulcinius
1490 3062 1631 3104 vero
1659 3044 1835 3104 modo
1866 3043 2216 3119 simpliciter

197 3127 571 3210 ‘Fulcinius',
607 3133 783 3193 modo
814 3126 1079 3193 ‘Priscus
1110 3126 1440 3193 Fulcinius'
1479 3132 1698 3192 dicitur
1727 3125 1826 3213 (D.
1858 3135 1960 3211 31,
1990 3135 2093 3208 49,
2125 3127 2212 3215 2),

193 3228 263 3283 ut
308 3242 485 3301 quem
532 3216 851 3282 ‘Priscum'
896 3223 1182 3296 nominat,
1231 3222 1485 3282 eundem
1527 3221 1867 3283 existimare
1913 3221 2108 3284 liceat.

954 3382 999 3441 I.
1049 3380 1459 3458 Responsa?

370 3488 629 3548 Fulcinii
682 3506 965 3564 responsa
1019 3507 1384 3565 quamquam
1434 3506 1551 3547 non
1606 3486 1826 3545 diserte
1871 3486 2210 3564 traduntur,

190 3575 349 3637 inter
410 3577 737 3638 sententias
794 3578 921 3636 eius
978 3595 1107 3637 esse
1161 3579 1429 3652 possunt.
1522 3576 1595 3634 cf.
1631 3573 1702 3634 D.
1736 3577 1836 3651 39,
1869 3578 1925 3651 6,
1955 3575 2057 3633 43.
2105 3576 2209 3650 43,
