2575 3900
318 199 452 264 574
1051 200 1607 258 ADDITAMENTA

1055 383 1276 448 Locati
1318 384 1613 448 conducti.

505 506 608 571 36.
667 504 808 570 Gai.
865 507 925 585 3,
986 507 1129 572 143.
1182 543 1260 554 —
1311 557 1373 572 ..
1422 507 1476 570 si
1526 508 1736 571 alieno
1784 506 2054 573 arbitrio
2111 529 2363 573 merces

320 595 645 680 permissa
691 594 796 679 sit,
839 595 1016 660 velut
1067 596 1289 680 quanti
1338 595 1551 662 Titius
1603 595 2058 680 aestimaverit,
2105 597 2363 682 quaeri-

319 691 464 767 tur,
537 705 620 747 an
693 684 930 748 locatio
997 687 1064 748 et
1127 684 1463 749 conductio
1540 685 1977 750 contrahatur.
2070 708 2194 770 qua
2276 687 2362 749 de

322 794 524 837 causa
552 773 606 836 si
629 771 859 837 fulloni
877 771 1182 857 polienda
1204 772 1582 853 curandave‚
1612 775 1991 839 sarcinatori
2021 775 2361 840 sarcienda

321 860 713 926 vestimenta
768 861 1067 944 dederim,
1123 863 1300 926 nulla
1347 863 1569 926 statim
1626 863 1915 928 mercede
1974 863 2357 943 constituta,

320 953 556 1033 postea
608 953 865 1014 tantum
923 949 1187 1015 daturus
1245 951 1475 1035 quanti
1539 951 1707 1016 inter
1770 974 1891 1016 nos
1959 953 2355 1033 convenerit,

321 1038 656 1122 quaeritur
701 1061 784 1102 an
831 1038 1069 1103 locatio
1119 1045 1184 1104 et
1219 1038 1558 1105 conductio
1596 1040 2032 1105 contrahatur.

501 1146 600 1210 37.
660 1143 917 1228 Gai.3,
981 1146 1122 1211 144.
1179 1183 1262 1192 —
1322 1145 1487 1211 Item
1554 1149 1611 1210 si
1675 1167 1807 1210 rem
1865 1146 1987 1210 tibi
2043 1147 2356 1211 utendam

323 1233 607 1298 dederim
683 1237 749 1297 et
819 1233 1095 1298 invicem
1158 1235 1353 1298 aliam
1420 1255 1555 1298 rem
1620 1234 1921 1299 utendam
1980 1235 2357 1327 acceperim,

321 1321 651 1406 quaeritur
698 1344 781 1387 an
828 1323 1063 1387 locatio
1111 1326 1178 1387 et
1214 1323 1553 1389 conductio
1592 1323 2031 1390 contrahatur.

499 1429 603 1494 38.
658 1427 798 1494 Gai.
855 1429 914 1508 3,
973 1429 1117 1495 145.
1173 1466 1244 1477 —
1306 1428 1488 1495 Adeo
1537 1482 1552 1497 .
1582 1481 1596 1495 .
1644 1431 1886 1514 emptio
1950 1435 2015 1494 et
2060 1430 2353 1496 venditio

321 1523 387 1582 et
441 1517 676 1583 locatio
734 1518 1069 1583 conductio
1127 1517 1637 1583 familiaritatem
1703 1519 1989 1603 aliquam
2044 1521 2212 1584 inter
2277 1541 2349 1583 se
2404 1577 2413 1586 .

319 1607 557 1671 habere
594 1606 906 1684 videntur,
957 1609 1027 1670 ut
1071 1606 1139 1671 in
1180 1606 1565 1691 quibusdam
1604 1607 1815 1672 causis
1854 1609 2075 1692 quaeri
2118 1609 2349 1691 soleat,

321 1700 536 1760 utrum
606 1696 846 1781 emptio
912 1699 977 1759 et
1033 1695 1320 1760 venditio
1379 1695 1800 1762 contrahatur
1858 1719 1945 1762 an
1990 1697 2228 1762 locatio
2285 1700 2352 1761 et

322 1784 677 1849 conductio.
769 1784 967 1848 veluti
1014 1785 1069 1848 si
1115 1806 1244 1869 qua
1287 1806 1389 1848 res
1437 1785 1506 1848 in
1551 1789 1932 1868 perpetuum
1981 1786 2197 1851 locata
2243 1786 2349 1863 sit,

322 1872 492 1957 quod
522 1873 735 1937 evenit
779 1873 844 1936 in
883 1872 1162 1957 praediis
1201 1873 1599 1959 municipum
1631 1895 1795 1959 quae
1828 1896 1911 1947 ,ea
1947 1875 2093 1959 lege
2129 1875 2348 1939 locan-

321 1965 448 2044 tur,
504 1968 569 2025 et
622 1962 931 2046 quamdiu
987 1963 1262 2048 vectigal
1318 1968 1696 2048 praestetur,
1740 1984 1948 2047 neque
2004 1965 2132 2049 ipsi
2196 1986 2347 2029 con-

323 2051 575 2116 ductori
620 2072 824 2134 neque
871 2051 1092 2116 heredi
1138 2053 1275 2116 eius
1321 2052 1656 2136 praedium
1705 2052 2050 2118 auferatur.

499 2157 603 2222 39.
650 2155 880 2243 Gai.3‚
913 2158 1054 2223 146.
1085 2196 1170 2205 —
1197 2158 1363 2223 Item
1405 2159 1810 2243 [quaeritur],
1856 2159 1911 2223 si
1951 2158 2345 2243 gladiatores

322 2268 398 2310 ea
451 2246 596 2331 lege
652 2246 774 2310 tibi
826 2246 1230 2329 tradiderim,
1300 2251 1375 2312 ut
1437 2247 1505 2310 in
1562 2247 1853 2333 singulos
1921 2249 2031 2332 qui
2104 2249 2346 2334 integri

322 2334 622 2417 exierint,
679 2358 798 2419 pro
865 2336 1094 2401 sudore
1155 2337 1421 2401 denario
1480 2335 1605 2401 XX
1666 2336 1825 2401 mihi
1883 2336 2213 2422 darentur,
2275 2340 2347 2402 in

321 2444 433 2487 eos
499 2446 650 2489 vero
707 2426 1014 2509 singuloS,
1075 2426 1187 2509 qui
1245 2425 1441 2490 occisi
1516 2430 1629 2490 aut
1703 2423 2024 2489 debilitati
2082 2426 2347 2503 fuerint,

322 2512 570 2577 denarii
617 2513 818 2596 mille,
874 2515 1204 2596 quaeritur
1248 2518 1464 2578 utrum
1512 2513 1753 2598 emptio
1810 2517 1876 2578 et
1929 2515 2213 2579 venditio
2260 2536 2346 2579 an

320 2602 562 2668 locatio
609 2606 675 2666 et
721 2602 1056 2667 conductio
1104 2604 1543 2668 contrahatur.

499 2711 603 2775 40.
659 2706 798 2773 Gai.
845 2708 905 2789 3,
955 2707 1098 2772 147.
1150 2744 1226 2755 -
1275 2707 1439 2773 Item
1490 2710 1836 2793 quaeritur,
1884 2710 1941 2774 si
1987 2732 2130 2775 cum
2177 2710 2347 2773 auri-

326 2798 442 2862 fice
498 2798 655 2862 mihi
720 2799 1121 2880 convenerit,
1184 2802 1257 2862 ut
1312 2799 1368 2861 is
1439 2820 1514 2861 ex
1578 2820 1733 2863 auro
1792 2819 1907 2863 suo
1966 2798 2124 2863 certi
2177 2818 2345 2883 pon-

327 2885 492 2949 deris
577 2889 914 2970 certaeque
1005 2885 1251 2951 formae
1346 2887 1574 2950 anulos
1664 2886 1824 2950 mihi
1914 2887 2183 2969 faceret,
2276 2894 2345 2951 et

325 2974 645 3057 acceperit
699 2975 878 3039 verbi
926 2976 1140 3059 gratia
1186 2975 1484 3041 denarios
1534 2973 1659 3057 OC,
1718 2980 1935 3039 utrum
1985 2976 2228 3060 emptio
2276 2979 2344 3039 et

325 3063 609 3126 venditio
659 3078 742 3127 an
789 3064 1025 3129 locatio
1073 3072 1138 3128 et
1183 3065 1524 3129 conductio
1572 3065 2011 3130 contrahatur.

501 3174 572 3233 cf.
618 3194 675 3250 p.
729 3176 827 3235 75.

1117 3369 1540 3380 Ἦ
