2575 3900
1008 178 1057 227 τ.
1093 169 1469 228 PRocULUs
2111 168 2239 239 161

396 333 499 397 91.
547 331 624 397 D.
645 333 751 418 45,
772 334 830 413 3,
851 334 955 413 28,
974 335 1035 398 4.
1097 333 1295 399 Gaius
1331 334 1500 400 libro
1539 336 1734 401 tertio
1773 337 1850 400 de
1878 335 2241 402 Verborum

214 418 744 504 Obligationibus
794 419 890 509 (P.
929 421 1107 508 516).
1164 460 1249 469 ——
1306 421 1474 488 Illud
1540 424 1903 508 quaesitum
1968 429 2091 508 est,
2156 448 2238 491 an

214 508 437 573 heredi
473 508 690 575 futuro
728 532 951 575 servus
988 512 1413 576 hereditarius
1453 507 1762 596 stipulari·
1783 514 2009 598 possit.
2082 513 2241 581 Pro-

213 598 398 663 culus
447 599 744 683 negavit,
790 600 941 683 quia
984 600 1038 664 is
1087 622 1160 665 eo
1208 604 1498 684 tempore
1545 605 1885 667 extraneus
1933 606 2046 669 est.

389 692 462 750 cf.
501 690 775 751 Cassium
819 714 875 769 p.
908 695 1008 754 25.

394 774 497 839 92.
537 774 677 839 Gai.
701 778 759 859 3,
785 777 954 841 167⁸.
981 814 1069 824 —
1094 776 1263 841 Illud
1302 777 1628 862 quaeritur
1664 800 1748 843 an
1787 780 1957 864 quod
1994 780 2237 845 domini

209 884 448 929 nomen
507 863 828 930 adiectum
875 865 1071 931 efficit
1114 863 1228 951 (sc.
1258 866 1315 930 si
1363 888 1584 931 servus
1632 869 1987 933 communis
2036 870 2238 953 stipu-

211 952 383 1016 letur
419 953 820 1037 mancipiove
858 954 1149 1039 accipiat,
1186 958 1260 1018 ut
1297 954 1554 1021 domino
1589 956 1687 1019 illi
1726 957 1852 1021 soli
1888 955 2238 1044 adquirat),

213 1040 387 1105 idem
441 1040 641 1105 faciat
692 1042 882 1107 unius
940 1064 1017 1106 ex
1073 1043 1347 1110 dominis
1392 1044 1638 1108 iussum
1683 1044 2080 1112 intercedens
2128 1096 2144 1110 .
2173 1095 2189 1112 .
2219 1098 2234 1111 .

213 1128 504 1195 diversae
588 1130 842 1195 scholae
920 1134 1211 1196 auctores
1284 1131 1550 1215 proinde
1620 1134 1910 1219 utrisque
1984 1135 2237 1220 adquiri

205 1221 474 1302 putant,
520 1240 595 1283 ac
640 1218 697 1283 si
740 1218 980 1284 nullius
1025 1218 1272 1285 iussum
1319 1220 1792 1287 intervenisset.

981 1370 1081 1436 De
1124 1372 1466 1437 novatione.

387 1476 491 1540 93.
546 1474 775 1558 Gai.„3,
809 1477 953 1541 177.
987 1477 1129 1543 178.
1180 1513 1257 1523 —
1308 1526 1324 1542 .
1355 1527 1370 1542 .
1427 1478 1482 1541 si
1536 1478 1756 1543 eadem
1803 1501 2080 1563 persona
2123 1483 2234 1567 sit,

212 1587 252 1629 a
299 1586 427 1649 qua
469 1569 696 1648 postea
742 1564 1042 1649 stipuler,
1086 1566 1181 1630 ita
1225 1565 1481 1630 demum
1525 1567 1790 1632 novatio
1835 1568 1926 1649 fit,
1978 1568 2033 1634 si
2079 1571 2231 1656 quid

208 1654 273 1717 in
330 1654 687 1737 posteriore
744 1654 1162 1737 stipulatione
1218 1655 1374 1719 novi
1426 1655 1542 1739 sit,
1604 1654 1773 1720 forte
1829 1658 1884 1720 si
1939 1657 2229 1725 condicio

209 1745 321 1807 aut
386 1742 519 1806 dies
584 1746 699 1807 aut
760 1763 1032 1825 sponsor
1087 1742 1403 1808 adiciatur
1457 1746 1571 1808 aut
1625 1744 2017 1812 detrahatur.
2117 1748 2229 1811 sed

206 1830 380 1915 quod
427 1830 503 1895 de
550 1852 863 1916 sponsore
910 1830 1207 1914 diximus,
1250 1853 1381 1896 non
1419 1836 1703 1917 constat3
1750 1855 1900 1898 nam
1938 1835 2228 1901 diversae

203 1920 462 1985 scholae
504 1919 873 1985 auctoribus
901 1920 1148 2004 placuit
1174 1921 1337 1985 nihil
1369 1921 1450 1986 ad
1478 1921 1888 1987 novationem
1916 1924 2228 2007 proficere

202 2009 532 2093 sponsoris
580 2008 1000 2074 adiectionem
1048 2014 1162 2074 aut
1206 2009 1688 2077 detractionem.

999 2165 1095 2225 De
1137 2167 1427 2226 solutione.

379 2266 483 2330 94.
529 2264 667 2330 Gai.
688 2265 747 2349 3,
771 2266 914 2330 168.
961 2301 1045 2312 —-
1092 2266 1372 2332 Tollitur
1416 2317 1431 2333 .
1461 2317 1476 2332 .
1523 2267 1838 2352 obligatio
1883 2271 2227 2354 praecipue

201 2355 525 2422 solutione
573 2353 708 2418 eius
755 2354 926 2438 quod
972 2353 1257 2420 debetur.
1353 2357 1521 2420 unde
1566 2357 1923 2442 quaeritur,
1979 2359 2036 2422 si
2082 2360 2225 2444 quis

200 2444 645 2520 consentiente
703 2443 1015 2508 creditore
1071 2444 1246 2508 aliud
1301 2466 1418 2527 pro
1477 2444 1604 2509 alio
1661 2446 1950 2526 solverit,
2009 2450 2224 2513 utrum

199 2533 345 2617 ipso
394 2532 531 2596 iure
579 2531 904 2610 liberetur,
1085 2553 1167 2596 an
1212 2533 1356 2615 ipso
1404 2533 1542 2598 iure
1579 2537 1838 2598 maneat
1876 2535 2226 2620 obligatuS,

198 2621 311 2685 sed
376 2619 681 2685 adversus
745 2623 1071 2703 petentem
1136 2620 1512 2703 exceptione
1570 2621 1704 2686 doli
1757 2622 1915 2690 mali
1971 2623 2223 2689 defendi

194 2709 457 2795 debeat,
522 2709 693 2794 quod
753 2708 1042 2774 diversae
1100 2709 1360 2774 scholae
1416 2709 1783 2774 auctoribus
1838 2711 2049 2774 visum
2105 2717 2224 2778 est.

475 2867 575 2935 De
618 2867 865 2935 iudiciis
898 2869 1170 2952 privatis
1212 2873 1270 2934 et
1311 2869 1381 2934 in
1423 2889 1554 2961 rem
1597 2869 1950 2936 actionibus.

558 2978 662 3040 Aa
705 2981 879 3056 leyem
921 2981 1147 3042 Iuliam
1192 2983 1261 3041 de
1303 2982 1536 3042 iudiciis
1567 2983 1864 3056 privatis?

210 3111 217 3122 ·
374 3078 480 3145 95.
534 3079 615 3146 D.
642 3082 747 3164 50,
779 3083 879 3166 16,
906 3083 965 3147 4.
1057 3081 1295 3147 Paulus
1341 3083 1507 3149 libro
1551 3084 1762 3167 primo
1810 3084 1890 3148 ad
1939 3085 2217 3151 edictum

195 3169 298 3257 (P.
327 3165 463 3256 94).
508 3206 581 3217 -
625 3169 974 3236 ‘Nominis'
1019 3171 1454 3254 appellatione
1499 3169 1635 3236 re'm
1677 3173 2027 3258 significari
2066 3174 2221 3240 Pro·

192 3259 378 3323 culus
426 3257 537 3323 ait.

371 3352 445 3412 D.
485 3354 595 3428 50,
640 3357 746 3426 16,
790 3356 827 3414 6
875 3353 1011 3431 Ulp.
1078 3347 1397 3415 ‘Nominis'
1451 3357 1514 3415 et
1567 3349 1702 3414 ‘rei'
1757 3355 2080 3432 appellatio
2139 3356 2218 3415 ad

194 3459 432 3501 omnem
492 3443 864 3501 contractum
919 3447 980 3502 et
1033 3443 1458 3520 obligationem
1517 3444 1794 3519 pertinet.
1908 3445 1980 3504 cf.
2031 3443 2218 3502 Lenel

191 3529 373 3589 Edict
417 3531 473 3606 p.
504 3531 608 3591 45.

310 3637 503 3687 Iurispr.
532 3639 769 3682 antehadr.
796 3640 897 3681 rell.
928 3640 996 3681 ed.
1025 3640 1221 3682 Bremer.
1267 3641 1331 3693 11,
1351 3643 1390 3681 2.
1831 3632 1894 3682 11
