2575 3900
319 185 363 247 5
371 185 405 247 7
412 183 452 247 6
1061 181 1162 236 AD
1169 181 1610 237 DITAMENTA.

327 371 365 412 a
401 347 722 431 plerisque
760 346 1166 429 improbatae
1203 349 1357 410 sunt
1393 343 1661 409 ‘Titium
1697 345 1993 410 heredem
2030 343 2361 423 instituo',

321 437 481 501 item
529 435 853 500 ‘heredem
901 434 1113 501 facio’.

501 526 559 588 6.
627 523 700 589 D.
749 525 854 609 28,
901 523 962 606 5,
1007 523 1110 606 31,
1158 525 1214 588 1.
1286 521 1486 588 Gaius
1542 522 1711 588 libro
1770 524 2042 606 septimo
2100 520 2355 587 decimo

323 613 405 678 ad
452 613 731 678 edictum
777 612 1188 697 provinciale.
1241 647 1319 660 --
1370 611 1849 677 Hereditarium
1898 633 2152 676 servum
2199 617 2355 675 ante

323 701 562 766 aditam
597 701 1024 766 hereditatem
1051 750 1066 765 .
1088 753 1101 765 .
1123 749 1140 764 .
1165 701 1417 784 placuit
1448 699 1745 766 heredem
1776 701 2026 766 institui
2052 721 2241 782 posse
2266 752 2281 765 .
2302 750 2317 765 .
2338 753 2352 765 .

505 792 562 855 7.
609 789 750 857 Gai.
787 791 847 874 2,
897 790 1040 855 132.
1084 826 1159 838 —
1201 789 1591 871 <Masculini
1628 841 1643 854 .
1674 840 1688 854 .
1719 838 1734 853 .
1772 812 1958 854 sexus
1996 790 2351 873 perso>nas

321 879 567 963 placuit
622 900 753 943 non
809 877 998 943 aliter
1049 882 1220 944 recte
1277 876 1722 961 ex<heredari,
1776 877 1903 942 ni'si
1958 877 2351 942 nominatim

323 967 793 1033 exheredentur
840 1019 854 1033 .
886 1020 900 1032 .
929 968 984 1048 .>

503 1058 560 1123 8.
626 1055 768 1122 Gai.
818 1059 882 1139 1,
928 1055 1030 1121 25.
1069 1092 1153 1103 -
1193 1055 1281 1120 Hi
1330 1107 1343 1120 .
1374 1108 1387 1122 .
1435 1055 1544 1140 qui
1594 1054 2037 1120 dediticiorum
2084 1075 2353 1119 numero

323 1149 492 1229 sunt,
553 1144 732 1210 nullo
790 1145 981 1209 modo
1042 1166 1118 1209 ex
1177 1148 1567 1210 testamento
1616 1165 1839 1229 capere
1882 1147 2172 1229 possunt,
2216 1164 2353 1207 non

324 1236 535 1317 magis
583 1255 778 1318 quam
814 1233 1086 1318 quilibet
1120 1233 1518 1317 peregrinae,
1570 1254 1686 1298 nec
1723 1233 1850 1317 ipsi
1884 1236 2353 1298 testamentum

323 1323 535 1388 facere
579 1328 852 1406 possunt
898 1321 1247 1387 secundum
1292 1321 1357 1386 id
1405 1320 1575 1406 quod
1623 1323 1827 1407 magis
1872 1321 2135 1406 placuit.

941 1498 1044 1564 De
1089 1499 1375 1583 leyitimis
1416 1499 1748 1565 heredibus.

506 1624 564 1688 9.
613 1623 752 1689 Gai.
783 1625 844 1708 3,
872 1625 931 1690 8.
971 1661 1054 1670 —
1095 1673 1110 1688 .
1141 1675 1154 1688 .
1192 1624 1498 1708 placebat
1533 1627 1801 1708 nepotes
1839 1631 2156 1707 neptesve,
2193 1623 2347 1686 item

325 1716 713 1797 pronepotes
750 1718 1176 1797 proneptesve
1206 1713 1275 1776 in
1303 1713 1589 1796 parentis
1628 1712 1725 1777 sui
1765 1713 1971 1777 locum
2002 1709 2348 1776 succedere.

507 1803 606 1866 10.
679 1800 817 1866 Gai.
865 1803 925 1883 3,
976 1802 1074 1867 16.
1141 1837 1226 1848 —-—
1294 1849 1310 1866 .
1347 1850 1364 1865 .
1413 1802 1467 1866 si
1523 1801 1806 1866 defuncti
1868 1800 2088 1864 nullus
2149 1798 2353 1864 frater

328 1895 528 1972 extet,
591 1891 789 1975 <sed>
851 1892 981 1956 sint
1041 1891 1228 1956 liberi
1293 1890 1596 1975 fratrum,
1662 1889 1740 1954 ad
1807 1910 2029 1956 omnes
2094 1887 2351 1975 quidem

327 1980 650 2045 hereditas
696 1981 990 2064 pertinet.
1047 1980 1159 2045 sed
1206 1981 1573 2064 quaesitum
1620 1984 1737 2063 est,
1793 1980 1847 2043 si
1895 1979 2140 2063 dispari
2184 1978 2353 2043 forte

327 2091 593 2135 numero
659 2072 790 2133 sint
843 2070 1004 2152 nati,
1069 2075 1143 2133 ut
1203 2089 1282 2133 ex
1344 2090 1421 2133 eo
1477 2090 1606 2133 uno
1672 2090 1836 2133 unus
1901 2068 2002 2132 vel
2068 2066 2211 2150 duo,
2277 2089 2353 2130 ex

329 2160 534 2224 altero
591 2163 725 2222 tres
781 2158 884 2221 vel
942 2163 1276 2241 quattuor,
1339 2163 1557 2222 utrum
1608 2158 1678 2221 in
1734 2158 1965 2241 stirpes
2013 2155 2353 2221 dividenda

330 2248 415 2312 sit
478 2246 820 2329 hereditas,
884 2246 1052 2311 sicut
1113 2247 1282 2311 inter
1348 2266 1498 2311 suos
1554 2244 1819 2311 heredes
1872 2245 2030 2310 iuris
2097 2250 2214 2329 est,
2268 2265 2353 2309 an

327 2337 546 2421 potius
593 2335 663 2398 in
708 2334 941 2419 capita.
1003 2340 1133 2400 iam
1182 2334 1420 2399 dudum
1466 2340 1682 2400 tamen
1720 2334 1984 2420 placuit,
2029 2334 2096 2398 in
2144 2335 2353 2417 capita

330 2423 738 2489 dividendam
787 2444 925 2488 esse
971 2424 1415 2489 hereditatem.

513 2514 612 2578 11.
687 2512 825 2579 Gai.
873 2513 935 2597 3,
983 2514 1082 2577 14.
1142 2548 1225 2561 —
1287 2512 1473 2589 Quod
1528 2511 1609 2576 ad
1664 2510 1938 2576 feminas
1987 2562 2000 2575 .
2039 2561 2053 2575 .
2101 2511 2353 2591 attinet,

329 2603 400 2667 in
473 2602 597 2667 hoc
660 2602 796 2666 iure
877 2600 992 2687 (sc.
1051 2608 1220 2686 quod
1296 2602 1376 2665 ad
1440 2602 1897 2665 intestatorum
1960 2599 2350 2664 hereditates

333 2688 597 2777 attinet)
629 2691 803 2756 aliud
832 2695 896 2753 in
926 2691 1214 2774 ipsarum
1242 2690 1710 2755 hereditatibus
1741 2687 2063 2773 capiendis
2092 2689 2354 2772 placuit,

333 2780 506 2845 aliud
552 2784 618 2844 in
663 2783 1018 2844 ceterorum
1064 2779 1255 2845 bonis
1310 2780 1390 2843 ab
1447 2779 1553 2843 his
1593 2778 1935 2864 capiendis
1980 2799 2131 2842 nam
2169 2777 2353 2842 femi-

330 2891 558 2933 narum
606 2867 999 2933 hereditates
1048 2869 1310 2952 proinde
1358 2867 1438 2932 ad
1474 2890 1595 2932 nos
1634 2866 2003 2952 agnationis
2041 2864 2180 2931 iure
2218 2865 2351 2930 red-

333 2965 487 3021 eunt
541 2962 733 3041 atque
780 2958 1246 3041 masculorum3
1303 2961 1564 3021 nostrae
1623 2978 1773 3020 vero
1834 2953 2224 3020 hereditates
2272 2954 2351 3018 ad

331 3046 608 3110 feminas
655 3046 828 3111 ultra
865 3048 1489 3131 consanguineorum
1529 3045 1799 3130 gradum
1845 3066 1975 3109 non
2011 3043 2351 3128 pertinent.

1159 3222 1262 3289 De
1308 3224 1539 3306 Zeyatis.

847 3344 941 3404 De
986 3346 1186 3420 legatis
1219 3362 1335 3419 per
1378 3345 1838 3405 vindicationem.

517 3455 616 3521 12.
682 3453 819 3519 Gai.
867 3456 937 3537 2,
989 3456 1130 3521 196.
1178 3492 1266 3502 -
1311 3454 1444 3520 Eae
1494 3507 1547 3519 ..
1607 3455 1779 3519 solae
1829 3474 1935 3519 res
1990 3475 2103 3538 per
2148 3452 2353 3517 vindi-

339 3544 658 3609 cationem
686 3544 988 3629 legantur
1024 3547 1210 3625 recte,
1257 3565 1420 3627 quae
1468 3565 1545 3607 ex
1590 3544 1727 3608 iure
1766 3542 2112 3620 Quiritium
2150 3542 2353 3625 ipsius
