2575 3900
335 154 463 220 162
492 154 590 210 ΙΙΙ.
610 152 764 210 GAII
783 152 1074 208 CLAUDII
1093 151 1367 210 NERON.
1388 152 1678 210 GALBAE
1700 152 1912 210 ΤΕΜΡ.
1933 151 2127 210 IURIS
2149 153 2354 211 CONS.

971 373 1065 434 De
1106 375 1171 434 in
1214 392 1340 434 rem
1383 376 1714 436 actionum.

510 424 614 560 96.
678 492 819 558 Gai.
854 493 916 571 4,
958 493 1101 560 114.
1156 527 1245 540 --
1303 491 1609 576 Superest
1661 497 1736 558 ut
1787 493 2235 577 dispiciamus,
2296 495 2354 561 si

332 588 480 647 ante
526 605 663 648 rem
706 582 1055 648 iudicatam
1100 582 1157 644 is
1204 603 1350 646 cum
1392 602 1518 665 quo
1555 582 1790 667 agitur,
1834 587 1988 666 post
2023 587 2353 667 acceptum

332 671 635 736 iudicium
665 670 1027 735 satisfaciat
1055 669 1278 754 actori,
1311 670 1463 753 quid
1493 670 1706 735 officio
1737 671 1964 736 iudicis
1995 674 2355 758 conveniat,

332 765 551 828 utrum
599 759 934 824 absolvere
982 779 1065 825 an
1109 757 1252 825 ideo
1301 759 1517 842 potius
1558 758 1893 844 damnare,
1939 761 2088 844 quia
2132 725 2356 827 iudicii

334 847 687 932 accipiendi
753 851 1043 931 tempore
1105 847 1176 912 in
1240 868 1317 911 ea
1379 869 1573 914 causa
1634 847 1856 932 fuerit,
1927 855 2001 913 ut
2061 849 2356 915 damnari

335 937 581 1004 debeat.
692 937 901 1004 nostri
971 940 1426 1020 praeceptores
1500 937 1830 1002 absolvere
1903 959 2050 1004 eum
2122 937 2358 1004 debere

334 1026 744 1110 existimant,
803 1046 921 1090 nec
974 1024 1283 1090 interesse
1339 1025 1518 1090 cuius
1577 1026 1833 1108 generis
1891 1026 1980 1090 sit
2030 1026 2357 1093 iudicium.

334 1120 401 1182 et
436 1115 561 1181 hoc
599 1118 714 1194 est,
751 1113 923 1198 quod
958 1114 1157 1198 vulgo
1192 1112 1427 1178 dicitnr
1463 1111 1703 1179 Sabino
1743 1117 1808 1178 et
1837 1111 2062 1180 Cassio
2097 1114 2359 1198 placere

334 1204 553 1269 omnia
632 1201 869 1270 iudicia
958 1201 1360 1268 absolutoria
1431 1224 1588 1268 esse.
1691 1199 2024 1286 <diversae
2098 1205 2358 1270 scholae

335 1291 706 1357 auctoribus
755 1290 831 1354 de
878 1290 1088 1355 stricti
1131 1290 1292 1354 iuris
1338 1290 1590 1356 iudiciis
1637 1296 1862 1356 contra
1905 1292 2222 1377 placuit,>
2277 1294 2357 1358 de

336 1381 546 1446 bonae
591 1380 738 1444 fidei
784 1377 1035 1443 iudiciis
1085 1384 1302 1443 autem
1346 1379 1516 1444 idem
1564 1380 1868 1460 sentiunt,
1915 1381 2067 1465 quia
2110 1382 2180 1445 in
2219 1383 2356 1447 eius

336 1469 511 1536 modi
555 1467 808 1533 iudiciis
853 1468 1127 1531 liberum
1174 1472 1273 1531 est
1311 1467 1596 1534 officium
1631 1468 1881 1534 iudicis.
1951 1471 2357 1535 tantumdem

337 1562 403 1623 et
440 1559 515 1622 de
552 1558 621 1622 in
658 1577 793 1621 rem
832 1556 1197 1621 actionibus
1231 1559 1486 1640 putant,
1524 1557 1676 1640 quia
1703 1556 2064 1636 <formulae
2099 1559 2360 1643 verb>is

338 1647 405 1711 id
441 1647 655 1730 ipsum
693 1645 1106 1728 exprimatur,
1134 1644 1272 1727 <ita
1307 1645 1565 1710 demum
1593 1667 1773 1710 reum
1803 1646 2358 1713 condemnandum

339 1755 504 1818 esse,
550 1733 677 1798 nisi
726 1732 1043 1797 arbitratu
1088 1733 1318 1797 iudicis
1363 1751 1500 1798 rem
1544 1735 1960 1818 restituerit.)

515 1823 620 1887 97.
673 1821 753 1886 D.
781 1821 841 1902 5,
870 1822 929 1902 3,
961 1820 1039 1885 11
1062 1843 1158 1905 pr.
1248 1820 1572 1905 Ulpianus
1625 1823 1794 1887 libro
1841 1823 2065 1907 quinto
2112 1822 2365 1925 decimo

338 1911 418 1977 ad
466 1911 742 1976 edictum
782 1905 877 1997 (P.
902 1869 1081 1997 509).
1119 1947 1201 1959 --
1238 1910 1368 1975 Pro
1404 1911 1636 1976 herede
1670 1911 1978 2015 possidet,
2024 1912 2138 1997 qui
2172 1916 2364 1997 putat

339 2022 407 2065 se
461 2000 760 2064 heredem
816 2020 973 2064 esse.
1064 1999 1176 2063 sed
1234 2022 1318 2063 an
1371 2004 1437 2063 et
1481 2000 1566 2085 is,
1622 2002 1731 2086 qui
1775 2001 1899 2066 scit
1946 2022 2013 2065 se
2063 2003 2360 2069 heredem

337 2110 467 2153 non
513 2110 671 2170 esse,
707 2110 825 2172 pro
863 2087 1094 2152 herede
1132 2088 1478 2171 possideat,
1525 2089 1868 2174 quaeritur.
1942 2095 2007 2154 et
2042 2090 2361 2156 Arrianus

338 2178 506 2241 libro
554 2177 831 2241 secundo
879 2177 953 2241 de
992 2176 1361 2241 Interdictis
1407 2181 1598 2260 putat
1633 2180 1858 2262 teneri,
1902 2199 2029 2263 quo
2067 2180 2202 2245 iure
2238 2202 2360 2245 nos

338 2266 435 2330 uti
476 2264 787 2329 Proculus
832 2266 1070 2330 scribit.

517 2354 621 2419 98.
676 2354 755 2419 D.
784 2354 844 2436 6,
878 2356 933 2436 1,
960 2354 1065 2438 27,
1100 2356 1153 2419 l.
1242 2354 1420 2419 Idem
1471 2351 1588 2440 (sc.
1625 2352 1896 2439 Paulus)
1941 2356 2109 2420 libro
2158 2357 2364 2422 vicen·

340 2445 505 2509 simo
542 2444 751 2527 primo
792 2443 871 2507 ad
910 2444 1187 2507 edictum
1227 2441 1326 2530 (P.
1347 2441 1526 2529 330).
1559 2480 1639 2490 ——
1672 2442 2004 2509 Possidere
2041 2495 2056 2510 .
2077 2495 2091 2509 .
2129 2445 2363 2530 aliquis

341 2533 532 2599 debet
581 2535 804 2619 utique
858 2536 927 2595 et
980 2533 1115 2597 litis
1172 2536 1571 2597 contestatae
1619 2537 1918 2615 tempore
1971 2537 2037 2597 et
2085 2554 2211 2618 quo
2257 2556 2365 2599 res

340 2621 660 2687 iudicatur
705 2672 720 2687 .
742 2671 757 2685 .
778 2670 793 2685 .
840 2622 895 2685 si
941 2620 1077 2685 litis
1125 2625 1524 2687 contestatae
1561 2625 1848 2705 tempore
1886 2644 2017 2686 non
2055 2622 2364 2706 possedit,

341 2733 466 2795 quo
532 2714 748 2775 autem
808 2709 1127 2774 iudicatur
1178 2710 1498 2795 possidet,
1559 2708 1894 2793 probanda
1949 2714 2050 2775 est
2104 2710 2364 2777 Proculi

342 2800 692 2882 sententia,
738 2801 813 2865 ut
859 2799 1225 2863 omnimodo
1273 2798 1750 2864 condemnetur.

518 2887 621 2951 99.
679 2886 755 2949 D.
786 2888 845 2967 6,
879 2887 936 2965 1,·
964 2888 1067 2969 27,
1096 2886 1156 2951 5.
1244 2886 1427 2951 Idem
1473 2886 1587 2969 (sc.
1623 2885 1891 2974 Paulus)
1937 2887 2103 2952 libro
2151 2889 2361 2963 vicen-

345 2975 508 3039 simo
562 2974 772 3056 primo
830 2974 909 3039 ad
964 2974 1241 3039 edictum
1289 2971 1386 3059 (P.
1417 2972 1594 3061 336).
1647 3011 1722 3022 -—
1772 2974 1851 3039 In
1903 2998 2040 3041 rem
2088 2978 2362 3060 petitam

346 3063 401 3128 si
444 3083 781 3145 possessor
826 3067 976 3129 ante
1017 3062 1196 3128 litem
1234 3066 1663 3129 contestatam
1701 3068 1996 3149 sumptus
2032 3065 2202 3150 feeit,
2247 3088 2366 3149 per

347 3151 479 3217 doli
540 3150 696 3215 mali
748 3151 1191 3234 exceptionem
1245 3152 1414 3217 ratio
1473 3156 1692 3217 eorum
1746 3153 1969 3219 haberi
2025 3154 2242 3239 debet,
2305 3156 2364 3220 si

343 3241 710 3323 perseveret
757 3244 937 3303 actor
981 3244 1199 3325 petere
1245 3263 1382 3305 rem
1429 3264 1612 3306 suam
1656 3265 1787 3306 non
1832 3242 2098 3307 redditis
2146 3265 2363 3327 sump-

344 3329 535 3393 tibus
626 3328 795 3392 idem
850 3333 951 3395 est
1006 3330 1227 3413 etiam,
1282 3331 1336 3395 si
1389 3332 1606 3396 noxali
1659 3331 1896 3396 iudicio
1953 3353 2208 3398 servum
2254 3332 2362 3397 de-

346 3416 551 3488 fendit
606 3420 671 3482 et
726 3416 1066 3485 damnatus
1120 3420 1448 3502 praestitit
1500 3422 1868 3505 pecuniam,
1923 3424 2038 3485 aut
2089 3422 2157 3486 in
2214 3444 2383 3488 area*

346 3527 507 3591 quae
579 3505 703 3572 fuit
772 3507 1065 3590 petitoris
1134 3530 1247 3593 per
1314 3530 1590 3575 errorem
1655 3510 1934 3574 insulam
2003 3511 2370 3577 aedificavit
