2575 3900
1022 199 1071 249 7.
1106 192 1488 250 PROCULUS
2137 195 2260 261 157

414 358 518 424 73.
574 356 650 422 D.
682 357 742 438 9,
772 359 831 439 2,
859 357 965 438 29,
993 358 1051 424 2.
1143 356 1466 441 Ulpianus
1520 358 1686 423 libro
1739 362 1968 424 octavo
2016 357 2261 425 decimo

234 448 315 512 ad
362 446 638 528 edictum
678 444 776 532 (P.
795 443 1004 533 925⁶).
1041 482 1116 493 —
1161 444 1233 511 Si
1276 447 1460 511 navis
1496 450 1614 512 tua
1649 447 1906 531 inpacta
1943 447 2012 511 in
2049 468 2259 512 meam

236 535 541 621 scapham
607 534 911 599 damnum
976 535 1137 612 mihi
1204 535 1403 616 dedit,
1473 536 1839 620 quaesitum
1904 540 2032 618 est,
2096 558 2258 620 quae

237 626 408 690 actio
454 623 615 689 mihi
651 628 1057 708 competeret.
1132 628 1198 688 et
1236 624 1331 688 ait
1366 623 1692 708 ProculuS,
1741 625 1797 688 si
1832 625 1900 690 in
1936 628 2259 710 potestate

232 717 581 778 nautarum
627 712 769 797 fuit,
813 734 894 778 ne
939 712 1005 776 id
1052 712 1386 798 accideret,
1431 717 1496 778 et
1535 713 1726 797 culpa
1763 736 1984 779 eorum
2019 711 2262 778 factum

236 802 357 883 sit,
428 803 571 887 lege
635 801 900 885 Aquilia
964 823 1110 867 cum
1172 802 1391 867 nautis
1457 803 1806 888 agendum,
1867 803 2019 887 quia
2079 804 2264 886 parvi

236 891 436 956 refert
497 911 729 955 navem
790 889 1202 955 immittendo
1267 893 1384 955 aut
1445 892 1840 958 serraculum
1897 890 1976 955 ad
2033 912 2262 956 navem

237 978 526 1046 ducendo
574 1001 657 1044 an
701 984 815 1045 tua
860 1001 1054 1044 manu
1100 979 1406 1044 damnum
1453 979 1721 1066 dederis,
1764 980 1916 1065 quia
1963 979 2262 1046 omnibus

235 1069 340 1134 his
396 1067 605 1134 modis
660 1089 776 1153 per
829 1071 895 1133 te
951 1067 1187 1133 damno
1244 1068 1535 1153 adficior3
1593 1069 1705 1133 sed
1761 1072 1818 1133 si
1873 1069 2026 1134 fune
2071 1073 2264 1154 rupto

235 1161 351 1223 aut
380 1179 524 1222 cum
556 1179 595 1222 a
621 1157 804 1222 nullo
833 1161 1166 1242 regeretur
1190 1158 1376 1222 navis
1404 1156 1805 1243 incurrisset,
1833 1179 1977 1224 cum
2003 1157 2263 1224 domino

237 1246 561 1332 agendum
605 1268 739 1311 non
784 1268 942 1311 esse.

1054 1358 1149 1417 De
1192 1359 1445 1419 imarii&

422 1479 523 1543 74.
597 1476 674 1543 D.
718 1478 825 1560 47,
865 1477 967 1559 10,
1007 1478 1108 1555 11,
1145 1478 1205 1542 4.
1325 1476 1642 1560 Ulpianus
1716 1476 1885 1543 libro
1959 1478 2267 1562 quinqua-

238 1565 534 1652 gensimo
592 1567 869 1651 septimo
927 1565 1007 1630 ad
1064 1565 1346 1631 edictum
1404 1561 1502 1653 (P.
1545 1563 1777 1669 1334)
1814 1602 1900 1612 —
1954 1564 2266 1631 Proculus

236 1705 252 1722 .
283 1704 300 1720 .
354 1655 475 1739 ait,
530 1655 585 1719 si
641 1654 711 1719 in
764 1654 889 1720 hoc
947 1656 1011 1718 te
1069 1654 1510 1739 conduxerim,
1563 1659 1638 1719 ut
1689 1654 1992 1720 iniuriam
2046 1655 2266 1738 facias,

238 1766 384 1809 cum
429 1747 700 1829 utroque
746 1746 1046 1809 nostrum
1090 1742 1473 1808 iniuriarum
1522 1743 1628 1828 agi
1674 1764 1886 1828 posse,
1933 1744 2085 1829 quia
2122 1766 2266 1810 mea

234 1854 434 1916 opera
476 1831 653 1898 facta
698 1832 785 1896 sit
831 1832 1085 1898 iniuria.

416 1921 513 1987 75.
578 1921 743 1989 Ibid.
780 1916 845 1987 5.
884 1958 961 1970 -
1002 1921 1308 2007 Idemque
1357 1920 1563 1988 ait..
1610 1921 1668 1989 si
1713 1922 1849 1989 filio
1897 1943 2041 1988 meo
2089 1945 2264 1989 man·

927 2186 1028 2255 De
1070 2190 1291 2255 noxali
1333 2191 1583 2257 actione.

416 2313 519 2378 76.
583 2312 722 2378 Gai.
757 2312 820 2392 4,
859 2314 959 2379 78.
1022 2351 1097 2362 -
1158 2362 1221 2380 ..
1283 2314 1340 2378 si
1402 2314 1574 2379 filius
1639 2315 1809 2398 patri
1868 2317 1982 2379 aut
2037 2335 2261 2379 servus

237 2400 498 2466 domino
546 2424 781 2468 noxam
820 2403 1231 2486 commiserit,
1276 2403 1460 2467 nulla
1504 2402 1676 2469 actio
1723 2403 2037 2488 nascitur3
2081 2403 2266 2467 nulla

239 2490 413 2554 enim
466 2490 728 2556 omnino
782 2491 951 2556 inter
1004 2513 1107 2556 me
1164 2495 1230 2555 et
1282 2513 1430 2555 eum
1485 2493 1596 2575 qui
1641 2493 1708 2555 in
1754 2495 2074 2575 potestate
2122 2513 2267 2556 mea

234 2582 359 2662 est,
406 2578 720 2664 obligatio
774 2580 955 2645 nasci
1000 2583 1232 2663 potest.
1334 2580 1605 2665 ideoque
1653 2583 1720 2644 et
1767 2581 1825 2646 si
1872 2581 1938 2644 in
1986 2580 2265 2645 alienam

242 2671 638 2751 potestatem
674 2668 1040 2751 pervenerit
1075 2673 1189 2733 aut
1225 2669 1330 2733 sui
1364 2668 1522 2733 iuris
1552 2690 1694 2733 esse
1721 2670 2023 2753 coeperit,
2059 2689 2266 2753 neque

240 2778 390 2821 cum
444 2757 585 2841 ipso
639 2778 843 2842 neque
899 2780 1046 2824 cum
1097 2779 1171 2822 eo
1225 2757 1407 2822 cuius
1453 2778 1623 2822 nunc
1667 2762 1736 2821 in
1783 2760 2104 2841 potestate
2151 2763 2268 2843 est,

240 2845 351 2930 agi
393 2849 631 2929 potest.
720 2848 889 2912 unde
936 2846 1295 2931 quaeritur,
1351 2846 1408 2911 si
1455 2846 1701 2911 alienus
1749 2867 1970 2911 servus
2016 2847 2268 2913 filiusve

236 2955 475 2999 noxam
538 2936 933 3001 commiserit
996 2936 1182 3020 mihi,
1247 2945 1314 3001 et
1375 2936 1434 3001 is
1498 2941 1726 3020 postea
1790 2935 1860 2999 in
1921 2956 2065 3000 mea
2121 2958 2264 3003 esse

234 3023 525 3108 coeperit
569 3027 922 3109 potestate,
970 3031 1183 3090 utrum
1230 3025 1576 3091 intercidat
1621 3026 1793 3091 actio
1841 3046 1925 3089 an
1971 3026 2268 3110 quiescat

282 3162 297 3176 .
326 3162 343 3176 .
398 3112 686 3177 diversae
742 3113 1003 3179 scholae
1059 3118 1354 3180 auctores
1365 3165 1398 3201 ,.
1437 3115 1742 3201 quamdiu
1789 3115 1858 3178 in
1903 3136 2048 3179 mea
2092 3118 2268 3201 pote-

240 3204 411 3265 state
457 3202 560 3284 sit,
607 3203 931 3285 quiescere
977 3202 1296 3269 actionem
1344 3207 1596 3287 putant,
1642 3204 1792 3289 quia
1836 3203 1979 3287 ipse
2018 3226 2269 3270 mecum

246 3309 437 3374 agere
483 3311 615 3355 non
659 3313 945 3377 possum,
990 3314 1134 3358 cum
1175 3314 1326 3357 vero
1364 3291 1591 3357 exierit
1629 3294 1706 3357 de
1744 3314 1888 3359 mea
1923 3297 2268 3378 potestate,

236 3381 395 3443 tunc
441 3399 584 3443 eam
631 3381 1019 3445 resuscitari.

415 3468 518 3533 77.
567 3465 709 3535 Gai.
727 3471 788 3554 4,
811 3470 912 3535 79.
952 3506 1036 3517 —
1075 3468 1236 3537 Cum
1286 3518 1338 3537 ..
1381 3469 1556 3535 filius
1601 3470 1884 3535 familias
1932 3493 2009 3536 ex
2046 3473 2265 3537 noxali

236 3575 431 3621 causa
468 3557 789 3643 mancipio
828 3559 1033 3643 datur,
1069 3559 1363 3624 diversae
1401 3558 1658 3625 scholae
1698 3564 1990 3624 auctores
2025 3563 2262 3643 putant
