2575 3900
331 199 466 262 560
1062 197 1618 257 ADDITAMENTA.

926 378 1048 460 Qui
1090 379 1422 444 arbitrium
1465 381 1768 462 receperit.

521 503 662 567 156.
754 502 832 568 D.
875 504 938 586 4,
984 505 1045 588 8,
1090 504 1148 566 6.
1243 503 1441 568 Gaius
1488 502 1652 567 libro
1701 504 1926 588 quinto
1964 503 2045 568 ad
2081 503 2373 568 edictum

337 591 750 675 provinciale.
802 627 878 638 —
941 640 956 656 .
993 641 1008 657 .
1065 592 1260 656 etiam
1322 591 1399 656 de
1458 613 1528 656 re
1587 590 1791 675 patris
1855 590 2087 656 dicitur
2144 591 2369 656 filium

341 680 626 744 familias
691 680 1006 744 arbitrum
1069 701 1210 744 esse
1268 700 1488 764 posse3
1553 702 1705 746 nam
1759 685 1827 745 ct
1879 681 2153 745 iudicem
2208 699 2364 744 eum

337 789 482 833 esse
528 788 720 851 posse
765 769 1088 853 plerisque
1134 769 1366 853 placet.

523 864 667 931 157.
707 865 784 930 D.
803 866 865 948 4,
886 864 945 948 8,
964 867 1068 932 30.
1119 864 1359 930 Paulus
1388 865 1557 932 libro
1590 865 1782 932 tertio
1811 865 2056 932 decimo
2086 864 2167 930 ad
2196 865 2371 929 edic-

341 959 496 1019 tum.
554 991 636 1000 —
700 952 767 1019 Si
824 954 968 1040 quis
1023 975 1184 1036 rem,
1243 955 1322 1019 de
1369 977 1498 1039 qua.
1541 955 2073 1038 compromissum
2120 953 2237 1036 sit,
2292 953 2367 1017 in

338 1041 644 1108 iudicium
691 1043 980 1127 deducat,
1026 1043 1286 1127 quidam
1335 1043 1557 1108 dicunt
1599 1048 1962 1126 praetorem
1998 1065 2127 1108 non
2164 1045 2367 1107 inter-

340 1132 556 1196 venire
603 1131 683 1194 ad
730 1131 1083 1218 cogendum
1136 1132 1448 1196 arbitrum
1502 1131 1887 1197 sententiam
1934 1132 2163 1214 dicere,
2209 1135 2367 1216 quia

341 1221 470 1284 ism
544 1241 754 1322 poeua
827 1241 955 1286 non
1028 1223 1248 1303 potest
1321 1241 1461 1286 esse
1526 1223 1717 1305 atque
1783 1221 1838 1284 si
1914 1222 2195 1286 solutum
2262 1223 2364 1284 est

341 1329 889 1391 compromlssum.

1071 1405 1170 1470 De
1211 1407 1632 1472 iureiurando,

523 1519 694 1586 158?
785 1519 860 1584 D.
913 1522 1013 1598 12,
1050 1521 1111 1603 2,
1147 1521 1251 1586 22.
1335 1521 1576 1587 Paulus
1622 1521 1789 1586 libro
1838 1523 2063 1585 octavo
2103 1519 2352 1585 decimo

342 1609 423 1674 ad
482 1610 777 1675 edictum.
829 1645 905 1656 —
958 1609 1230 1685 Quidam
1292 1617 1355 1674 et
1410 1610 1486 1674 de
1530 1610 1781 1694 peculio
1829 1609 2145 1674 actionem
2195 1608 2352 1673 dan-

339 1697 490 1761 dam
519 1696 586 1762 in
617 1698 964 1780 dominum,
995 1699 1050 1762 si
1079 1699 1278 1762 actori
1310 1698 1615 1763 detulerit
1643 1720 1862 1762 servus
1890 1697 2352 1762 iusiurandum.

1120 1865 1222 1930 De
1262 1865 1577 1951 relv'qiosis.

526 1981 667 2046 159.
762 1980 901 2047 Gai.
948 1984 1007 2060 2,
1047 1982 1104 2047 7.
1164 2018 1241 2029 —
1304 2034 1316 2046 .
1359 2033 1371 2047 .
1416 1984 1482 2046 in
1528 1982 1910 2066 provinciali
1956 1982 2093 2046 solo
2142 1982 2361 2066 placet

344 2070 666 2155 plerisque
715 2071 924 2135 solum
980 2072 1352 2154 religiosum
1398 2093 1529 2136 non
1577 2072 1733 2153 fieri,
1783 2069 1934 2155 quia
1978 2071 2046 2134 in
2094 2091 2170 2134 eo
2218 2070 2362 2135 solo

346 2157 699 2223 dominium
746 2159 968 2243 populi
1013 2159 1287 2224 Romani
1335 2163 1434 2223 est
1481 2160 1579 2223 vel
1620 2158 1931 2241 Caesarie,
1974 2180 2093 2223 nos
2143 2164 2361 2223 autem

344 2246 820 2331 possessionem
902 2252 1157 2312 tantum
1230 2248 1336 2313 vel
1414 2249 1881 2313 usumfructum
1953 2246 2192 2313 habere
2268 2249 2360 2311 vi-

346 2337 586 2400 demur.

980 2424 1080 2489 De
1123 2425 1722 2507 compensationibus.

393 2546 398 2553 ’
528 2548 669 2613 160.
761 2547 900 2612 Gai.
946 2549 1007 2634 4,
1054 2549 1156 2613 66.
1206 2586 1291 2595 -
1340 2599 1353 2613 .
1384 2599 1439 2613 ..
1488 2550 1556 2612 in
1601 2548 2189 2632 compensationem
2235 2547 2362 2611 hoc

347 2638 556 2702 solum
621 2640 888 2703 vocatur
945 2637 1112 2721 quod
1171 2637 1452 2701 eiusdem
1515 2638 1769 2723 generis
1817 2640 1883 2700 et
1928 2639 2195 2700 naturae
2242 2640 2363 2719 est,

393 2776 408 2790 .
438 2777 451 2791 .
502 2726 657 2790 adeo
705 2731 777 2789 ut
815 2725 1195 2810 quibusdam
1233 2726 1492 2809 placeat
1528 2747 1661 2789 non
1695 2726 1870 2789 omni
1907 2724 2098 2789 modo
2137 2726 2363 2789 vinum

349 2837 493 2879 cum
542 2817 694 2880 vino
743 2820 854 2879 aut
899 2814 1182 2879 triticum
1225 2836 1368 2879 cum
1407 2813 1627 2879 tritico
1666 2812 2203 2898 conpensandum‚
2250 2814 2364 2877 sed

348 2904 443 2966 ita
492 2903 546 2967 si
594 2903 877 2969 eiusdem
925 2906 1194 2967 naturae
1241 2903 1699 2987 qualitatisque
1747 2903 1851 2967 sit.

1170 3070 1269 3136 De
1295 3072 1550 3153 peculia
2114 3168 2121 3175 .

535 3194 674 3259 161.
766 3194 842 3259 D.
904 3195 1004 3279 15,
1064 3198 1118 3278 1,
1177 3196 1233 3276 7,
1294 3197 1349 3260 1.
1438 3193 1752 3278 Ulpianus
1798 3195 1964 3259 libro
2011 3194 2363 3260 vicensimo

348 3303 521 3347 nono
589 3283 666 3347 ad
733 3283 1025 3348 edictum.
1095 3321 1169 3330 —
1236 3335 1250 3349 .
1289 3333 1305 3348 .
1346 3336 1358 3348 .
1405 3282 1748 3348 Marcellus
1813 3283 1980 3367 apud
2044 3282 2363 3349 Iulianum

350 3374 584 3436 notans
633 3370 827 3435 adicit
870 3394 1061 3455 posse
1106 3374 1262 3456 fieri,
1309 3378 1380 3437 ut
1427 3371 1594 3456 apud
1643 3372 1912 3437 alterum
1961 3394 2038 3436 ex
2083 3371 2363 3436 dominis

353 3482 574 3524 servus
630 3460 950 3543 peculium
1004 3461 1262 3544 habeat,
1321 3461 1486 3544 apud
1554 3462 1829 3525 alterum
1875 3482 2031 3542 non,
2086 3464 2159 3525 ut
2204 3465 2365 3544 puta

357 3549 408 3610 si
465 3550 627 3613 alter
689 3570 764 3612 ex
820 3548 1097 3612 dominis
1161 3548 1441 3613 furiosus
1500 3548 1585 3612 sit
1640 3550 1743 3614 vel
1797 3549 2098 3634 pupillus,
2162 3550 2235 3632 si,
2292 3552 2363 3614 ut
