2575 3900
269 180 400 243 556
993 176 1549 236 ADDITAMENTA.

273 341 421 406 dere
484 345 552 406 et
604 362 952 426 usucapere
1017 337 1234 429 (eos‘i')
1289 362 1509 425 posse3
1577 340 1687 406 sed
1742 342 1999 425 quidam
2060 347 2299 408 contra

273 433 523 514 putant,
569 430 872 513 quoniam
918 430 1097 514 ipsos
1143 450 1365 494 servos
1408 451 1539 494 non
1584 431 1976 514 possideant.

985 597 1086 664 De
1127 597 1573 664 donationibus.

457 714 601 779 134.
646 712 727 778 D.
746 715 851 798 27,
870 714 930 797 3,
955 715 1090 797 1‚2.
1163 711 1484 798 Ulpianus
1520 712 1691 779 libro
1728 714 2065 800 trigesimo
2104 719 2297 780 sexto

275 801 358 866 ad
403 802 701 867 edictum.
738 839 822 849 —
863 852 878 868 .
907 851 922 867 .
950 851 966 868 .
1014 803 1069 866 ai
1114 823 1246 866 non
1294 802 1521 868 mortis
1568 824 1763 868 eausa
1807 803 2142 869 donaverit
2188 807 2298 868 tu·-

269 894 412 955 tore
459 896 717 956 auctore
764 887 878 976 (ee.
915 887 1249 977 pupillus),
1295 937 1311 954 .
1341 940 1355 955 .
1414 888 1705 956 Iulianus
1753 891 2009 976 scripsit
2053 893 2299 976 pleros-

271 1000 393 1063 que
445 1031 458 1043 .
489 1031 502 1044 .
549 983 780 1063 putare
826 1001 956 1045 non
1003 979 1214 1044 valere
1262 978 1691 1044 donationem.

1008 1145 1110 1212 De
1151 1147 1555 1213 sendtutibus.

457 1261 599 1326 135.
646 1260 725 1326 D.
756 1263 814 1339 8,
844 1261 904 1342 3,
935 1263 970 1326 7
992 1283 1088 1345 pr.
1158 1259 1338 1327 Idem
1385 1259 1503 1348 (se.
1547 1259 1814 1346 Paulus)
1861 1262 2032 1330 libro
2078 1264 2295 1329 vicen-

273 1350 436 1415 simo
484 1349 693 1433 primo
751 1350 832 1414 ad
877 1350 1173 1415 edictum.
1217 1386 1308 1398 -
1356 1401 1368 1413 .
1406 1399 1420 1413 .
1461 1402 1474 1414 .
1530 1350 1887 1416 iumentum
1935 1400 1950 1416 .
1989 1403 2003 1416 .
2062 1353 2295 1417 ducere

270 1461 406 1505 non
452 1442 696 1522 potest,
743 1440 850 1522 qui
898 1438 1022 1503 iter
1065 1443 1323 1504 tantum
1367 1438 1585 1503 habet.
1657 1441 1767 1524 qui
1815 1444 2030 1505 aetum
2074 1440 2295 1524 habet,

273 1532 340 1591 et
403 1527 720 1610 plostrum
787 1527 1014 1592 ducere
1089 1533 1156 1592 et
1225 1529 1513 1592 iumenta
1579 1549 1768 1612 agere
1829 1533 2066 1613 potest.
2181 1530 2295 1594 sed

272 1614 572 1681 trahendi
630 1615 911 1701 lapidem
971 1619 1081 1681 aut
1142 1616 1395 1700 tignum
1456 1617 1671 1681 neutri
1735 1638 1956 1682 eorum
2022 1619 2121 1683 ius
2176 1622 2295 1684 eet.

273 1703 534 1789 quidam
580 1726 699 1768 nee
744 1705 1002 1768 hastam
1051 1710 1292 1770 rectam
1341 1705 1399 1768 ei
1444 1704 1609 1768 ferre
1644 1705 1851 1785 licere,
1896 1707 2049 1792 quia
2083 1728 2293 1792 neque

273 1793 466 1857 eundi
501 1814 708 1877 neque
746 1793 976 1878 agendi
1016 1793 1229 1878 gratia
1266 1793 1333 1857 id
1369 1792 1615 1857 faceret
1652 1796 1718 1858 et
1754 1801 2019 1877 possent
2045 1795 2293 1861 fruetus

273 1903 350 1946 eo
397 1882 587 1947 modo
637 1881 823 1945 laedi.
909 1883 1018 1966 qui
1054 1881 1227 1946 viam
1274 1881 1521 1946 habent
1559 1882 1749 1946 eundi
1796 1884 2154 1969 agendique
2190 1885 2292 1950 ius

274 1971 543 2055 habent3
588 1970 875 2055 plerique
915 1975 980 2035 et
1028 1970 1323 2035 trahendi
1360 1992 1611 2056 quoque
1652 1975 1717 2037 et
1752 1978 1994 2037 rectam
2032 1973 2290 2039 hastam

272 2060 551 2141 ferendi,
597 2058 653 2123 si
698 2058 888 2122 modo
934 2059 1182 2124 fruetus
1229 2082 1360 2125 non
1409 2059 1638 2124 laedat.

455 2147 600 2213 136.
646 2146 696 2211 Ι.
726 2148 786 2231 2,
815 2148 874 2231 3,
903 2148 962 2211 2.
991 2185 1079 2194 —
1110 2148 1184 2212 In
1218 2148 1608 2213 rusticorum
1645 2150 2054 2232 praediorum
2094 2151 2294 2215 servi-

273 2241 446 2302 tutes
516 2236 784 2320 ‘quidam
859 2238 1220 2321 computari
1277 2286 1291 2299 .
1333 2288 1346 2301 .
1400 2240 1636 2321 putant
1703 2260 1905 2321 aquae
1969 2239 2293 2322 haustum,

273 2325 524 2410 peeoris
605 2324 685 2388 ad
769 2346 1002 2409 aquam
1086 2325 1454 2409 adpulsum,
1524 2325 1623 2389 ius
1698 2328 2027 2410 pascendi,
2100 2328 2295 2393 caleis

272 2412 664 2497 coquendae,
710 2413 989 2477 harenae
1034 2414 1390 2478 fodiendae.

453 2525 527 2584 ef.
577 2523 643 2583 D.
678 2527 823 2600 e‚3‚
859 2529 998 2597 1,1.
1072 2524 1208 2600 Ulp.
1257 2524 1297 2583 1.
1342 2525 1404 2583 11
1449 2526 1645 2585 Instit.

842 2687 940 2753 De
985 2709 1152 2770 aqua
1185 2690 1410 2770 pluvia
1452 2690 1734 2753 arcenda.

458 2805 602 2870 137.
659 2803 734 2868 D.
774 2803 878 2885 39,
916 2804 974 2884 3,
1013 2804 1166 2887 3pr.
1259 2802 1575 2887 Ulpianus
1627 2804 1795 2869 libro
1854 2806 2293 2891 quinquagen-
2342 2856 2363 2862 ,

279 2893 445 2958 simo
499 2893 695 2956 tertio
753 2892 832 2955 ad
889 2891 1180 2956 edietum.
1233 2929 1311 2939 —
1515 2892 1569 2957 si
1608 2946 1620 2957 .
1655 2944 1668 2957 .
1717 2915 1948 2977 aquam
2002 2895 2297 2960 conrivat

277 2979 394 3069 (se.
433 2980 492 3045 is
529 2980 598 3043 in
637 2981 815 3045 cuius
853 2981 1050 3045 fundo
1092 3003 1254 3064 aqua
1296 2979 1531 3064 oritur)
1569 2982 1668 3044 vel
1704 2982 1758 3045 si
1804 3004 2098 3067 spurcam
2146 2984 2294 3069 quis

277 3070 610 3153 immittat,
654 3092 842 3153 posse
889 3091 1032 3133 eum
1080 3069 1377 3152 impediri
1420 3070 1745 3153 plerisque
1790 3072 2049 3153 placuit.

1015 3236 1117 3302 De
1153 3216 1553 3319 pestliminia

456 3355 600 3421 138.
647 3354 819 3418 Fest.
849 3376 908 3435 p.
939 3353 1192 3417 214—
1222 3405 1234 3418 .
1267 3406 1280 3417 .
1316 3358 1469 3417 sunt
1496 3354 1606 3437 qui
1636 3354 1915 3439 credant,
1951 3355 2296 3440 perfugam

275 3464 414 3507 esse
460 3466 592 3508 non
642 3448 778 3506 tam
826 3441 937 3523 qui
983 3442 1144 3505 alios
1189 3441 1403 3525 fugiat
1449 3442 1560 3505 sed
1608 3442 1718 3526 qui
1766 3443 1848 3507 ob
1896 3466 2075 3528 spem
2121 3466 2295 3511 eom-

331 3531 611 3596 *odorum
660 3529 737 3591 ad
788 3529 1150 3611 quempiam
1195 3530 1537 3615 perfugiat.
