2575 3900
336 175 469 240 284
539 176 603 231 V.
640 176 939 231 NERVAE
977 176 1072 231 ΕΤ
1111 177 1416 232 TRAIANI
1451 177 1668 234 TEMP.
1704 177 1897 233 rURJS
1935 177 2292 234 CONSULTI

332 363 453 425 pro
523 344 707 423 parte
772 340 1031 404 dimidia
1094 341 1472 424 separatim,
1545 340 1601 405 si
1673 363 1801 406 uno
1869 340 2103 407 iudicio
2166 341 2351 426 liber,

335 429 542 493 altero
596 449 816 493 servus
882 428 1197 493 iudicatus
1262 434 1389 513 est,
1453 429 2044 496 commodissimum
2109 435 2210 495 est
2274 453 2354 496 eo

332 538 535 601 usque
609 517 755 602 cogi
818 516 1087 596 iudiceS,
1160 517 1362 583 donec
1427 519 1850 584 consentiant.
1963 519 2019 583 si
2079 519 2145 583 id
2218 541 2356 584 non

336 607 699 690 continget,
757 602 1067 670 Sabinum
1123 605 1397 670 refertur
1451 607 1854 672 existimasse
1900 606 2043 674 duci
2097 629 2355 673 servum

335 694 564 759 debere
629 695 710 758 ab
776 716 850 758 eo
920 695 1029 778 qui
1083 694 1368 772 vicisset,
1435 695 1616 759 cuius
1675 696 2032 761 sententiae
2088 694 2354 763 Cassius

334 804 587 867 quoque
635 787 750 847 est.

512 894 593 953 Et
647 912 758 972 ego
814 911 963 952 sum.
1058 896 1121 953 et
1176 912 1318 953 sane
1371 893 1692 954 ridiculum
1747 899 1841 955 est
1886 896 2170 956 arbitrari
2215 917 2358 957 eum

332 1002 441 1058 pro
495 986 667 1059 parte
721 981 971 1041 dimidia
1023 981 1187 1055 duci,
1240 1001 1349 1059 pro
1396 985 1568 1058 parte
1613 983 1958 1043 libertatem
2002 987 2131 1044 eius
2173 986 2355 1048 tueri.

333 1070 707 1131 commodius
771 1074 973 1129 autem
1037 1074 1129 1130 est
1186 1071 1393 1130 favore
1447 1070 1748 1131 libertatis
1799 1072 2056 1132 liberum
2111 1073 2357 1151 quidem

335 1178 470 1219 eum
517 1177 668 1237 esse,
710 1158 986 1233 compelli
1022 1164 1222 1219 autem
1256 1160 1437 1236 pretii
1477 1161 1568 1219 sui
1604 1163 1836 1236 partem
1870 1162 1986 1221 viri
2021 1161 2162 1221 boni
2199 1161 2358 1222 arbi-

333 1251 503 1308 tratu
548 1247 761 1308 victori
806 1265 912 1307 suo
958 1251 1281 1323 praestare.

900 1452 1002 1518 De
1045 1475 1216 1536 aqua
1252 1454 1471 1536 pluvia
1514 1457 1795 1521 arcenda.

513 1577 642 1643 32?
687 1574 765 1642 D.
787 1578 889 1663 39,
911 1578 971 1662 3,
992 1577 1095 1642 25.
1177 1576 1467 1642 Iulianus
1505 1578 1672 1643 libro
1713 1579 1937 1663 quinto
1975 1601 2055 1644 ex
2091 1577 2355 1646 Minicio

336 1664 433 1751 (P.
456 1663 633 1750 874).
671 1700 755 1710 —
801 1664 868 1730 Is
916 1665 1093 1730 cuius
1140 1664 1341 1731 fundo
1383 1667 1485 1730 via
1523 1666 1808 1751 debetur,
1855 1689 2057 1753 aquae
2094 1670 2356 1753 pluviae

334 1753 421 1837 <a
447 1754 595 1838 via>
624 1754 933 1818 arcendae
964 1774 1153 1838 agere
1180 1757 1399 1837 potest
1420 1754 1601 1819 fundi
1622 1755 1721 1820 sui
1740 1761 2019 1840 nomine,
2049 1759 2356 1841 quoniam

337 1843 651 1906 deteriore
697 1841 804 1905 via
847 1840 1021 1907 facta
1069 1841 1267 1907 fundo
1316 1847 1596 1907 nocetur.

995 2113 1087 2171 Ex
1129 2104 1548 2195 Iulianizlibro
1595 2114 1698 2173 VI.

920 2237 1014 2296 De
1056 2239 1306 2297 vinariis
1349 2240 1509 2297 vasis
1553 2239 1770 2311 leyatis.

516 2355 647 2422 33⁴?
688 2354 765 2419 D.
788 2355 891 2440 50,
917 2356 1014 2434 16,
1035 2356 1181 2420 206.
1256 2354 1545 2419 Iulianus
1573 2356 1740 2421 libro
1771 2359 1950 2422 sexto
1980 2378 2059 2422 ex
2087 2357 2357 2425 Minicio

338 2444 437 2531 (P.
482 2442 658 2531 881).
723 2481 797 2491 —
866 2442 1179 2509 ‘Vinaria'
1243 2465 1401 2507 vasa
1464 2446 1720 2528 proprie
1784 2467 1940 2509 vasa
2002 2447 2358 2515 torcularia

336 2555 475 2599 esse
519 2535 759 2620 placet3
809 2533 981 2598 dolia
1028 2536 1243 2597 autem
1291 2536 1358 2596 et
1404 2534 1604 2597 serias
1650 2533 1896 2598 tamdiu
1940 2536 2010 2599 in
2048 2558 2124 2600 ea
2159 2558 2357 2603 causa

336 2644 500 2707 esse,
565 2622 869 2709 quamdiu
935 2622 1156 2686 vinum
1210 2620 1548 2704 haberent,
1615 2643 1760 2687 cum
1815 2623 1949 2688 sine
2004 2624 2154 2688 vino
2214 2647 2357 2690 esse

336 2713 715 2797 desinerent,
759 2711 823 2774 in
874 2732 949 2775 eo
996 2731 1265 2774 numero
1313 2731 1445 2773 non
1491 2731 1648 2790 esse,
1695 2712 1995 2795 quoniam
2034 2713 2116 2777 ad
2153 2714 2356 2779 alium

334 2823 521 2865 usum
576 2798 915 2865 transferri
967 2802 1258 2883 possent,
1311 2798 1512 2862 veluti
1571 2800 1626 2863 si
1683 2798 2074 2865 frumentum
2127 2802 2197 2865 in
2247 2802 2354 2867 his

338 2887 623 2951 addatur.
717 2888 983 2952 eandem
1029 2908 1288 2952 causam
1337 2887 1798 2971 amphorarum
1844 2911 2013 2973 esse,
2056 2894 2158 2969 ut,
2206 2912 2355 2956 cum

336 2976 556 3039 vinum
622 2976 934 3058 habeant,
996 2979 1133 3040 tum
1198 2975 1268 3039 in
1333 2978 1504 3040 vasis
1568 2976 1834 3041 vinariis
1843 3028 1864 3065 ,
1928 3000 2072 3043 cum
2127 2980 2354 3045 inanes

338 3064 497 3147 sint,
540 3070 680 3128 tum
726 3069 906 3127 extra
952 3086 1286 3128 numerum
1335 3064 1731 3130 vinariorum
1779 3066 1928 3149 sint,
1979 3067 2133 3151 quia
2180 3068 2357 3133 aliud

338 3152 406 3216 in
450 3152 555 3215 his
602 3152 749 3217 addi
793 3153 1017 3236 possit.

517 3261 857 3322 Orationem
939 3267 1279 3339 corruptam
1361 3264 1477 3324 viri
1557 3263 1718 3324 docti
1800 3266 1966 3325 varie
2038 3268 2355 3328 emendare

338 3350 597 3411 student.
677 3353 1007 3412 Mommsen
1062 3353 1239 3411 scribi
1294 3353 1488 3412 iubet:
1542 3346 1703 3413 ‘oum
1759 3354 1885 3414 sine
1941 3356 2080 3415 vino
2135 3361 2354 3429 essent,

394 3440 607 3499 *sinere
644 3442 706 3500 in
745 3460 811 3500 eo
849 3460 1095 3500 numero
1133 3435 1310 3517 esse'3
1357 3442 1541 3500 Lenel
1575 3443 1760 3501 verba
1798 3438 1950 3503 ‘esse
1989 3440 2354 3504 desinerent?

458 3547 600 3588 {sam
642 3534 823 3607 putat
870 3533 932 3588 et
976 3533 1183 3605 postea
1228 3524 1473 3589 ‘essent'
1520 3530 1914 3593 scribendum.
