2575 3900
287 160 420 223 242
460 159 552 216 IV.
582 157 1015 213 VESPASIANI
1041 157 1192 213 ΤῙΤῙ
1219 157 1616 214 DOMITIANI
1643 156 1858 214 TEMP.
1885 156 2080 214 IURJS
2109 159 2320 215 CONS.

288 326 777 408 comparantem
842 344 974 388 non
1036 322 1245 387 teneri
1303 343 1420 387 nec
1473 343 1619 388 eum
1675 322 1786 406 qui
1841 321 2011 388 dono
2070 322 2324 407 accepit

293 414 395 477 vel
442 413 547 477 cui
591 432 695 477 res
742 412 963 497 legata
1007 415 1124 476 est.
1204 410 1318 477 sed
1363 460 1378 477 .
1399 461 1448 476 ..
1495 409 1774 477 Viviano
1820 410 2075 477 videtur
2119 413 2321 477 etiam

291 502 413 567 hos
461 499 695 654 tezeri,
751 522 833 566 ne
879 505 1119 584 metus,
1174 520 1365 585 quem
1409 522 1644 583 passus
1692 522 1865 579 sum,
1913 500 2074 565 mihi
2121 501 2326 585 capti-

287 611 441 655 osus
486 612 542 654 si
580 642 593 655 .

478 750 602 833 Qui
645 750 977 815 arbitrium
1019 750 1379 833 receperint,
1421 753 1494 813 ut
1534 750 1898 815 sententiam
1941 750 2165 816 dicant.

468 882 542 941 cf.
579 879 804 940 Iuliani
847 879 1070 939 librum
1113 878 1205 939 IV
1247 879 1313 939 P.
1345 880 1624 940 59—68.

468 984 527 1048 2.
590 981 670 1047 D.
703 982 765 1065 4,
796 982 859 1064 8,
884 978 989 1059 21,
1020 982 1120 1047 11.
1221 978 1542 1065 Ulpianus
1597 979 1765 1045 libro
1821 982 2015 1046 tertio
2073 980 2325 1048 decimo

291 1070 370 1136 ad
427 1071 706 1136 edictum
748 1031 864 1157 ''.(P
898 1031 1209 1157 4610).-
1264 1121 1278 1134 .
1319 1120 1332 1134 .
1390 1070 1446 1134 si
1499 1068 1569 1133 in
1625 1069 1906 1154 aliquem
1961 1070 2174 1136 locum
2229 1071 2326 1135 in-

291 1161 640 1226 honestum
678 1159 904 1225 adesse
939 1159 1206 1224 iusserit
1240 1156 1356 1245 (se.
1385 1154 1675 1245 arbiter),
1712 1161 1870 1242 puta
1905 1158 1973 1223 in
2010 1159 2326 1244 popinam

288 1249 392 1315 vel
438 1249 509 1313 in
550 1248 978 1332 lupanarium,
1024 1250 1096 1312 ut
1132 1245 1450 1312 Vivianus
1491 1248 1601 1330 ait,
1648 1245 1784 1312 sine
1820 1247 2020 1314 dubio
2058 1249 2327 1333 impune

291 1340 351 1404 ei
396 1359 531 1403 non
574 1335 929 1422 parebitur.

467 1431 765 1507 Ulpianus
830 1430 1027 1490 addit.
1092 1423 1297 1507 ‘quam
1362 1429 1724 1489 sententiam
1785 1432 1848 1489 et
1902 1428 2114 1491 Celsus
2168 1431 2330 1492 libro

293 1520 553 1581 secundo
598 1520 991 1599 Digestorum
1035 1512 1298 1597 probat'.

479 1677 716 1739 Nautae
761 1696 1049 1754 caupones
1092 1680 1407 1739 stabularii
1448 1683 1516 1738 ut
1557 1683 1784 1753 recepta
1826 1681 2149 1740 restituant.

472 1782 559 1846 3⁸.
621 1779 698 1847 D.
738 1780 802 1863 4,
837 1780 897 1859 9,
937 1781 995 1864 1,
1033 1781 1092 1845 6.
1181 1779 1504 1864 Ulpianus
1561 1780 1731 1846 libro
1789 1784 2019 1865 quarto
2076 1780 2332 1849 decimo

296 1870 378 1935 ad
442 1869 721 1935 edictum
785 1867 885 1954 (P.
932 1865 1140 1956 469⁸).
1211 1905 1283 1915 —
1356 1868 1470 1933 Ait
1531 1873 1820 1954 praetor:
1885 1866 2081 1956 ‘quod
2146 1872 2331 1936 cuius

296 1961 549 2025 salvum
587 1958 726 2024 fore
764 1957 1167 2043 receperint',
1211 1958 1336 2023 hoe
1374 1961 1474 2023 est
1510 1980 1977 2044 quamcumque
2014 1980 2154 2024 rem
2191 1961 2332 2026 sive

296 2069 574 2114 mercem
629 2047 1005 2131 receperint.
1094 2047 1241 2112 inde
1291 2047 1461 2132 apud
1506 2047 1858 2113 Vivianum
1903 2047 2183 2113 relatum
2230 2053 2335 2116 est

298 2136 380 2202 ad
419 2159 527 2202 eas
557 2157 810 2221 quoque
839 2157 942 2200 res
972 2137 1096 2201 hoe
1126 2135 1408 2201 edietum
1436 2137 1776 2222 pertinere,
1816 2157 1976 2221 quae
2005 2137 2332 2204 mercibus

300 2225 707 2307 accederent,
774 2225 972 2290 veluti
1035 2225 1424 2290 vestimenta
1488 2226 1722 2308 quibus
1776 2225 1846 2289 in
1898 2226 2172 2291 navibus
2226 2233 2332 2292 ut·

304 2335 557 2380 eremur
593 2320 659 2379 et
695 2318 911 2379 cetera
948 2334 1113 2399 quae
1151 2313 1231 2378 ad
1259 2312 1686 2379 cottidianum
1715 2335 1902 2379 usum
1930 2313 2325 2382 haberemus

296 2488 391 2557 IX,
421 2418 542 2544 3167'12.
576 2418 869 2473 uterentur
908 2458 955 2474 ..
978 2460 990 2474 .
1029 2415 1322 2473 habemus.
1392 2419 1606 2489 mend}
1624 2417 1885 2474 Huschke
1912 2419 1978 2473 Z.
2012 2420 2066 2474 d.
2100 2418 2330 2476 Sua-St

476 2596 565 2666 3¹².
620 2598 697 2664 D.
735 2600 798 2680 4,
835 2599 897 2681 9,
932 2599 994 2678 4,
1021 2600 1081 2664 2.
1173 2597 1414 2662 Paulus
1468 2598 1634 2663 libro
1688 2599 1882 2663 tertio
1939 2598 2188 2664 decimo
2251 2601 2335 2665 ad

298 2689 579 2755 edictum
609 2686 709 2775 (P.
738 2684 917 2774 256).
945 2725 1034 2735 -
1059 2685 1378 2752 Vivianus
1410 2686 1570 2751 dixit
1599 2687 1799 2752 etiam
1828 2688 1909 2752 ad
1938 2709 2047 2753 eas
2076 2709 2177 2752 res
2207 2688 2334 2754 hoc

300 2778 576 2842 edietum
615 2777 954 2861 pertinere,
993 2797 1156 2860 quae
1185 2782 1336 2860 post
1363 2776 1701 2861 impositas
1731 2797 1976 2841 merces
2003 2777 2072 2840 in
2098 2799 2334 2842 navem

302 2866 676 2950 locataeque
722 2864 1103 2950 inferentur,
1148 2865 1271 2930 etsi
1317 2887 1539 2931 earum
1577 2868 1842 2930 vectura
1875 2887 2008 2931 non
2044 2865 2336 2950 debetur,

301 2957 375 3019 ut
426 2955 985 3036 vestimentorum,
1040 2953 1298 3038 penoris
1354 2953 1718 3037 cottidiani,
1774 2955 1927 3038 quia
1980 2953 2142 3020 haec
2187 2955 2336 3039 ipsa

301 3046 661 3110 ceterarum
705 3063 923 3105 rerum
968 3043 1277 3124 locationi
1325 3042 1650 3108 accedunt.

951 3201 1061 3266 Aa
1102 3201 1286 3283 zeyem
1332 3201 1679 3283 Aquiliam.

480 3330 552 3388 ef.
588 3328 813 3390 Iuliani
856 3328 1078 3389 librum
1121 3329 1430 3388 Lxxxvi
1475 3329 1537 3390 P
1569 3333 1778 3391 821-
1791 3333 1939 3394 830.

479 3431 541 3498 4.
599 3430 831 3497 Collat.
872 3431 973 3515 12,
1014 3433 1071 3515 7,
1110 3433 1168 3498 8.
1216 3430 1295 3495 cf.
1324 3429 1471 3515 Dig.
1501 3432 1561 3509 9,
1591 3432 1784 3514 2,27,
1816 3433 1915 3498 10.
2004 3433 2333 3518 Ulpianus

305 3519 472 3584 libro
520 3525 751 3586 octavo
797 3520 1043 3585 decimo
1092 3519 1173 3585 ad
1220 3518 1503 3585 edictum
1552 3517 1652 3606 (P.
1681 3517 2013 3608 623b).—
2099 3523 2336 3589 .libro
