2575 3900
827 187 878 236 e.
922 178 1342 237 1AVOLENUS
1376 140 1677 237 Piuscns
2127 182 2256 248 421

423 343 524 408 76.
585 341 664 409 D.
702 342 859 409 ibid.
893 346 934 425 ξ
969 345 1030 409 2.
1089 380 1166 391 -
1228 343 1413 421 Quod
1468 344 1524 409 si
1576 342 1672 409 iia
1727 346 1899 409 esset
1942 345 2261 429 legatum:

237 430 492 497 ‘vinum
557 431 1039 517 amphorarium
1097 431 1484 498 Aminaeum
1540 431 1856 499 Graecum
1922 437 1989 498 et
2052 433 2262 499 dulcia¹

239 520 502 604 omnia’,
559 521 724 586 nihil
779 522 950 586 inter
997 520 1234 605 dulcia,
1286 522 1418 586 nisi
1464 521 1635 607 quod
1680 522 1965 607 potionis
2010 521 2261 606 fuisset,

233 610 526 695 legatum
586 614 775 695 putat.
828 608 1045 675 Labeo
1115 633 1190 675 ex
1247 611 1589 676 collatione
1646 612 1782 675 vim
1835 611 2258 696 amphorari13

235 699 409 784 quod
453 720 587 764 non
632 698 950 784 improbo,

784 897 879 959 De
921 900 1256 975 supellectili
1300 895 1473 960 umori
1518 900 1720 975 leyata.

423 1019 526 1084 77.
573 1017 647 1081 Ι).
678 1020 782 1102 33,
814 1020 914 1099 10,
947 1020 1047 1085 10.
1093 1018 1438 1084 Iavolenus
1468 1019 1634 1084 libro
1662 1019 1857 1085 tertio
1888 1042 1966 1084 ex
1993 1021 2263 1105 posteri·
2342 1103 2346 1106 ἡ

239 1107 460 1173 oribus
506 1107 843 1172 Labeonis,
897 1145 972 1155 —
1028 1108 1151 1189 Qui
1203 1113 1421 1173 vestem
1466 1129 1703 1173 omnem
1747 1114 1805 1174 et
1846 1128 1942 1175 res
1976 1110 2263 1193 plurium

201 1234 206 1239 -
233 1217 530 1280 ,qenerum
573 1197 965 1280 supellectilis
1009 1217 1265 1279 expenso
1306 1198 1471 1277 ferre
1512 1198 1727 1263 solitus
1772 1203 1930 1280 erat,
1978 1200 2038 1263 is
2080 1198 2265 1263 umori

236 1284 663 1368 supellectilem
709 1286 1023 1368 leyaverat.
1115 1291 1268 1351 recte
1310 1286 1615 1369 neyabant
1656 1292 1873 1351 vestem
1917 1286 2108 1369 leyato
2143 1306 2261 1352 ces-

237 1394 456 1440 suram
509 1374 711 1443 Labeo
771 1374 995 1459 Ofilius
1049 1374 1406 1458 Cascellius,
1459 1376 1610 1457 quia
1662 1396 1787 1441 non
1819 1380 2028 1458 posset
2068 1375 2263 1441 videri

239 1464 422 1529 vestis
467 1463 873 1545 appellatione
915 1463 1302 1546 supellectilis
1346 1464 1659 1535 contineri.

855 1681 948 1740 De
981 1684 1204 1756 pistore
1247 1683 1419 1741 uxori
1462 1681 1659 1755 leyato,

423 1800 523 1866 78.
582 1799 657 1865 D.
690 1800 794 1882 34,
822 1799 881 1879 5,
910 1800 1016 1865 28.
1089 1798 1432 1865 Iavolenus
1462 1799 1631 1863 libro
1659 1799 1853 1865 tertio
1884 1822 1965 1864 ex
1990 1800 2260 1883 posteri-

242 1889 462 1956 oribus
510 1886 846 1954 Labeonis,
902 1925 978 1935 —
1029 1888 1151 1970 Qui
1205 1888 1463 1954 habebat
1512 1888 1817 1955 Flaccum
1864 1889 2163 1971 fullonem
2207 1894 2267 1955 et

241 1977 638 2044 Philonicum
672 1979 985 2062 pistorem,
1028 1979 1216 2044 uxori
1259 1979 1560 2044 Flaccum
1591 1979 1889 2061 pistorem
1930 1979 2263 2062 leqaverat:

245 2068 353 2150 qui
396 2087 606 2132 eorum
649 2073 708 2132 et
747 2088 901 2132 num
945 2071 1190 2151 uterque
1224 2067 1577 2133 deberemr?
1613 2069 1858 2150 placuit
1879 2069 2090 2150 primo
2124 2089 2264 2133 eum

250 2157 517 2239 leyatum
551 2177 691 2238 esse,
727 2176 902 2239 quem
939 2161 1186 2222 testator
1222 2157 1420 2239 leyare
1458 2156 1603 2240 <se>
1646 2158 1943 2222 sensisset.
2014 2158 2176 2241 quod
2207 2159 2266 2222 si

242 2265 368 2310 non
421 2251 769 2328 appareret,
819 2246 1106 2327 primum
1157 2246 1607 2327 inspiciendum
1657 2266 1802 2329 esse,
1868 2267 1955 2310 an
2008 2247 2263 2311 nomina

246 2353 560 2398 servorum
594 2335 881 2399 dominus
917 2339 1064 2399 nota
1098 2333 1439 2410 habuisset;
1478 2334 1642 2415 quod
1672 2335 1733 2400 si
1765 2334 2089 2419 habuisset,
2125 2355 2264 2399 eum

247 2421 462 2504 deberi,
506 2423 617 2505 qui
658 2423 1014 2488 nominatus
1059 2428 1232 2506 esset,
1280 2424 1521 2488 tametsi
1564 2423 1635 2486 in
1680 2424 1944 2506 artificio
1988 2428 2263 2488 erratum

246 2515 409 2575 esset.
496 2511 600 2574 sin
645 2515 848 2576 autem
893 2513 1101 2593 iynota
1145 2509 1441 2594 [nomina
1483 2531 1798 2576 servorum
1841 2511 2087 2595 essentJ,
2130 2514 2263 2594 pis-

247 2603 436 2663 torem
491 2599 757 2682 leyatum
811 2601 1008 2666 videri
1047 2601 1311 2683 perinde
1363 2620 1437 2664 ac
1489 2601 1549 2665 si
1596 2619 1818 2664 nomen
1860 2601 1919 2664 ei
1961 2602 2263 2666 adiech

245 2707 372 2768 non
415 2692 579 2753 esset.

314 2888 410 2948 De
453 2905 515 2949 eo
560 2889 712 2962 quod
743 2890 1013 2963 pupillae
1058 2890 1307 2964 leyatum
1352 2894 1436 2948 est
1481 2883 1842 2964 ‘quandoque
1884 2882 2186 2964 nupserit'.

425 3007 524 3072 79.
571 3005 650 3072 D.
681 3005 784 3085 36,
814 3008 873 3086 2,
903 3007 1007 3074 30.
1078 3007 1295 3073 Labeo
1332 3008 1500 3073 libro
1530 3010 1723 3074 tertio
1762 3008 2191 3093 posteriorum
2224 3031 2263 3073 a

244 3094 552 3162 Iavoleno
611 3097 1129 3181 epitomatorum.
1183 3132 1258 3144 —
1311 3096 1489 3200 Quod
1528 3099 1809 3182 pupillae
1863 3097 2129 3180 leqatum
2175 3102 2266 3162 est

247 3181 629 3268 ‘quandoque
671 3183 989 3268 nupserit,
1036 3186 1096 3250 si
1139 3207 1213 3250 ea
1255 3187 1462 3251 minor
1502 3208 1691 3270 quam
1735 3188 2064 3270 viripotens
2105 3206 2261 3268 nup·

245 3274 406 3354 serit,
450 3294 577 3339 non
617 3280 760 3339 ante
795 3275 852 3338 ei
887 3275 1150 3357 leyatum
1186 3273 1505 3352 debebitur,
1549 3297 1738 3359 quam
1771 3277 2104 3358 viripotens
2139 3295 2263 3340 esse

245 3363 523 3444 coeperit,
579 3364 730 3445 quia
775 3384 900 3429 non
931 3367 1132 3446 potest
1173 3363 1369 3429 videri
1411 3370 1635 3446 nupta,
1684 3385 1841 3447 quae
1882 3365 2085 3429 virum
2120 3364 2263 3446 pati

247 3471 372 3516 non
408 3455 613 3533 potest.
