2575 3900
785 238 834 287 s.
879 205 1297 287 IavoLnNus
1332 229 1629 288 muscos
2079 233 2215 298 493

196 417 390 480 quam
457 394 744 458 extranei
804 394 1070 462 heredes
1126 398 1275 458 ante
1331 399 1592 461 senatus
1647 397 2013 461 consultum
2068 397 2216 482 lege

194 483 386 566 Iunia
429 482 720 548 habituri
764 486 1000 566 essent,
1043 482 1323 566 reliquas
1368 505 1520 549 vero
1557 489 1773 568 partes
1810 505 1928 570 pro
1964 483 2217 550 heredi-

195 572 380 637 tariis
425 571 719 657 partibus
767 571 844 636 ad
892 593 1001 636 eos
1046 574 1384 656 pertinere.

790 749 891 814 De
924 755 1331 831 patronorum
1375 751 1625 835 moptiis.

375 868 436 930 4.
501 864 582 930 D.
619 866 725 948 23,
761 865 824 950 2,
856 865 962 930 46.
1069 863 1266 929 Gaius
1333 865 1500 930 libro
1566 870 1796 931 octavo
1860 865 1941 930 ad
2004 867 2216 952 legem

194 954 431 1020 Iuliam
480 959 544 1018 et
579 953 865 1037 Papiam.
905 991 988 1000 -
1026 952 1198 1017 Illud
1245 954 1666 1018 dubitationis
1715 958 1831 1037 est,
1878 977 1960 1020 an
2004 960 2069 1019 et
2106 957 2219 1040 qui

198 1065 604 1108 communem
657 1043 960 1107 libertam
1018 1064 1282 1114 uxorem
1336 1043 1591 1107 duxerit
1644 1043 1723 1108 ad
1779 1043 1903 1109 hoc
1956 1045 2057 1108 ius
2110 1043 2217 1108 ad·

198 1133 500 1196 mittatur
535 1133 649 1214 (sc.
689 1131 881 1216 ‘quod
919 1131 1095 1214 dicit,
1137 1131 1343 1196 invito
1382 1137 1658 1215 patrono
1696 1132 2017 1213 libertam,
2054 1155 2217 1216 quae

198 1221 260 1284 ei
297 1225 502 1304 nupta
539 1225 656 1302 est,
701 1220 814 1284 alii
848 1221 1088 1284 nubere
1124 1241 1256 1285 non
1294 1218 1557 1307 posse').
1639 1219 1983 1287 Iavolenus
2020 1242 2219 1307 nega-

197 1309 316 1392 vit,
360 1309 512 1392 quia
556 1331 687 1373 non
732 1309 994 1393 proprie
1040 1309 1291 1373 videtur
1338 1309 1471 1372 eius
1520 1310 1773 1394 liberta,
1820 1331 1983 1393 quae
2020 1311 2219 1375 etiam

197 1397 466 1462 alterius
515 1398 614 1462 sit.

377 1499 564 1561 Gaius
618 1499 811 1559 addit:
866 1494 1024 1559 ‘aliis
1079 1503 1288 1559 contra
1334 1499 1528 1558 visum
1573 1502 1691 1575 est,
1746 1501 1888 1577 quia
1931 1501 2218 1561 libertam

199 1589 330 1648 eius
367 1608 497 1649 esse
525 1589 733 1666 negari
759 1607 878 1647 non
904 1590 1124 1666 potest,
1159 1589 1303 1647 licet
1328 1587 1575 1648 alterius
1606 1608 1841 1668 quoque
1872 1590 1951 1648 sit
1976 1590 2216 1670 liberta,

199 1697 380 1754 quam
427 1678 784 1736 sententiam
827 1676 1096 1753 plerique
1141 1680 1303 1735 recte
1348 1671 1794 1754 probaverunt?

1039 1847 1139 1914 De
1184 1849 1387 1914 tutela.

380 1965 466 2031 5⁴?
514 1964 658 2049 Ulp.
695 1967 794 2047 11,
821 1966 926 2030 28.
966 2000 1042 2012 -
1089 2014 1140 2030 ..
1160 2015 1175 2030 .
1203 1966 1513 2048 puberem
1540 2014 1557 2030 .
1582 2013 1596 2028 .
1624 1964 1920 2032 Cassiani
1958 1967 2219 2052 quidem

199 2077 350 2119 eum
397 2050 535 2119 esse
583 2055 833 2140 dicunt,
877 2054 986 2138 qui
1030 2053 1262 2119 habitu
1310 2055 1598 2138 corporis
1644 2055 1845 2139 pubes
1892 2060 2220 2141 appareat,

201 2143 265 2208 id
316 2146 416 2207 est
451 2144 560 2228 qui
597 2164 905 2229 generare
942 2143 1180 2227 possit3
1226 2142 1633 2208 Proculeiani
1672 2150 1888 2209 autem
1926 2166 2073 2209 eum
2110 2146 2220 2229 qui

204 2233 717 2315 quattuordecim
765 2252 968 2296 annos
1015 2233 1323 2317 explevit3
1369 2253 1589 2296 verum
1625 2231 1880 2298 Priscus
1922 2255 2066 2297 eum
2105 2255 2220 2317 pu·
2280 2300 2283 2303 ,

201 2321 421 2385 berem
476 2342 644 2401 esse„
699 2321 768 2384 in
823 2341 1012 2404 quem
1061 2326 1403 2405 utrumque
1450 2322 1797 2404 concurrit,
1852 2324 1917 2385 et
1956 2321 2218 2387 habitus

201 2409 489 2491 'corporis
538 2414 602 2473 et
647 2429 952 2473 numerus
1000 2430 1336 2473 annorum.

973 2584 1071 2649 De
1115 2585 1459 2650 traditione.

383 2699 468 2765 6?
530 2699 607 2765 D.
636 2701 742 2784 41,
769 2700 830 2783 2,
861 2703 918 2784 1,
945 2702 1049 2766 21.
1139 2698 1381 2764 Paulus
1424 2698 1594 2765 libro
1641 2701 2218 2787 quinquagensimo

202 2792 435 2874 quarto
501 2789 582 2853 ad
646 2789 942 2854 edictum.
1003 2826 1078 2836 -—
1139 2786 1211 2852 Si
1273 2787 1569 2854 iusserim
1625 2790 2024 2855 venditorem
2078 2813 2222 2874 pro-

205 2878 490 2943 curatori
534 2900 674 2943 rem
719 2878 989 2960 tradere,
1036 2901 1178 2945 cum
1227 2898 1303 2941 ea
1345 2877 1414 2941 in
1462 2880 1830 2961 praesentia
1866 2879 1969 2964 sit,
2019 2880 2219 2945 videri

203 2967 368 3032 mihi
419 2967 724 3033 traditam
769 2967 1027 3033 Priscus
1084 2967 1201 3051 ait,
1255 2966 1552 3052 idemque
1599 2988 1765 3049 esse,
1821 2968 1878 3032 si
1922 2990 2219 3035 nummos

207 3057 566 3122 debitorem
620 3056 916 3121 iusserim
973 3052 1087 3121 alii
1135 3056 1307 3120 dare.
1378 3077 1511 3120 non
1558 3077 1690 3122 esse
1737 3056 1906 3122 enim
1954 3079 2220 3143 corpore

207 3148 272 3209 et
316 3150 494 3211 tactu
531 3167 790 3211 necesse
829 3144 1304 3230 adprehendere
1339 3146 1831 3229 possessionem,
1875 3146 1985 3211 sed
2024 3147 2220 3211 etiam

209 3234 411 3299 oculis
460 3239 528 3299 et
570 3235 803 3300 affectu
840 3238 1226 3321 argumento
1267 3255 1407 3298 esse
1446 3255 1555 3298 eas
1593 3256 1713 3315 res,
1760 3257 1923 3319 quae
1959 3239 2221 3319 propter

207 3323 718 3409 magnitudinem
753 3325 1056 3409 ponderis
1094 3322 1343 3388 moveri
1380 3344 1510 3387 non
1546 3327 1835 3408 possunt,
1872 3330 1953 3389 ut·
1983 3325 2221 3390 colum-

207 3432 353 3491 naS‚
407 3433 558 3475 nam
613 3434 730 3497 pro
786 3412 1042 3478 traditis
1101 3433 1209 3476 eas
1254 3411 1513 3492 haberi,
1568 3412 1624 3495 si
1666 3412 1736 3476 in
1781 3435 1850 3477 re
1895 3414 2220 3497 praesenti

201 3498 670 3585 'consenserint3
720 3498 800 3565 et'
827 3502 978 3566 vina
1022 3501 1262 3566 tradita
1301 3499 1525 3584 videri,
1572 3523 1714 3566 cum
1753 3502 1967 3567 claves
2020 3502 2221 3567 cellae

207 3587 495 3653 vinariae
541 3589 815 3673 emptori
860 3588 1140 3655 traditae
1183 3588 1443 3655 fuerint.
1475 3663 1479 3667 ,
