2575 3900
1056 167 1105 219 ⁷.
1144 163 1285 220 PRO
1293 161 1520 219 CULUS
2173 163 2298 228 137.

993 378 1094 445 De
1138 379 1259 462 leye
1304 380 1588 462 Aquilia.

454 522 555 588 19.
615 521 696 587 D.
725 522 787 600 9,
814 522 875 604 2,
903 521 1009 605 29,
1037 522 1097 588 3.
1187 519 1509 606 Ulpianus
1562 522 1730 588 libro
1779 527 2006 589 octavo
2054 523 2298 589 decimo

277 612 357 676 ad
406 611 684 676 edictum
733 609 832 696 (P.
870 607 1081 698 625³).
1126 646 1216 657 —
1261 659 1278 675 .
1305 663 1321 678 .
1353 610 1567 677 Labeo
1615 611 1870 696 scribit,
1914 612 1999 695 si,
2044 632 2188 676 cum
2235 613 2301 676 vi

277 702 613 765 ventorum
679 698 867 765 navis
931 699 1212 784 impulsa
1277 704 1450 764 esset
1503 700 1572 764 in
1626 699 1814 765 funes
1871 699 2300 768 anchorarum

279 789 543 854 alterius
612 792 679 853 et
750 791 987 853 nautae
1062 788 1247 854 funes
1321 788 1812 874 praecidissent,
1885 789 2101 856 nullol
2175 790 2299 856 alio

274 877 464 943 modo
504 878 632 942 nisi
670 876 979 961 praecisis
1015 876 1279 942 funibus
1319 878 1635 962 explicare
1674 899 1743 944 se
1778 879 2014 963 potuit,
2051 879 2299 944 nullam

274 968 594 1032 actionem
668 966 965 1031 dandam.
1074 966 1370 1052 idemque
1434 964 1654 1031 Labeo
1725 970 1792 1031 et
1851 965 2168 1033 Proculus
2235 974 2301 1031 et

272 1054 443 1121 circa
496 1055 663 1119 retia
714 1054 1147 1141 piscatorum,
1196 1055 1265 1120 in
1314 1076 1476 1140 quae
1521 1055 1706 1121 navis
1753 1056 2151 1140 piscatorum
2201 1056 2298 1120 in-

273 1143 543 1229 ciderat,
615 1143 1060 1209 aestimarunt.
1162 1145 1358 1227 plane
1431 1145 1488 1209 si
1561 1144 1752 1229 culpa
1820 1148 2166 1210 nautarum
2232 1145 2299 1210 id

272 1232 517 1298 factum
568 1237 773 1314 esset,
826 1233 970 1316 lege
1014 1230 1283 1317 Aquilia
1329 1233 1666 1318 agendum.
1761 1233 1873 1298 sed
1918 1234 2031 1298 ubi
2077 1234 2300 1300 damni

272 1321 509 1386 iniuria
564 1322 783 1405 agitur
836 1322 921 1387 ob
977 1323 1167 1406 retia,
1222 1344 1357 1387 non
1408 1320 1712 1405 piscium,
1767 1322 1878 1406 qui
1929 1321 2075 1388 ideo
2127 1323 2300 1407 capti

272 1432 406 1475 non
462 1413 641 1496 sunt,
702 1411 842 1475 fieri
898 1411 1457 1494 aestimationem,
1511 1433 1657 1476 cum
1710 1411 2032 1476 incertum
2085 1411 2300 1496 fuerit,

272 1521 357 1564 an
410 1503 807 1584 caperentur.
900 1499 1223 1585 [idemque
1270 1504 1336 1564 et
1379 1499 1452 1564 in
1496 1500 1914 1565 venatoribus
1961 1504 2028 1565 ct
2071 1501 2141 1566 in
2189 1523 2298 1565 au-

272 1587 543 1673 cupibus
590 1587 1039 1673 probandum]

1016 1836 1117 1902 De
1136 1895 1141 1900 .
1160 1838 1548 1904 condictione.

448 1981 551 2045 20.
622 1978 699 2045 D.
752 1980 862 2063 12,
908 1981 978 2064 4,
1028 1980 1129 2046 15.
1239 1979 1638 2066 Pomponius
1703 1981 1874 2045 libro
1942 1981 2293 2045 vicensimo

274 2069 552 2135 secundo
602 2069 683 2133 ad
722 2068 1038 2135 Sabinum
1085 2066 1183 2157 (P.
1216 2067 1396 2156 687).
1439 2105 1514 2115 —
1557 2066 1720 2134 Cum
1767 2090 1992 2135 servus
2037 2072 2188 2134 tuus
2228 2070 2296 2133 in

274 2157 709 2241 suspicionem
754 2158 916 2223 furti
953 2158 1136 2224 Attio
1183 2160 1484 2243 venisset,
1530 2159 1762 2224 dedisti
1809 2180 1955 2223 eum
2001 2159 2069 2222 in
2108 2180 2297 2242 quae-

270 2246 552 2311 stionem
607 2247 725 2311 sub
782 2269 859 2311 ea
913 2267 1134 2331 causa,
1189 2251 1288 2330 ut,
1345 2248 1401 2311 si
1446 2247 1512 2311 id
1556 2250 1884 2331 repertum
1928 2246 1997 2310 in
2043 2268 2117 2312 eo
2163 2269 2297 2313 non

271 2338 459 2417 esset,
494 2335 870 2400 redderetur
897 2336 1034 2401 tibi.
1098 2337 1154 2400 is
1185 2357 1333 2400 eum
1369 2335 1636 2401 tradidit
1664 2336 1990 2421 praefecto
2019 2336 2294 2420 vigilum

271 2424 459 2507 quasi
493 2425 565 2487 in
592 2423 880 2489 facinore
911 2424 1396 2508 deprehensum.
1460 2425 1822 2508 praefectus
1851 2424 2118 2507 vigilum
2149 2446 2296 2489 eum

272 2533 523 2576 summo
582 2514 897 2596 supplicio
954 2513 1209 2579 adfecit.
1299 2533 1454 2599 ages
1514 2534 1660 2578 cum
1707 2511 1895 2577 Attio
1950 2512 2102 2577 dare
2149 2534 2296 2579 eum

269 2600 394 2664 tibi
457 2606 782 2686 oportere,
847 2602 999 2687 quia
1064 2606 1133 2667 et
1195 2606 1343 2667 ante
1408 2605 1686 2667 mortem
1751 2602 1902 2666 dare
1963 2600 2088 2665 tibi
2148 2623 2296 2666 eum

269 2689 649 2773 oportuerit.
721 2689 939 2755 Labeo
982 2691 1076 2756 ait
1112 2711 1306 2774 posse
1344 2691 1541 2755 etiam
1578 2691 1660 2754 ad
1698 2690 2128 2755 exhibendum
2168 2690 2295 2775 agi,

268 2778 578 2862 quoniam
632 2778 857 2845 fecerit
911 2801 1037 2864 quo
1095 2780 1307 2844 minus
1366 2779 1713 2845 exhiberet.
1815 2779 1926 2843 sed
1980 2776 2294 2844 Proculus

268 2867 413 2931 dari
467 2870 765 2950 oportere
819 2870 914 2932 ita
967 2868 1087 2949 ait,
1144 2868 1201 2933 si
1256 2868 1519 2933 fecisses
1573 2868 1708 2933 eius
1753 2867 2084 2932 hominem
2137 2868 2293 2954 [quo

264 2976 422 3021 casu
470 2956 550 3020 ad
593 2954 1025 3022 exhibendum
1063 2978 1253 3043 agere
1289 2962 1357 3021 te
1393 2979 1524 3022 non
1559 2956 1852 3043 posse?];
1900 2958 2009 3021 sed
2051 2959 2106 3022 si
2143 2963 2294 3023 tuus

263 3045 643 3129 mansisset,
706 3045 904 3110 etiam
958 3046 1117 3111 furti
1172 3050 1239 3111 te
1295 3050 1589 3111 acturum
1644 3067 1790 3112 cum
1847 3068 1949 3130 ec,
2018 3046 2171 3130 quia
2224 3068 2292 3109 re

264 3134 483 3199 aliena
527 3134 621 3199 ita
667 3134 754 3199 sit
799 3155 972 3219 usus,
1017 3139 1091 3200 ut
1136 3136 1330 3200 sciret
1375 3157 1443 3200 se
1489 3136 1694 3201 invito
1740 3136 2003 3201 domino
2047 3138 2143 3199 uti
2181 3138 2294 3200 aut

263 3222 603 3288 dominum
649 3223 705 3288 si
751 3224 946 3288 sciret
990 3224 1470 3308 prohibiturum
1517 3246 1675 3291 esse.

449 3333 617 3404 Quae
661 3336 828 3395 uncis
875 3335 1093 3396 inclusi
1139 3336 1426 3396 additicia
1473 3354 1602 3396 esse
1647 3336 1890 3397 Pernice
1938 3338 2154 3395 censet.

414 3547 439 3594 1
482 3538 580 3595 ΓΖ.
619 3539 667 3593 si
702 3540 875 3595 nullo.
