2575 3900
916 204 966 255 5.
1013 182 1248 256 ‘rmus
1285 199 1547 281 Aius'ro
2102 201 2235 267 369

210 364 313 429 oui
364 362 520 428 data
565 365 736 428 esset
782 383 1052 448 summa,
1097 362 1153 427 si
1199 363 1409 429 victus
1455 368 1627 429 esset
1662 363 2039 429 hereditatis
2077 365 2235 451 peti·

207 454 420 535 tione,
476 472 620 517 oum
677 452 908 518 ceteris
961 451 1132 517 hanc
1182 473 1435 537 quoque
1479 452 1817 537 pecuniam
1865 454 2097 519 victori
2140 475 2237 519 re-

208 542 482 607 stituere
528 540 773 606 debere.

903 683 1004 748 De
1048 683 1547 749 manumissione.

395 808 455 873 8.
508 806 589 873 D.
616 808 723 886 40,
751 808 811 890 9,
842 807 946 890 16,
973 807 1032 872 3.
1119 805 1300 872 Idem
1358 804 1473 892 (sc.
1507 805 1779 892 Paulus)
1824 807 1991 873 libro
2037 806 2233 873 tertio

208 896 291 962 ad
333 896 546 981 legem
581 895 837 961 Aeliam
877 893 1166 960 Sentium
1201 891 1499 982 (P.918).
1532 932 1608 943 —
1642 895 1864 961 Aristo
1900 896 2237 982 respondit

207 1007 251 1050 a
297 984 592 1049 debitore
639 984 809 1066 fisci,
864 984 975 1069 qui
1021 984 1327 1049 solvendo
1372 1005 1506 1049 non
1550 988 1715 1069 erat,
1765 986 2232 1050 manumissum

205 1071 364 1159 [ita]
428 1073 719 1138 revocari
782 1072 850 1137 in
915 1072 1293 1138 servitutem
1354 1074 1585 1139 debere
1652 1072 1734 1155 [si
1797 1096 1929 1140 non
1995 1073 2102 1138 diu
2166 1074 2237 1138 in

201 1161 512 1227 libertate
556 1162 806 1241 fuisset,
852 1161 916 1226 id
962 1164 1064 1225 est
1107 1183 1238 1227 non
1277 1161 1491 1227 minus
1528 1162 1865 1248 decenni03
1911 1164 2100 1248 plane
2140 1183 2233 1247 ea,

205 1272 378 1336 quae
431 1250 501 1315 in
556 1250 847 1315 fraudem
904 1250 1046 1315 fisci
1094 1250 1163 1315 in
1208 1250 1387 1315 sinus
1436 1251 1571 1317 eius
1617 1252 1857 1317 collate.
1902 1254 2081 1337 sunt,
2136 1273 2234 1316 re-

201 1338 543 1419 vocanda}

389 1432 712 1493 Traianum
761 1434 834 1491 de
878 1432 1010 1491 iure
1055 1432 1183 1492 fisci
1228 1432 1491 1493 edietum
1527 1433 1903 1510 proposuisse
1940 1433 2232 1493 traditum

206 1524 306 1581 est
349 1522 422 1580 fr.
460 1522 532 1581 de
580 1522 707 1582 iure
752 1520 879 1581 fisci
924 1519 965 1596 ἓ
1007 1523 1063 1583 6.
1145 1525 1326 1598 atque
1369 1522 1501 1600 lege
1538 1521 1712 1581 Aelia.
1748 1520 1953 1581 Sentis.
1988 1524 2233 1581 cautum

212 1612 365 1685 erat,
411 1613 484 1670 ut
528 1611 632 1687 qui
676 1610 740 1669 in
791 1609 1070 1670 fraudem
1115 1609 1477 1669 creditorum
1522 1628 1725 1671 servos
1762 1612 2231 1688 manumitteret,

204 1699 363 1759 nihil
421 1701 632 1776 ageret
678 1691 841 1779 (Gai.
876 1703 930 1777 1,
965 1689 1106 1780 37),
1163 1698 1323 1774 quod
1375 1700 1469 1758 ius
1522 1717 1657 1758 eum
1712 1717 1898 1775 usque
1944 1698 2021 1758 ad
2064 1700 2233 1758 illam

206 1790 473 1847 aetatem
510 1787 588 1848 ad
626 1788 786 1849 cives
820 1790 1061 1847 tantum
1096 1788 1501 1865 pertinuisset,
1539 1806 1611 1847 ex
1646 1787 1937 1847 Hadriani
1973 1789 2231 1848 auetori-

205 1880 338 1937 tate
395 1876 470 1936 ad
523 1876 870 1956 peregrinos
926 1894 1163 1955 quoque
1222 1877 1660 1936 extendendum
1708 1880 1950 1937 senatus
1996 1878 2230 1937 censuit

207 1959 374 2048 (Gai.
435 1968 468 2025 1
482 2011 496 2039 ‚
546 1958 679 2047 47).
789 1968 891 2026 sed
954 1967 1074 2024 iam
1139 1965 1382 2026 Traiani
1445 1969 1643 2026 aetate
1707 1966 1781 2025 de
1845 1967 2231 2027 libertatibus

209 2074 248 2114 e.
292 2055 421 2115 fisci
466 2055 736 2115 debitore
781 2055 847 2113 in
890 2054 1162 2114 fraudem
1209 2055 1336 2115 fisci
1380 2055 1538 2115 datis
1579 2058 1909 2115 tractatum
1955 2074 2081 2115 esse
2129 2074 2229 2132 ap-

205 2148 398 2220 paret.
459 2146 619 2204 certe
656 2143 999 2203 Aristonem
1037 2144 1110 2203 de
1145 2143 1258 2204 hae
1304 2163 1370 2203 re
1406 2144 1748 2204 consultum
1781 2144 1967 2205 fuisse
2004 2143 2229 2204 Paulus

212 2234 253 2294 l.
289 2235 328 2293 l.
376 2232 584 2309 tradit,
631 2232 737 2291 sed
782 2251 934 2308 quae
971 2251 1110 2292 eum
1147 2231 1218 2292 de
1255 2232 1556 2292 Aristonis
1592 2252 1877 2309 responso
1913 2233 2231 2293 tradidisse

207 2321 608 2381 'l'ribonianus
659 2319 762 2397 ait,
815 2321 1135 2380 maximam
1190 2320 1627 2381 dubitationem
1687 2326 1946 2383 movent.
2045 2323 2227 2398 atque

206 2410 456 2470 Perniee
517 2402 610 2468 11²
670 2429 728 2486 p.
787 2411 912 2470 369
979 2408 1218 2485 quidem
1289 2409 1474 2469 verba
1546 2404 1628 2468 ‘id
1693 2412 1784 2469 est
1846 2428 1966 2469 non
2027 2411 2227 2470 minus

209 2492 516 2557 decennio'
565 2498 883 2558 subditieia
927 2515 1057 2558 esse
1101 2497 1342 2559 iudicat.
1416 2498 1519 2557 sed
1564 2497 1803 2574 longius
1848 2497 2228 2575 progredien-

209 2586 357 2644 dum
417 2587 710 2665 pluraque
776 2586 1148 2664 segreganda
1207 2603 1338 2646 esse
1392 2602 1621 2647 censeo.
1707 2603 1850 2645 nam
1902 2586 2089 2646 verba
2144 2582 2231 2646 ‘in

209 2675 377 2736 sinus
413 2675 542 2734 eius
577 2668 819 2736 collate?
857 2674 1204 2735 Scaevolam
1241 2673 1482 2750 quidem
1518 2673 1760 2750 sapiunt
1787 2666 1885 2754 (D.
1908 2676 2008 2749 22,
2033 2676 2091 2751 3,
2114 2666 2229 2755 27)

207 2766 272 2825 et
318 2762 643 2840 Ulpianum
683 2755 783 2846 (D.
814 2765 919 2840 48,
948 2767 1007 2841 8,
1039 2754 1109 2844 2)
1145 2765 1208 2823 et
1244 2763 1669 2824 Tribonianum
1705 2754 1798 2845 (G.
1830 2766 1887 2842 1,
1919 2766 2020 2843 17,
2050 2765 2107 2839 2,
2140 2754 2228 2845 1),

204 2871 329 2912 non
385 2852 626 2927 sapiunt
676 2853 840 2912 illius
899 2853 1115 2912 aetatis
1180 2851 1648 2912 iurisconsultos.
1746 2851 1999 2924 aceedit,
2067 2852 2226 2929 quod

208 2943 315 3018 qui
361 2959 601 3001 servum
655 2942 1043 3019 manumittit,
1098 2941 1250 3001 nihil
1295 2942 1359 3000 in
1403 2941 1565 3000 sinus
1612 2959 1749 3000 suos
1796 2941 2041 3001 confert.
2124 2959 2227 3018 ge-

205 3030 460 3089 nuinum
531 3029 834 3090 Aristonis
873 3047 1223 3106 responsum
1260 3030 1513 3090 fortasse
1551 3030 1790 3090 exhibet
1823 3030 2228 3109 fragmentum

207 3120 280 3178 de
341 3118 471 3178 iure
536 3118 662 3178 fisci
716 3115 756 3193 ἓ
800 3121 904 3179 19:
971 3112 1030 3176 ‘a
1084 3119 1353 3179 debitore
1422 3118 1550 3179 fisci
1611 3119 1675 3177 in
1728 3119 1999 3178 fraudem
2052 3117 2223 3178 datas

205 3208 520 3267 libertates
573 3206 800 3266 retrahi
851 3200 1116 3282 placuit?
1218 3225 1371 3283 quae
1426 3207 1722 3268 sententia
1777 3207 1935 3285 qnod
1980 3209 2221 3267 senatus

205 3297 481 3357 consulto
544 3296 649 3354 illo
715 3313 787 3354 ex
848 3295 1139 3354 Hadriani
1211 3296 1570 3356 auctoritate
1642 3297 1801 3357 facto
1874 3296 1938 3356 in
2001 3296 2226 3357 librum

208 3385 282 3446 de
361 3385 490 3444 iure
571 3385 700 3446 fisci
773 3388 1013 3459 recepte.
1099 3387 1214 3461 est,
1294 3385 1431 3444 inde
1514 3385 1738 3463 elucet,
1820 3403 1896 3444 an
1979 3389 2225 3444 senatus

207 3474 548 3534 consultum
592 3492 672 3532 an
724 3473 800 3533 sd
851 3491 980 3532 eam
1035 3490 1265 3549 quoque
1321 3472 1394 3532 de
1448 3490 1566 3549 qua.
1619 3473 1821 3551 agitur
1872 3491 1999 3533 rem
2042 3473 2227 3549 perti-

207 3563 406 3638 neret,
452 3561 740 3637 quosdam
782 3561 1104 3637 prudentes
1151 3561 1475 3622 dubitasse.

317 3669 513 3718 Iurispr.
541 3667 779 3709 antehndr.
807 3669 906 3710 rell.
924 3669 994 3710 ed.
1012 3669 1206 3710 Bremer.
1257 3669 1321 3721 Π,
1342 3671 1379 3710 2.
1733 3664 1802 3713 24
