2575 3900
504 190 573 242 II.
608 188 1093 246 INCERTORUM
1129 189 1582 245 SENTENTIAE
1619 189 1713 244 ΕΤ
1750 189 1963 244 LIBRI.
2114 190 2239 254 541

950 359 1045 418 De
1090 361 1259 434 ayn-is
1304 360 1522 433 leyatis.

405 468 509 533 50.
547 468 623 534 D.
654 469 759 553 32,
774 469 966 552 60pr.
1010 468 1285 534 Alfenus
1315 467 1482 533 libro
1515 468 1793 533 secundo
1823 467 2244 552 Digestorum

230 580 269 622 a
288 556 491 622 Paulo
524 558 1039 640 epitomatorum.
1065 595 1139 604 —
1167 556 1330 623 Cum
1350 561 1778 642 quaereretur,
1809 559 1994 642 agnis
2012 557 2248 642 legatis

228 646 471 730 (agni)
528 649 839 729 quatenus
893 647 1293 730 viderentur,
1350 646 1611 730 quidam
1669 647 1948 730 aiebant,
2004 667 2246 731 agnum

227 735 565 800 dumtaxat
612 756 724 799 sex
767 757 1061 799 mensum
1109 757 1264 800 esse.

897 891 991 949 De
1034 891 1322 965 quaqua
1369 893 1573 966 leqata.

405 992 508 1057 51.
556 991 633 1056 D.
663 992 769 1076 31,
796 991 900 1075 65,
926 991 982 1056 1.
1045 990 1225 1056 Idem
1254 988 1368 1077 (sc.
1398 990 1819 1076 Papinianus)
1856 991 2022 1056 libro
2063 993 2246 1055 sexto

228 1080 474 1146 decimo
549 1078 1034 1155 Quaestionum.
1098 1116 1181 1126 —
1259 1079 1626 1166 Quadrigae
1707 1081 1995 1165 legatum
2080 1100 2245 1163 equo

225 1173 457 1254 postea
501 1173 757 1234 mortuo
800 1171 1008 1253 perire
1047 1169 1308 1252 quidam
1345 1170 1440 1232 ita
1476 1169 1762 1253 credunt,
1798 1169 1855 1234 si
1893 1191 2094 1254 equus
2134 1169 2244 1232 ille

228 1258 531 1341 decessit,
578 1259 690 1342 qui
735 1257 1218 1323 demonstrabat
1263 1257 1661 1342 quadrigam.

950 1415 1044 1473 De
1087 1418 1268 1474 servis
1315 1416 1528 1488 Zeyatis.

404 1513 507 1578 52.
556 1514 631 1579 D.
662 1514 768 1596 32,
797 1515 877 1580 81
900 1537 997 1598 pr.
1036 1545 1117 1568 ==
1156 1514 1235 1580 D.
1262 1514 1369 1597 50,
1401 1517 1501 1593 16,
1533 1514 1680 1599 101,
1708 1515 1768 1579 3.
1851 1512 2248 1578 Modestinus

227 1603 395 1666 libro
468 1624 640 1667 nono
705 1603 1250 1668 Differentiamm.
1307 1641 1390 1648 —
1450 1601 1664 1667 Servis
1739 1601 1976 1687 legatis
2050 1603 2247 1666 etiam

227 1691 498 1756 ancillas
529 1690 747 1755 deberi
776 1692 1035 1775 quidam
1065 1741 1113 1756 ..
1142 1695 1398 1776 putant,
1437 1691 1621 1776 quasi
1649 1711 1986 1758 commune
2013 1711 2249 1755 nomen

226 1783 573 1864 utrumque
620 1801 841 1844 sexum
890 1779 1238 1844 contineat.

289 1875 293 1880 ’
404 1870 508 1934 53.
556 1867 634 1934 D.
662 1869 765 1951 32,
795 1868 879 1932 99
901 1891 993 1954 pr.
1058 1867 1238 1934 Idem
1275 1867 1392 1958 (sc.
1419 1865 1690 1955 Paulus)
1728 1868 1894 1933 libro
1935 1867 2246 1954 singulari

228 1960 305 2023 de
351 1959 766 2023 instrumenti
812 1957 1302 2043 significatione.
1339 1995 1413 2007 —-
1446 1958 1660 2024 Servis
1707 1958 1972 2023 urbanis
2010 1958 2246 2043 legatis

225 2047 490 2132 quidam
526 2048 777 2112 urbana
813 2048 1141 2131 mancipia
1176 2070 1309 2113 non
1344 2049 1504 2132 loc0,
1543 2048 1651 2112 sed
1692 2068 1883 2131 opere
1922 2053 2244 2131 separant,

226 2141 319 2215 ut,
367 2137 517 2202 licet
561 2138 630 2200 in
675 2136 955 2221 praediis
1000 2138 1257 2203 rusticis
1307 2138 1457 2219 sint,
1500 2142 1721 2201 tamen
1759 2137 1814 2200 si
1851 2158 2012 2219 opus
2049 2135 2248 2199 rusti-

226 2247 374 2289 cum
418 2246 552 2289 non
596 2225 869 2309 faciant,
912 2226 1145 2290 urbani
1188 2226 1503 2289 videntur.

844 2380 939 2439 De
983 2381 1368 2439 ornatricibus
1413 2382 1630 2455 leuatis,

408 2479 536 2545 54?
593 2478 670 2543 D.
701 2480 805 2562 32,
834 2479 938 2561 65,
968 2481 1026 2544 3.
1108 2480 1476 2545 Marcianus
1522 2481 1686 2545 libro
1735 2481 2010 2564 septimo
2049 2481 2248 2546 Insti-

229 2568 571 2633 tutionum.
609 2604 692 2613 --
742 2567 1186 2634 Ornatricibus
1242 2569 1480 2653 legatis
1527 2567 1754 2634 Celsus
1811 2570 2069 2653 scripsit
2120 2592 2250 2653 eas,

231 2678 393 2741 quae
460 2657 617 2721 duos
677 2660 933 2720 tantum
991 2678 1245 2722 menses
1303 2658 1470 2742 apud
1528 2658 1912 2742 magistrum
1967 2658 2248 2737 fuerunt,

229 2748 447 2831 legato
493 2766 622 2810 non
669 2745 909 2830 cedere,
955 2746 1065 2810 alii
1110 2750 1177 2809 et
1219 2745 1342 2809 has
1390 2746 1626 2811 cedere.
1657 2797 1670 2811 .
1702 2796 1717 2811 .

919 2895 1018 2960 De
1060 2897 1559 2979 fideicommissi&

408 3009 513 3076 55.
577 3010 653 3077 D.
692 3012 806 3095 28,
844 3012 912 3095 6,
951 3014 1064 3097 38,
1100 3012 1161 3077 3.
1245 3012 1486 3077 Paulus
1551 3012 1718 3078 libro
1785 3012 2101 3099 singulari
2166 3013 2244 3077 de

228 3101 527 3165 secundis
584 3100 841 3166 tabulis.
895 3137 970 3147 —
1025 3100 1093 3165 Si
1154 3124 1192 3165 a
1236 3105 1422 3186 patre
1467 3102 1804 3167 institutus
1852 3108 2247 3187 rogatusque

228 3189 653 3253 hereditatem
699 3190 1035 3255 restituere
1082 3195 1344 3256 coactus
1383 3213 1461 3255 ex
1505 3190 1909 3277 <Pegasiano
1949 3192 2032 3276 a>
2074 3191 2250 3256 fidei·

229 3278 672 3343 commissario
720 3278 977 3362 adierit,
1045 3280 1337 3363 quamvis
1399 3284 1635 3362 cetera,
1697 3302 1860 3363 quae
1905 3280 1974 3343 in
2024 3280 2247 3345 eodem

225 3369 618 3431 testamento
645 3368 869 3433 relicta
899 3372 1064 3447 sunt,
1092 3390 1207 3452 per
1236 3390 1379 3433 eam
1410 3368 1754 3433 aditionem
1775 3369 2248 3450 confirmentur,

229 3458 304 3518 ut
349 3454 565 3539 legata
612 3460 677 3519 et
735 3457 1103 3540 libertates,
1157 3457 1470 3521 secundas
1526 3462 1743 3523 tamen
1798 3457 2057 3522 tabulas
2113 3478 2247 3520 non

228 3547 525 3627 oportere
598 3546 966 3609 resuscitari
1041 3546 1350 3610 destituto
1421 3546 1552 3611 iam
1612 3547 1749 3610 iure
1813 3545 1986 3611 civili
2049 3548 2249 3609 testa·
2309 3624 2315 3629 Ι
