2575 3900
356 185 441 249 62
496 185 589 242 III.
620 184 773 241 GAII
800 185 1091 241 CLAUDII
1117 185 1169 239 N
1172 187 1261 241 ER
1270 185 1386 244 ΟΝ.
1406 185 1694 242 GALBAE
1714 185 1926 242 TEMP.
1947 186 2142 243 IURIS
2163 187 2362 244 CONS.

1135 355 1229 412 De
1270 357 1589 416 novatione.

535 463 679 527 101.
737 461 876 528 Gai.
914 464 972 546 3,
1012 464 1158 528 177.
1205 501 1288 510 —-
1339 465 1397 528 .‘.
1438 465 1492 528 si
1549 464 1770 528 eadem
1825 487 2103 550 persona
2159 467 2272 550 sit,
2329 489 2367 530 a

354 573 481 634 qua
526 555 755 635 postea
802 552 1089 637 stipuler,
1134 553 1228 616 ita
1276 553 1534 617 demum
1576 553 1838 619 novatio
1875 553 1970 633 fit,
2017 553 2074 618 si
2111 555 2262 637 quid
2298 556 2367 619 in

351 639 708 723 posteriore
765 641 1179 726 stipulatione
1224 641 1380 706 novi
1427 642 1536 725 sit,
1592 640 1762 707 forte
1809 642 1864 706 si
1912 642 2203 708 condicio
2251 647 2367 708 aut

352 727 485 793 dies
533 733 645 793 aut
690 749 961 813 sponsor
1006 729 1322 794 adiciatur
1368 734 1480 794 aut
1525 729 1917 794 detrahatur.

527 847 655 908 Gai.
706 851 763 927 3,
813 851 957 910 178.
1056 848 1172 908 Sed
1226 849 1387 925 quod
1443 851 1516 908 de
1571 867 1852 925 sponsore
1907 849 2192 928 diximus,
2245 869 2364 911 non

351 940 614 1014 constat3
659 957 799 996 nam
843 938 1111 998 diversae
1158 938 1397 998 scholae
1444 938 1787 998 auctoribus
1829 939 2064 1015 placuit
2109 943 2171 999 et
2216 960 2272 1016 q.
2319 951 2364 999 S.

1134 1100 1233 1167 De
1274 1102 1588 1167 solutione.

531 1216 674 1282 102.
722 1214 859 1282 Gai.
888 1217 949 1302 3,
979 1217 1123 1283 168.
1153 1253 1236 1262 —
1276 1215 1560 1281 Tollitur
1585 1263 1600 1280 .
1629 1265 1644 1280 .
1674 1216 1989 1300 obligatio
2020 1219 2364 1302 praecipue

352 1304 675 1369 solutione
723 1306 857 1370 eius
905 1305 1074 1390 quod
1123 1305 1410 1370 debetur.
1499 1304 1666 1369 unde
1713 1305 2068 1390 quaeritur,
2115 1305 2172 1371 si
2218 1307 2365 1391 quis

350 1393 791 1460 consentiente
848 1394 1160 1460 creditore
1217 1393 1391 1457 aliud
1448 1415 1565 1478 pro
1620 1393 1748 1457 alio
1797 1394 2090 1474 solverit,
2144 1398 2365 1459 utrum

230 1485 237 1492 '
348 1482 489 1565 ipso
527 1482 665 1546 iure
702 1483 1027 1564 liberetur,
1066 1482 1235 1567 quod
1271 1483 1513 1546 nostris
1543 1482 2066 1566 praeceptoribus
2095 1484 2361 1568 placuit,

350 1593 430 1635 an
478 1575 672 1724 611618.
696 1592 806 1724 81).
841 1659 949 1743 46,
984 1661 1044 1738 3,
1084 1660 1185 1725 78.
1276 1659 1618 1724 Iavolenus
1675 1659 1843 1724 libro
1899 1657 2234 1724 undecimo
2286 1681 2367 1724 ex

348 1746 574 1813 Cassio
621 1746 718 1832 (P.
755 1745 891 1834 49).
936 1784 1024 1795 -
1072 1746 1141 1812 Si
1196 1748 1390 1812 alieni
1445 1747 1693 1812 nummi
1747 1748 1950 1829 inscio
2009 1747 2110 1811 vel
2155 1747 2365 1813 invito

348 1835 611 1901 domino
676 1837 875 1902 soluti
938 1841 1118 1919 sunt,
1182 1839 1448 1901 manent
1511 1836 1648 1900 eius
1715 1837 1894 1900 cuius
1953 1835 2243 1918 fuerunt3
2307 1837 2367 1900 si

348 1925 536 1990 mixti
588 1929 831 2010 essent,
889 1926 981 1990 ita
1036 1928 1110 1990 ut
1166 1924 1444 1990 discerni
1499 1945 1628 1989 non
1683 1928 1974 2009 possent,
2031 1925 2168 1990 eius
2222 1924 2366 1989 fieri

349 2015 459 2099 qui
514 2015 759 2099 accepit
813 2016 882 2079 in
937 2014 1121 2078 libris
1170 2014 1315 2079 Gaii
1375 2013 1684 2098 scriptum
1743 2018 1867 2097 est,
1923 2015 2016 2077 ita
2069 2018 2144 2077 ut
2190 2012 2363 2079 actio

348 2102 611 2168 domino
656 2124 800 2167 cum
850 2124 951 2186 ec,
998 2104 1107 2187 qui
1154 2102 1460 2187 dedisset,
1505 2102 1664 2167 furti
1712 2106 2122 2187 competeret.

531 2193 672 2257 104.
735 2191 815 2256 D.
851 2193 957 2272 46,
994 2193 1054 2276 3,
1094 2191 1195 2256 17.
1295 2190 1472 2255 Idem
1537 2190 1652 2273 (sc.
1709 2190 2134 2275 Pomponius)
2191 2191 2364 2255 libro

346 2302 519 2346 nono
567 2280 811 2345 decimo
861 2280 940 2344 ad
989 2278 1298 2344 Sabinum
1347 2276 1446 2365 (P.
1484 2276 1660 2367 671).
1717 2316 1790 2326 —
1835 2277 2096 2344 Cassius
2145 2280 2255 2365 ait,
2308 2282 2366 2344 si

349 2371 451 2434 cui
512 2368 845 2451 pecuniam
911 2368 1083 2455 dedi,
1144 2373 1218 2432 ut
1279 2391 1424 2433 eam
1488 2367 1790 2433 creditori
1854 2390 1997 2433 meo
2067 2369 2366 2452 solveret,

347 2458 495 2541 <cui
542 2461 607 2521 et
651 2457 787 2541 ipse
835 2457 1155 2541 deberet>,
1203 2458 1258 2522 si
1299 2479 1414 2522 suo
1452 2458 1711 2521 nomine
1750 2457 2012 2540 dederit,
2059 2461 2366 2521 neutrum

345 2547 635 2631 liberari,
696 2568 824 2631 me,
880 2546 1042 2632 quia'
1086 2569 1215 2612 non
1269 2567 1413 2610 meo
1468 2546 1729 2610 nomine
1784 2547 1934 2610 data
1990 2546 2100 2629 sit,
2154 2545 2364 2630 illum,

347 2636 497 2721 quia
561 2636 833 2701 alienam
898 2637 1167 2721 dederit3
1233 2640 1515 2701 ceterum
1582 2634 1867 2699 mandati
1931 2657 2077 2699 eum
2137 2637 2365 2699 teneri.

347 2726 458 2791 sed
506 2725 561 2789 si
608 2725 885 2789 creditor
930 2746 1038 2789 eos
1084 2747 1384 2789 nummos
1432 2725 1568 2788 sine
1617 2724 1764 2788 dolo
1813 2724 1983 2788 malo
2022 2744 2363 2806 consump-

350 2814 569 2896 sisset,
613 2816 689 2897 is,
734 2814 845 2896 qui
892 2835 1007 2877 suo
1054 2815 1316 2877 nomine
1365 2835 1474 2877 eos
1523 2813 1837 2895 solvisset,
1884 2812 2213 2891 liberatur,
2258 2833 2365 2896 ne,

349 2901 403 2966 si
451 2902 639 2965 aliter
685 2900 1161 2985 observaretur,
1210 2901 1490 2965 creditor
1534 2901 1600 2963 in
1649 2900 1826 2964 lucro
1873 2905 2258 2965 versaretur.

1000 3068 1099 3133 De
1142 3070 1393 3133 iudiciis
1423 3068 1714 3150 privatis

527 3183 670 3248 105.
717 3181 795 3248 D.
829 3184 885 3266 1,
914 3183 975 3266 9,
1003 3185 1060 3249 2.
1134 3182 1475 3247 Marcellus
1511 3183 1676 3247 libro
1711 3182 1909 3247 tertio
1938 3182 2363 3267 Digestorum

346 3270 446 3355 (P.
474 3269 608 3359 20).
653 3308 741 3317 —
789 3269 1049 3337 Cassius
1094 3271 1426 3356 Longinus
1473 3292 1602 3336 non
1649 3275 1836 3356 putat
1880 3271 1940 3335 ei
1984 3270 2362 3355 permitten-

345 3362 514 3444 dum,
552 3362 661 3446 qui
700 3364 964 3446 propter
999 3360 1466 3444 turpitudinem
1505 3365 1727 3425 senatu
1768 3363 1982 3425 motus
2020 3381 2138 3426 nec
2174 3360 2366 3425 resti-

344 3454 524 3515 tutus
582 3454 706 3535 est,
768 3450 1046 3514 iudicare
1100 3450 1201 3513 vel
1255 3450 1700 3514 testimonium
1757 3449 1994 3532 dicere,
2049 3450 2201 3533 quia
2255 3449 2366 3515 lex

344 3539 514 3606 Iulia
558 3539 1056 3624 repetundarum
1104 3539 1226 3603 hoc
1272 3538 1412 3603 fieri
1460 3542 1655 3603 vetat.
