2575 3900
1046 200 1095 254 8.
1134 195 1484 251 VIVIANUS
2141 195 2272 259 247

1026 360 1126 425 De
1156 360 1492 444 precario?

419 482 494 541 cf.
531 481 755 541 Iuliani
798 481 1025 541 librum
1066 481 1260 541 XLIX
1306 482 1373 541 P.
1402 484 1550 542 671.
1582 483 1728 542 672.

426 566 526 631 19.
574 565 654 631 D.
679 566 785 645 43,
815 566 915 645 19,
938 568 993 647 1,
1015 566 1073 630 6.
1163 564 1483 649 Ulpianus
1530 563 1698 631 libro
1747 566 2274 667 septuagensimo

242 656 322 720 ad
379 656 661 720 edictum
714 651 816 742 (P.
858 616 1075 740 155'6).
1128 690 1203 703 -—
1254 654 1572 719 Vivianus
1628 705 1641 719 .
1673 705 1688 720 .
1717 704 1734 718 .
1791 654 1884 718 ait
1939 675 2111 737 eum,
2167 655 2277 738 qui

240 747 509 829 propter
562 743 1159 808 incommoditatem
1216 743 1339 808 rivi
1387 747 1498 808 aut
1542 746 1915 827 propterea,
1971 744 2124 828 quia
2169 743 2278 807 via

239 834 503 919 publica
546 834 913 918 interrupta
959 838 1118 917 erat,
1163 854 1276 916 per
1321 832 1601 917 proximi
1646 832 1845 896 vicini
1882 851 2111 917 agrum
2149 832 2276 896 iter

238 921 488 1007 fecerit,
532 922 825 1007 quamvis
868 920 934 985 id
968 922 1345 1005 frequenter
1381 920 1554 1004 fecit,
1598 942 1730 986 non
1767 918 1970 985 videri
2009 921 2275 986 omnino

240 1032 445 1076 usum.
493 1012 712 1096 itaque
738 1009 968 1076 inutile
998 1032 1139 1075 esse
1165 1010 1603 1095 interdictum,
1628 1031 1761 1075 non
1781 1011 1965 1094 quasi
1986 1010 2276 1093 precario

239 1122 455 1183 usum,
504 1100 614 1164 sed
660 1100 848 1183 quasi
890 1120 1012 1164 nec
1056 1121 1265 1164 usum.

556 1284 613 1342 2.
679 1280 786 1341 Ad
832 1282 1151 1341 edictum
1196 1282 1547 1341 aedilium
1591 1281 1966 1342 curulium.

823 1401 924 1466 De
966 1402 1306 1485 mancipiis
1349 1402 1706 1467 vendundis.

422 1521 478 1582 1.
526 1515 730 1597 D.21,
755 1520 809 1601 1,
834 1520 891 1601 1,
910 1518 969 1583 9.
1052 1516 1376 1601 Ulpianus
1417 1517 1584 1582 libro
1622 1518 1832 1601 primo
1873 1516 1955 1580 ad
1993 1515 2277 1581 edictum

239 1606 549 1671 aedilium
584 1605 901 1672 curulium
940 1604 1038 1693 (P.
1062 1603 1312 1692 17602).
1347 1642 1436 1653 —-
1467 1605 1660 1689 Apud
1695 1605 2047 1671 Vivianum
2084 1627 2278 1691 quae-

237 1696 429 1779 ritur,
504 1696 559 1760 si
633 1716 853 1761 servus
926 1696 1098 1760 inter
1136 1694 1493 1761 „fanaticos
1567 1716 1701 1760 non
1765 1716 2020 1779 semper
2083 1698 2278 1779 caput

237 1784 516 1850 iactaret
554 1787 620 1849 et
656 1784 875 1870 aliqua
909 1784 1203 1869 profatus
1242 1789 1432 1869 esset,
1469 1805 1554 1848 an
1588 1783 1794 1848 nihilo
1834 1788 2049 1848 minus
2079 1806 2278 1850 sanus

237 1874 585 1939 videretur.
678 1877 745 1938 et
798 1873 893 1939 ait
940 1872 1253 1939 Vivianus
1308 1872 1520 1939 nihilo
1569 1874 1781 1937 minus
1825 1873 2002 1938 hunc
2047 1894 2276 1937 sanum

238 1985 409 2046 esse3
482 1984 689 2048 neque
756 1963 929 2028 enim
993 1985 1143 2048 nos,
1211 1963 1452 2048 inquit,
1517 1962 1716 2028 animi
1779 1963 1958 2027 vitiis
2024 1960 2278 2028 minus1

237 2053 494 2137 aliquos
542 2074 737 2118 sanos
784 2074 923 2118 esse
964 2052 1345 2138 intellegere
1383 2052 1633 2117 debere.
1703 2051 2011 2136 alioquin,
2046 2052 2278 2136 inquit,

236 2140 553 2224 futurum,
595 2145 673 2206 ut
715 2142 785 2206 in
828 2141 1087 2206 infinito
1131 2141 1255 2206 hac
1303 2142 1555 2207 ratione
1602 2141 1844 2207 multos
1892 2162 2088 2206 sanos
2136 2163 2276 2206 esse

236 2249 655 2315 negaremus,
710 2234 784 2295 ut
836 2235 997 2314 puta
1050 2231 1259 2296 levem
1317 2229 1839 2314 superstitiosum
1893 2229 2275 2294 iracundum

239 2323 689 2384 contumacem
736 2323 803 2384 et
850 2320 907 2384 si
954 2341 1079 2404 qua
1126 2319 1369 2384 similia
1407 2322 1558 2384 sunt
1595 2319 1796 2383 animi
1830 2319 2016 2402 vitia3
2064 2320 2276 2404 magis

240 2409 412 2472 enim
469 2407 545 2472 de
598 2409 886 2492 corporis
932 2409 1242 2493 sanitate,
1299 2430 1492 2492 quam
1540 2406 1618 2471 de
1664 2407 1865 2472 animi
1909 2407 2086 2472 vitiis
2131 2429 2276 2492 pro-

238 2497 437 2562 mitti.
508 2496 835 2562 interdum
869 2501 1108 2578 tamen,
1150 2497 1383 2582 inquit,
1427 2496 1660 2561 vitium
1697 2496 2034 2580 corporale
2071 2518 2276 2580 usque

242 2585 324 2649 ad
360 2586 651 2651 animum
686 2585 1025 2670 pervenire
1062 2590 1128 2650 et
1165 2607 1312 2650 eum
1338 2584 1598 2666 vitiare,
1635 2584 1836 2649 veluti
1863 2585 2277 2668 contingeret

236 2683 638 2763 φρενητικῷ,
684 2675 835 2760 quia
878 2675 946 2739 id
988 2675 1048 2739 ei
1086 2695 1164 2739 ex
1201 2673 1491 2738 febribus
1531 2673 1854 2738 acciderit.
1929 2672 2083 2757 quid
2121 2695 2275 2758 ergo

240 2764 387 2828 est?
462 2765 519 2828 si
566 2764 719 2848 quid
766 2764 854 2828 sit
899 2763 1100 2829 animi
1144 2762 1378 2827 vitium
1423 2762 1576 2845 tale,
1620 2766 1694 2826 ut
1737 2761 1804 2825 id
1852 2783 1890 2826 a
1936 2760 2271 2827 venditore

236 2852 453 2938 excipi
518 2856 848 2937 oporteret
908 2873 1115 2938 neque
1178 2851 1245 2917 id
1309 2849 1610 2916 venditor
1674 2871 1818 2916 cum
1885 2851 2080 2916 sciret
2131 2873 2278 2936 pro·

238 2943 634 3021 nuntiasset,
682 2964 759 3007 ex
804 2945 1022 3026 empto
1071 2963 1217 3007 eum
1260 2941 1486 3005 teneri.

420 3032 480 3096 2.
546 3029 623 3094 D.
651 3031 805 3096 ibid.
834 3033 874 3112 ξ
909 3030 1009 3097 10.
1054 3067 1145 3078 --
1193 3028 1375 3097 Idem
1433 3028 1746 3095 Vivianus
1805 3030 1925 3112 ait,
1983 3031 2275 3114 quamvis

236 3119 591 3203 aliquando
656 3121 799 3205 quis
858 3120 1029 3186 circa
1081 3120 1237 3186 fana
1292 3117 1644 3185 bacchatus
1703 3119 1789 3183 sit
1842 3122 1909 3183 et
1960 3139 2278 3204 responsa

237 3208 618 3292 reddiderit,
690 3213 935 3292 tamen,
1001 3210 1057 3274 si
1120 3230 1291 3274 nunc
1352 3208 1476 3273 hoc
1537 3229 1670 3272 non
1732 3206 1960 3290 faciat,
2022 3207 2277 3272 nullum

235 3298 472 3364 vitium
509 3319 676 3381 esse3
721 3320 929 3384 neque
967 3320 1042 3364 eo
1079 3298 1361 3382 nomine,
1408 3297 1580 3382 quod
1620 3296 1965 3382 aliquando
2004 3297 2070 3361 id
2105 3297 2278 3379 fecit,

239 3388 415 3453 actio
462 3390 580 3470 est,
627 3387 819 3452 sicuti
866 3389 922 3452 si
970 3387 1322 3472 aliquando
1369 3385 1618 3451 febrem
1664 3385 1912 3452 habuit.
1994 3389 2277 3451 ceterum

239 3477 298 3540 si
344 3474 553 3540 nihilo
601 3477 817 3541 minus
862 3480 1271 3561 permaneret
1315 3476 1384 3539 in
1431 3496 1506 3539 eo
1553 3474 1736 3558 vitio,
1792 3478 1862 3539 ut
1907 3475 2078 3539 circa
2123 3475 2278 3539 fana

388 3604 416 3650 1
457 3597 553 3652 Fz.
592 3596 777 3652 minus
815 3597 991 3652 animi
1027 3595 1202 3653 vitiis.
