2575 3900
352 215 488 279 460
558 215 625 270 V.
663 215 964 271 NERVAE
1001 216 1096 271 ΕΤ
1132 216 1439 272 TRAIANI
1474 215 1685 272 TEMP.
1722 216 1915 271 IURIS
1952 215 2331 272 CONSULTI

349 380 628 460 interest,
689 385 899 443 utrum
961 399 1036 444 ex
1097 382 1520 444 numeratione
1567 381 1839 462 pecunia
1899 381 1987 445 ad
2048 401 2185 444 eum
2241 381 2411 446 sine

353 489 546 534 eausa
589 488 678 531 an
709 489 828 550 per
870 469 1387 550 acceptilationem
1426 471 1780 551 pervenerit.

538 557 596 620 6.
646 556 724 620 D.
752 557 857 638 23,
885 558 946 636 3,
973 559 1077 621 57.
1155 556 1495 622 Iavolenus
1533 557 1700 623 libro
1740 558 1946 641 primo
1987 580 2063 622 ex
2100 557 2401 622 Plautio.

353 681 442 691 —
489 645 789 727 antnra
839 646 972 726 filio
1020 646 1309 727 familias
1360 649 1419 710 si
1468 667 1666 712 socero
1710 648 1905 712 dotem
1949 649 2041 711 ita
2086 645 2397 711 dixerit¹.·

355 732 542 816 ‘qnod
588 734 763 815 filius
816 739 958 798 tuns
1003 735 1158 799 mihi
1201 735 1389 812 debet,
1443 737 1513 800 id
1554 737 1683 801 doti
1728 736 1840 800 tibi
1882 736 2040 814 erit',
2094 737 2399 800 interesse

342 827 518 906 puto,
561 828 773 887 utrum
813 822 938 905 filii
981 823 1266 905 obliyatio
1312 845 1400 888 an
1432 827 1643 906 patris
1675 827 2014 906 persecutio
2054 829 2112 888 et
2144 826 2217 888 in
2249 845 2395 888 rem

352 932 596 977 versum
660 909 959 976 diction?
1022 914 1421 976 contineatur.
1521 934 1673 977 nam
1725 915 1782 977 si
1835 916 1905 978 id
1963 915 2127 996 quod
2174 913 2393 995 filium

354 1001 505 1065 dare
539 1005 767 1082 oportet
799 1001 1214 1082 siynifieatnm
1251 1008 1355 1082 est,
1402 1006 1527 1066 tota
1550 1003 1838 1085 pecunia,
1882 1003 1953 1066 in
1987 1022 2176 1083 quam
2210 1003 2393 1082 filins

353 1089 658 1171 obligatus
709 1095 822 1172 est,
872 1087 1172 1154 dictioni²
1215 1092 1374 1156 dotis
1418 1091 1851 1168 continebitur‚·
1906 1091 2007 1155 sin
2051 1095 2253 1154 autem
2300 1092 2391 1170 id,

357 1180 521 1261 quod
554 1183 798 1260 patrem
843 1180 916 1243 de
946 1179 1187 1261 peculio
1233 1179 1326 1244 vel
1368 1180 1441 1243 in
1483 1201 1612 1244 rem
1656 1200 1823 1244 verso
1854 1185 2173 1260 praestare
2208 1200 2388 1261 opor·

357 1267 598 1350 te[bi]t,
644 1269 969 1332 aestimare
1013 1267 1239 1332 debebit
1270 1274 1572 1350 quantum
1608 1271 1693 1334 sit
1724 1289 1789 1332 eo
1828 1274 2087 1352 tempore
2126 1270 2192 1334 id
2223 1269 2393 1351 quod

357 1356 585 1419 dicitnr
595 1353 638 1435 ⁸,
691 1362 763 1420 nt
813 1377 886 1420 ea
938 1377 1185 1420 summa
1237 1359 1397 1422 dotis
1450 1378 1571 1422 esse
1618 1359 1914 1440 videatur,
1966 1379 2093 1440 qna
2138 1363 2388 1438 patrem

355 1464 424 1508 eo
467 1449 728 1526 tempore
769 1445 894 1526 filii
936 1447 1182 1510 nomine
1225 1449 1621 1511 condemnari
1664 1445 2013 1529 oportet-effi.
2096 1447 2292 1528 [quod
2326 1447 2387 1510 si

357 1553 486 1597 non
521 1534 821 1598 evidenter
857 1536 1170 1619 apparu-it,
1205 1537 1278 1600 de
1310 1537 1487 1600 onius
1521 1536 1744 1600 mulier
1779 1535 2142 1618 obliqatione
2174 1536 2384 1614 sensit,

343 1625 909 1704 praesumptionem
963 1625 1049 1688 ad
1097 1625 1221 1706 ficii
1274 1624 1541 1689 debitum
1592 1629 1860 1705 spectare
1903 1623 2234 1688 verisimile
2275 1628 2385 1706 est,

357 1711 489 1775 nisi
531 1712 973 1776 evidentissime
1017 1715 1399 1777 eontrarium
1444 1714 1865 1795 adprobetnrJ

535 1823 607 1882 cf.
658 1821 1034 1882 Gradenwitz
1082 1823 1144 1882 Z.
1191 1822 1246 1883 d.
1298 1824 1549 1885 Sam-St.
1599 1823 1743 1902 VII,
1793 1826 1873 1882 72
1896 1841 1981 1901 sq.

959 1996 1058 2061 De
1101 1997 1452 2062 hereditatis
1486 1998 1789 2079 petitione.

539 2112 596 2175 7.
641 2110 720 2175 D.
749 2111 809 2195 5,
839 2112 898 2194 3,
925 2112 1029 2177 44.
1113 2110 1461 2176 Iavolenus
1508 2111 1675 2177 libro
1722 2112 1931 2195 primo
1980 2134 2058 2175 ex
2104 2110 2377 2176 Plautio,

363 2236 439 2246 —
498 2198 654 2265 Cam
699 2201 783 2280 is,
837 2202 944 2281 qui
989 2202 1253 2282 leyatum
1298 2222 1373 2264 ex
1419 2205 1767 2266 testamento
1799 2203 2095 2283 percepit,
2150 2201 2380 2265 heredi-

359 2294 540 2353 tatem
583 2290 766 2369 petit,
819 2290 879 2354 si
932 2290 1196 2371 leyatum
1249 2310 1621 2371 quocumque
1674 2292 1851 2353 modo
1904 2291 2212 2355 redditum
2256 2310 2379 2354 non

355 2379 464 2455 sit,
518 2377 742 2443 iudicis
791 2379 994 2460 officio
1041 2379 1398 2454 continetur,
1450 2383 1522 2442 ut
1562 2379 1778 2442 victori
1820 2379 2068 2443 deducto
2112 2399 2180 2443 eo
2223 2380 2383 2461 quod

357 2468 589 2550 aceepit
629 2470 988 2532 restituatur
1028 2466 1343 2531 hereditas.

1204 2683 1417 2767 Liber
1461 2684 1540 2743 II.

960 2803 1060 2868 De
1101 2804 1400 2885 emptione
1441 2804 1795 2867 venditione.

536 2921 594 2983 8.
642 2919 720 2983 D.
743 2921 847 3004 18,
867 2920 926 3000 2,
951 2919 1049 2983 19.
1122 2916 1465 2982 Iavolenus
1493 2917 1659 2982 libro
1690 2919 1969 2984 secundo
2000 2940 2078 2983 ex
2108 2919 2372 2984 Plautio.

357 3040 449 3051 ——-
491 3007 718 3072 Fando
770 3010 841 3071 in
893 3009 1056 3072 diem
1109 3008 1351 3071 addicto
1404 3008 1462 3072 si
1502 3012 1716 3089 postea
1758 3010 2031 3089 pretinm
2079 3009 2370 3073 adiectum

358 3098 447 3159 est
507 3100 563 3159 et
622 3097 894 3161 venditor
955 3097 1082 3161 alio
1142 3096 1341 3177 fundo
1403 3097 1694 3198 applicito
1748 3118 1885 3161 eum
1938 3098 2145 3179 ipsum
2193 3098 2371 3179 fundi

345 3185 681 3264 posteriori
741 3186 1002 3267 emptori
1061 3186 1308 3250 addixit
1367 3189 1424 3248 et
1484 3186 1553 3249 id
1612 3187 1745 3250 sine
1804 3186 1941 3249 dolo
2002 3186 2170 3250 malo
2218 3186 2365 3267 fecit,

344 3272 556 3353 priori
599 3275 854 3355 emptori
897 3274 1196 3378 obliyatus
1240 3294 1367 3336 non
1410 3274 1540 3337 erit.
1622 3295 1771 3337 nam
1816 3276 2101 3355 quamvis
2143 3295 2269 3339 non
2308 3275 2373 3339 id

358 3364 628 3439 tantum,
683 3363 846 3443 qnod
896 3366 967 3425 in
1011 3363 1174 3426 diem
1217 3362 1529 3425 addietum
1574 3368 1727 3440 erat,
1781 3364 1888 3427 sed
1928 3364 2109 3428 alind
2149 3383 2369 3445 quoque

503 3519 532 3567 1
579 3516 727 3572 Trib.
765 3515 1101 3585 promiserit.
1231 3520 1262 3568 2
1308 3514 1455 3570 Trib.
1494 3515 1865 3585 promissioni.
1986 3524 2017 3573 3
2062 3518 2213 3573 Trio.
2250 3532 2361 3587 pro-

426 3584 617 3642 ”·4.ἰ1;ῑιι·.
763 3592 798 3640 4
835 3587 929 3643 Fz.
967 3586 1268 3657 oportebit.
