2575 3900
815 231 867 282 6.
912 223 1329 280 IAVOLENUS
1366 224 1657 281 PRISGUS
2109 229 2239 294 469

971 396 1070 462 De
1113 397 1518 463 servitutibus

266 576 276 580 -
414 511 512 578 13.
565 510 642 576 D.
675 510 734 596 8,
761 519 822 595 4,
848 511 909 577 5.
980 512 1155 576 Idem
1195 511 1311 600 (sc.
1346 511 1721 598 Iavolenus)
1761 515 1929 580 libro
1967 516 2247 582 secundo

221 599 693 684 Epistularum.
721 637 808 647 —
835 601 1171 684 Proprium
1207 603 1405 667 solum
1440 604 1744 670 vendendo
1779 624 1867 667 an
1903 606 2250 669 servitutem

225 689 417 753 talem
461 690 778 772 iniunyere
809 692 1065 774 possim,
1110 695 1182 754 ut
1223 692 1382 755 mihi
1424 696 1483 756 et
1523 693 1722 757 vicino
1757 692 2029 758 serviat?
2078 695 2250 758 simi-

225 778 373 842 liter
424 779 481 842 si
523 799 838 843 commune
881 779 1080 844 solum
1123 781 1339 865 vendo,
1392 785 1465 844 ut
1506 781 1661 845 mihi
1703 787 1760 847 et
1800 782 1960 846 socio
2004 784 2250 865 serviat,

227 887 322 931 an
367 868 650 949 consequi
683 867 964 949 possim?

409 955 755 1042 Respondi:
801 957 1145 1021 servitutem
1189 958 1449 1040 recipere
1491 958 1623 1022 nisi
1656 958 1778 1022 sibi
1820 979 1995 1024 nemo
2017 965 2218 1042 potest
2224 980 2248 1037 ;

224 1045 486 1110 adiectio
531 1047 736 1127 itaque
779 1047 970 1110 vicini
1002 1066 1123 1127 pro
1167 1067 1536 1128 supervacuo
1582 1046 1859 1112 habenda
1902 1053 2007 1133 est,
2048 1049 2141 1113 ita
2180 1053 2253 1113 ut

227 1139 360 1198 tota
385 1135 646 1198 servitus
672 1135 759 1198 ad
789 1155 942 1218 eum,
979 1136 1088 1216 qui
1121 1137 1426 1218 receperit,
1450 1137 1772 1217 pertineat.
1808 1137 2009 1202 solum
2044 1142 2251 1202 autem

225 1242 547 1286 commune
589 1225 892 1288 vendendo
935 1228 1009 1288 ut
1048 1223 1206 1288 mihi
1249 1229 1305 1288 et
1346 1226 1505 1289 socio
1547 1226 1798 1309 serviat,
1846 1227 2081 1308 efficere
2123 1247 2251 1291 non

225 1331 506 1393 possum,
560 1313 710 1393 quia
760 1333 868 1393 per
920 1333 1117 1377 unum
1169 1314 1401 1378 socium
1458 1315 1767 1378 communi
1820 1315 1946 1379 solo
1990 1316 2251 1381 servitus

228 1401 486 1481 adquiri
527 1420 654 1464 non
691 1405 902 1481 potest.

413 1486 512 1553 14.
567 1488 646 1553 D.
677 1488 735 1572 8,
763 1490 822 1572 6,
859 1489 956 1555 15.
1025 1488 1204 1554 Idem
1235 1488 1349 1577 (sc.
1378 1489 1749 1574 Iavolenus)
1779 1490 1946 1556 libro
1977 1497 2251 1557 secundo

230 1575 697 1660 Epistularum.
731 1614 806 1624 -
845 1576 938 1662 Si,
983 1599 1120 1642 cuni
1163 1580 1424 1643 servitus
1462 1579 1621 1642 mihi
1641 1599 1761 1661 per
1783 1580 1999 1661 plures
2022 1580 2253 1660 fundos

230 1667 565 1745 deberetur,
611 1667 880 1730 medium
919 1667 1190 1748 fundum
1234 1669 1569 1748 adquisivi,
1614 1688 1860 1732 manere
1902 1671 2253 1734 servitutem

220 1759 402 1837 puto,
457 1755 606 1835 quia
661 1756 875 1820 totiens
928 1757 1185 1821 servitus
1238 1757 1665 1840 confunditur,
1720 1757 1997 1838 quotiens
2039 1759 2137 1823 uti
2180 1779 2252 1822 ea

217 1844 288 1924 ‘is
350 1844 437 1907 ad
495 1863 672 1924 quem
721 1845 1033 1925 pertineat
1091 1866 1217 1910 non
1258 1849 1489 1928 potest,·
1552 1846 1748 1910 medio
1801 1851 2004 1911 autem
2052 1847 2251 1928 fundo

231 1932 541 2014 adquisito
592 1937 783 2014 potest
834 1935 1177 2014 consistere,
1240 1940 1314 2000 ut
1352 1956 1473 2019 per
1518 1936 1798 2017 primum
1852 1940 1911 2001 et
1959 1935 2250 2002 ultimum

233 2023 351 2086 iter
393 2022 696 2087 debeatur.

415 2109 512 2175 15.
574 2110 650 2174 D.
681 2112 739 2194 8,
775 2110 837 2194 5,
878 2112 978 2175 12.
1068 2112 1404 2177 Iavolenus
1449 2113 1614 2178 libro
1667 2114 1945 2179 seeundo
1991 2114 2251 2197 Epistu-

236 2199 464 2263 larum.
508 2236 582 2245 —
624 2200 753 2282 Eqi
795 2203 896 2265 ius
940 2202 1040 2265 illi
1082 2222 1208 2266 non
1251 2221 1374 2267 esse
1412 2203 1583 2285 tiyna
1617 2203 1685 2266 in
1711 2203 2013 2285 parietem
2048 2223 2251 2267 meum

233 2288 513 2352 immissa
547 2288 776 2353 habere.
859 2310 946 2353 an
980 2295 1038 2354 et
1071 2292 1142 2355 de
1172 2291 1412 2372 futuris
1446 2311 1571 2356 non
1606 2292 2003 2356 immittendis
2038 2312 2250 2356 caven-

237 2377 386 2440 dum
429 2376 558 2439 est?

407 2463 751 2545 Respondi:
800 2466 1024 2531 iudicis
1059 2468 1262 2548 officio
1298 2468 1596 2532 contineri
1620 2473 1794 2552 puto,
1828 2474 1900 2532 ut
1931 2470 2003 2533 de
2034 2469 2251 2549 futuro

237 2572 466 2633 quoque
510 2573 686 2634 opere
729 2556 930 2618 caveri
971 2554 1193 2620 debeat.

1061 2771 1278 2831 Liber
1322 2772 1431 2833 III.

1054 2880 1152 2947 De
1197 2882 1425 2966 leqatiS.

413 2996 514 3061 16.
567 2995 646 3062 D.
679 2999 823 3080 7,1‚
852 2996 958 3062 54.
1037 2996 1214 3062 Idem
1265 2996 1381 3082 (sc.
1426 2996 1797 3085 Iavolenus)
1844 3000 2012 3064 libro
2051 3002 2249 3066 tertio

237 3085 690 3169 Epistularum.
746 3123 821 3131 —
883 3084 1011 3151 Sub
1073 3088 1421 3152 condicione
1476 3108 1627 3153 usus
1674 3089 1917 3167 fructus
1966 3090 2155 3170 fundi
2208 3112 2250 3155 a

237 3180 288 3239 te
329 3174 540 3241 herede
588 3175 753 3239 Titio
799 3176 1030 3259 leqatus
1073 3180 1176 3241 est.
1242 3181 1308 3240 tu
1340 3176 1611 3257 fundum
1645 3178 1802 3241 mihi
1835 3179 2160 3244 vendidisti
2193 3184 2252 3242 et

237 3261 643 3345 mancipasti¹
685 3266 950 3329 detracto
993 3284 1111 3329 usu
1151 3265 1376 3345 fructu.
1430 3287 1683 3348 quaero,
1726 3268 1785 3331 si
1828 3288 1951 3332 non
1988 3268 2253 3332 extiterit

229 3354 530 3524 {gagga}
579 3358 694 3418 aut
743 3354 1012 3419 eaetiterit
1053 3360 1112 3418 et
1156 3356 1392 3420 interiit
1433 3376 1584 3421 usus
1623 3356 1890 3441 fructus,
1945 3358 2031 3421 ad
2072 3376 2250 3438 quem

376 3602 404 3650 1
449 3596 600 3653 Trib.
636 3597 938 3653 tradidisti.
