2575 3900
335 168 466 231 376
539 118 604 222 V.
641 168 942 223 NERVAE
977 167 1072 221 ET
1109 168 1417 223 TRAIANI
1451 168 1661 224 TEMP.
1697 167 1887 224 IURIS
1926 165 2291 223 CONSUL'I'I

336 353 522 397 servo
553 331 848 416 quamvis
875 353 1008 398 non
1037 332 1273 416 omnia,
1310 332 1627 417 quaedam
1652 336 1868 396 tamen
1896 330 2067 395 circa
2094 333 2369 415 partum

335 418 824 487 custodiendum
870 420 1140 486 arbitrio
1187 421 1506 505 praetoris
1553 442 1693 485 esse
1737 418 2158 485 concedenda.

517 530 768 593 Servum
814 530 889 592 ab
934 550 1002 593 eo
1039 532 1389 592 institutum
1423 534 1676 593 fortasse
1712 531 1918 591 Aristo
1954 532 2211 609 spectat,
2258 532 2371 609 qui

333 620 658 680 facultates
703 638 841 680 suas
888 624 1192 698 suspectas
1237 621 1422 680 habet
1464 613 1626 703 (Gai.
1654 623 1712 695 2,
1736 610 1913 702 154),
1959 621 2033 679 de
2081 639 2201 697 quo
2250 619 2368 679 Sa-

335 707 544 769 binum
579 728 811 787 quoque
849 708 1066 769 dixisse
1101 708 1362 769 vidimus
1400 701 1491 791 (H
1520 713 1554 769 1
1588 730 1643 785 p.
1674 702 1850 789 352).
1914 709 2121 786 agitur
2156 710 2369 768 autem

337 798 410 857 de
449 798 956 858 senatusconsulti
991 797 1319 875 Planciani,
1355 797 1724 874 Vespasiani,
1760 800 1831 857 ut
1866 797 2125 875 videtur,
2159 800 2367 857 aetate

334 887 482 947 facti
527 887 863 964 praeceptis
907 880 1007 965 (D.
1041 888 1142 961 25,
1173 889 1230 964 3,
1264 888 1298 945 1
1349 889 1410 946 et
1457 888 1515 962 3,
1546 880 1635 967 2).

513 974 809 1052 Ulpianus
839 975 1030 1035 addit:
1065 970 1268 1054 ‘quam
1298 975 1652 1035 sententiam
1682 977 1829 1050 puto
1857 993 2088 1051 veram3
2116 974 2369 1051 publice

339 1065 495 1124 enim
539 1064 791 1123 interest
832 1066 1046 1140 partus
1089 1082 1209 1124 non
1253 1064 1444 1123 subici
1489 1109 1502 1123 .
1523 1108 1540 1124 .
1559 1109 1572 1123 .
1618 1062 1870 1140 ideoque
1918 1063 2103 1122 etiam
2150 1081 2368 1123 servus

335 1153 478 1231 iste,
524 1171 662 1213 cum
707 1152 788 1212 sit
829 1146 900 1211 in
944 1171 1048 1228 spe
1095 1152 1455 1212 constitutus
1502 1151 1919 1227 successionis,
1964 1151 2369 1230 qualisqualis

337 1242 444 1319 sit,
490 1239 667 1301 debet
712 1241 910 1300 audiri
953 1260 1080 1301 rem
1125 1242 1188 1299 et
1233 1240 1535 1315 publicam
1580 1244 1642 1300 et
1688 1258 1859 1299 suam
1903 1234 2162 1319 gerens'.

1158 1445 1259 1512 De
1306 1448 1535 1531 leyatis.

1133 1576 1226 1635 De
1271 1578 1563 1637 codicillis.

515 1678 575 1741 4.
623 1675 704 1742 D.
733 1675 839 1761 29,
870 1678 928 1762 7,
956 1677 1016 1742 9.
1107 1676 1453 1743 Marcellus
1500 1676 1667 1741 libro
1714 1696 1888 1743 nono
1934 1676 2373 1763 Digestorum

341 1764 438 1849 (P.
480 1762 658 1851 118).
715 1800 799 1811 —
855 1762 1080 1831 Aristo
1145 1766 1411 1851 negavit
1472 1763 1689 1829 valere
1750 1764 2086 1831 codicillos
2142 1767 2229 1831 ab
2290 1789 2370 1832 eo

338 1853 576 1936 factos,
622 1854 733 1936 qui
777 1857 962 1937 pater
1004 1852 1288 1919 familias
1336 1875 1453 1919 nec
1498 1875 1579 1917 ne
1627 1856 1826 1935 esset,
1871 1853 2267 1939 ignorasset.

519 1964 862 2041 Sequuntur
896 1965 1069 2026 haec:
1108 1960 1427 2041 ‘Ulpianus
1462 1966 1661 2026 notat:
1697 1965 1817 2024 nisi
1854 1970 2181 2026 veteranus
2219 1968 2374 2045 fuit3

339 2059 485 2115 tunc
533 2053 691 2113 enim
737 2055 800 2113 et
844 2055 1269 2114 testamentum
1316 2046 1584 2115 valebit?

1002 2248 1095 2307 De
1137 2251 1451 2323 usufructu
1494 2250 1693 2323 legato.

517 2348 605 2415 5⁸.
652 2348 804 2415 Vat.
839 2347 914 2414 fr.
955 2351 996 2430 ξ
1026 2349 1108 2416 88
1157 2347 1333 2435 (Ulp.
1357 2347 1607 2414 LXVII
1634 2347 1713 2412 ad
1735 2344 1883 2413 Sab.
1928 2347 2001 2413 P.
2022 2350 2254 2437 2570).
2287 2388 2374 2400 —

339 2439 631 2505 Iulianus
678 2438 915 2503 subicit
951 2436 1214 2502 Sextum
1263 2459 1514 2524 quoque
1550 2437 1980 2520 Pomponium
2015 2439 2281 2527 referre,
2318 2442 2377 2506 si

337 2550 456 2613 per
482 2527 963 2593 damnationem
1000 2547 1153 2591 usus
1191 2525 1437 2592 fructus
1461 2524 1689 2608 (cum)
1714 2523 1939 2589 liberis
1977 2530 2169 2593 uxori
2197 2530 2375 2616 lege·

338 2622 464 2701 tur,
504 2615 831 2702 singulare
875 2615 1002 2680 hoc
1049 2635 1184 2679 esse
1232 2617 1425 2699 atque
1470 2613 1613 2679 ideo
1650 2611 1744 2675 fili
1780 2633 2130 2695 personam
2170 2619 2378 2684 matri

340 2705 711 2789 (accedere,
771 2726 853 2769 ne
916 2703 1058 2768 sine
1110 2702 1333 2767 liberis
1392 2702 1472 2768 ad
1528 2721 1714 2765 usum
1768 2698 2056 2767 fructum
2112 2708 2379 2793 mater>

342 2793 688 2876 accederet,
723 2814 842 2858 nec
875 2811 1015 2856 esse
1044 2790 1412 2875 legatarios,
1452 2789 1562 2855 sed
1591 2789 1799 2851 matre
1826 2795 2092 2857 mortua
2119 2793 2377 2862 liberos

340 2881 527 2965 quasi
579 2880 844 2945 heredes
904 2901 1092 2943 usum
1146 2877 1427 2943 fructum
1482 2875 1838 2942 habituros.
1933 2898 2087 2966 ego,
2151 2882 2379 2969 inquit

337 2967 765 3052 Pomponius,
822 2987 1089 3053 quaero,
1144 2964 1301 3048 quid
1359 2967 1415 3030 si
1464 2961 1652 3028 mixti
1694 2960 1938 3029 fuerint
1982 2968 2213 3036 liberis
2263 2994 2378 3038 ex-

337 3055 550 3122 tranei
587 3054 897 3119 heredes?
969 3052 1120 3136 (et)
1157 3051 1250 3117 ait
1283 3051 1451 3117 filios
1486 3072 1605 3137 pro
1643 3048 1978 3134 legatariis
2024 3055 2378 3128 habendos

342 3148 408 3209 et
461 3143 720 3217 mortui,
754 3147 1004 3227 partem
1059 3138 1497 3224 interituram,
1551 3135 1930 3206 Aristonem
1986 3149 2213 3212 autem
2262 3151 2379 3214 ad-

341 3235 568 3297 notare
614 3229 772 3294 haec
817 3251 972 3295 vera
1017 3247 1174 3292 esse.

522 3333 612 3400 5¹³.
658 3332 735 3397 D.
768 3336 824 3416 7,
851 3334 911 3416 2,
941 3333 998 3398 8.
1078 3329 1396 3414 Ulpianus
1442 3331 1612 3396 libro
1658 3333 1933 3414 septimo
1983 3337 2237 3408 decimo
2289 3345 2381 3411 ad

349 3422 676 3489 Sabinum.
727 3457 802 3467 —
855 3419 923 3485 Si
969 3419 1222 3484 mulieri
1269 3438 1413 3482 eum
1457 3418 1680 3484 liberis
1727 3421 1862 3485 suis
1909 3445 2067 3491 usus
2114 3428 2381 3498 fructus

343 3512 614 3596 legetur,
659 3509 913 3574 amissis
950 3507 1170 3572 liberis
1208 3525 1284 3568 ea
1320 3527 1507 3572 usum
1544 3507 1825 3571 fructum
1861 3509 2093 3600 habet3
2140 3518 2261 3583 sed
2309 3525 2385 3586 et
