2575 3900
397 198 535 262 474
604 198 670 254 V.
710 197 1006 252 NERVAE
1043 196 1135 251 ΕΤ
1170 196 1475 252 TRAIANI
1511 196 1722 254 ΤΕΜΡ.
1760 195 1953 252 IURIS
1989 195 2381 253 CONSULTI

1139 379 1240 444 De
1281 380 1668 462 usucapione.

574 493 681 560 26.
725 493 803 560 D.
821 497 927 579 41,
943 469 1015 580 ‘3,
1043 495 1146 560 20.
1210 494 1389 559 Idem
1422 493 1537 580 (sc.
1576 491 1949 580 Iavolenus)
1977 493 2151 558 libro
2182 499 2441 578 quarto

394 583 856 667 Epistularum.
900 621 990 631 —
1033 584 1348 650 Possessio
1399 584 1703 649 testatoris
1744 585 1837 648 ita
1880 582 2086 648 heredi
2120 586 2440 667 procedit,

394 673 453 738 si
496 674 692 738 medio
738 679 997 755 tempore
1039 695 1082 738 a
1125 674 1299 738 nullo
1333 693 1617 755 possessa
1661 677 1763 737 est.

1136 868 1236 934 De
1259 869 1664 934 servitutibus.

572 985 677 1049 27.
734 982 809 1048 D.
849 985 908 1064 8,
950 985 1148 1061 1,12.
1246 983 1587 1048 Iavolenus
1642 983 1808 1047 libro
1865 987 2095 1068 quarto
2140 982 2429 1067 Epistu-

393 1073 621 1140 larum.
651 1109 735 1120 —
764 1072 912 1138 Non
947 1074 1171 1150 dubito,
1207 1073 1363 1156 quin
1393 1072 1591 1152 fundo
1626 1072 2009 1154 municipum
2026 1093 2143 1154 per
2168 1091 2429 1139 servum

391 1167 546 1228 recte
587 1164 845 1227 servitus
889 1163 1277 1244 adquiratur.

1232 1379 1448 1439 Liber
1492 1379 1563 1439 V.

1221 1490 1322 1555 De
1365 1490 1583 1555 tutelis.

570 1604 672 1670 28.
738 1603 814 1669 D.
854 1606 957 1686 27,
994 1605 1054 1688 5,
1099 1606 1156 1670 3.
1248 1605 1587 1670 Iavolenus
1644 1605 1812 1669 libro
1868 1605 2093 1688 quinto
2138 1604 2417 1688 Epistu-

391 1694 618 1758 larum.
662 1729 735 1740 —
788 1692 1045 1776 Quaero,
1089 1715 1175 1758 an
1210 1695 1266 1758 is
1301 1695 1425 1776 qui,
1466 1715 1605 1759 cum
1641 1698 1802 1759 tutor
1838 1698 2186 1758 testamento
2224 1695 2417 1760 datus

388 1787 540 1847 esset
589 1787 646 1846 et
695 1783 766 1846 id
812 1784 1017 1864 ipsum
1069 1783 1407 1865 iquorarct‚
1462 1803 1583 1865 pro
1639 1787 1833 1847 tutore
1883 1783 2125 1866 neyotia
2164 1785 2415 1866 pupilli

383 1873 649 1954 ,cesserit
692 1873 875 1954 quasi
920 1876 1082 1935 tutor
1123 1893 1210 1936 an
1254 1873 1438 1955 quasi
1475 1891 1592 1954 pro
1637 1876 1830 1936 tutore
1863 1872 2107 1955 neyotia
2133 1874 2412 1956 yesserit,

392 1965 684 2025 teneatur.

567 2047 935 2131 Respondit:
971 2071 1098 2114 non
1122 2055 1278 2132 puto
1314 2051 1503 2114 teneri
1537 2051 1719 2131 quasi
1754 2054 2027 2133 tutorem,
2061 2050 2214 2132 quia
2250 2052 2413 2115 scire

387 2158 620 2221 quoquc
661 2158 723 2203 se
767 2143 1022 2203 tutorem
1067 2159 1189 2203 esse
1231 2139 1411 2222 debet,
1456 2144 1526 2203 ut
1565 2159 1631 2203 eo
1675 2137 1899 2217 affectu
1933 2139 2175 2222 neyotia
2204 2145 2407 2223 yerat,

384 2247 506 2310 quo
552 2231 714 2291 tutor
752 2248 955 2310 9crcre
997 2229 1219 2293 debeat.

1215 2445 1432 2505 Liber
1477 2444 1577 2505 VI.

1206 2553 1307 2620 De
1352 2555 1578 2639 leyatis.

563 2672 670 2737 29.
714 2670 791 2737 D.
812 2672 914 2750 34,
934 2672 993 2754 3,
1016 2672 1074 2736 6.
1147 2670 1490 2735 Iavolenus
1526 2670 1691 2735 libro
1730 2673 1910 2735 sexto
1937 2669 2404 2753 Epistularum.

566 2774 612 2821 1.
668 2759 821 2825 Post
861 2761 1405 2844 emancipationem
1448 2779 1587 2823 vero
1631 2760 1753 2842 filii
1796 2764 2043 2824 eatenus
2070 2764 2258 2841 pater
2291 2759 2401 2842 (sc.

383 2850 486 2913 cui
539 2849 815 2913 liberatio
870 2849 1070 2932 leyata
1121 2850 1236 2930 est)
1287 2850 1582 2913 actionem
1626 2848 1883 2930 habebit,
1939 2853 2238 2929 quatenus
2282 2848 2400 2913 ali-

381 2938 538 3018 quid
587 2957 661 3001 esc
699 2938 943 3019 peculio
995 2941 1108 3001 aut
1157 2938 1226 3001 in
1278 2958 1404 3001 rem
1461 2956 1630 3002 verso
1671 2941 2106 3020 praestaturus
2157 2941 2276 3013 est;
2330 2938 2402 3002 id

381 3026 547 3089 enim
593 3025 927 3108 leyatorum
970 3026 1216 3091 nomine
1261 3028 1347 3091 ad
1374 3031 1623 3109 patrem
1658 3025 2008 3109 pertinebit,
2063 3025 2226 3107 quod
2266 3025 2401 3091 eius

382 3114 676 3177 intererit.

559 3214 608 3263 2.
672 3202 852 3267 Illud
901 3206 1116 3286 quaeri
1150 3194 1371 3287 potest,
1426 3224 1511 3267 an
1555 3223 1622 3267 eo
1664 3222 1895 3285 quoque
1936 3201 2186 3267 nomine
2216 3206 2398 3283 pater

378 3310 455 3354 ex
501 3294 847 3354 testamento
890 3313 1064 3374 aqcre
1097 3294 1312 3377 possit,
1355 3296 1427 3356 ut
1466 3292 1651 3355 etiam
1694 3292 1867 3373 filius
1910 3292 2146 3355 actione
2191 3290 2395 3356 libere·

381 3384 503 3443 tur.
582 3378 944 3459 quibusdam
989 3401 1053 3444 eo
1088 3400 1276 3460 usque
1312 3380 1552 3444 extendi
1586 3381 1881 3444 actionem
1909 3379 2203 3463 placebat,
2245 3380 2395 3462 quia

370 3468 579 3548 patris
631 3467 913 3531 interesse
964 3469 1267 3547 videatur,
1318 3467 1377 3531 si
1413 3537 1415 3539 ,
1417 3467 1732 3549 peculium
1780 3468 1913 3549 filio
1945 3473 2092 3551 post
2133 3470 2394 3533 emanci-

369 3556 688 3635 pationem
751 3556 1150 3633 concessisset,
1221 3555 1530 3637 intcyrum
1592 3554 1767 3639 [ius]
1830 3557 1963 3621 eius
2012 3576 2393 3639 permanere.
