2575 3900
331 200 460 266 308
535 201 600 256 V.
638 198 939 255 NERVAE
975 200 1069 254 ET
1106 197 1410 257 TRAIANI
1446 197 1661 253 TEMP.
1699 196 1889 252 IURIS
1928 197 2287 255 CONSULTI

332 365 590 447 debere,
649 364 760 429 sed
816 360 1171 428 interdum²
1214 361 1538 447 proficisci
1587 361 1666 426 ad
1715 383 1888 445 eum,
1943 363 2045 428 cui
2088 362 2353 428 reddere

335 453 570 518 debeat
617 453 869 536 [utique
915 452 971 516 si
1017 451 1073 516 is
1119 451 1213 516 rei
1258 450 1555 534 publicae
1601 471 1796 515 causa
1842 449 2098 535 aberitJ.

508 564 747 624 Inclusa.
792 564 977 623 verba
1019 562 1268 623 Pernice
1316 561 1471 623 eicit.
1915 635 1924 646 .

508 653 936 731 Fragmentum
983 652 1398 728 Epistularum
1443 652 1614 712 libris
1658 653 1800 712 licet
1843 652 2192 712 attribuere.

812 847 906 907 De
950 848 1125 921 fiendi
1170 847 1448 908 locatione
1493 849 1874 908 conductione.

508 971 571 1032 4.
624 966 703 1032 D.
735 968 837 1047 19,
864 966 925 1049 2,
958 966 1058 1048 19,
1085 966 1145 1030 2.
1235 965 1553 1049 Ulpianus
1608 967 1778 1032 libro
1831 967 2212 1052 trigensimo
2261 989 2356 1032 se-

334 1057 541 1124 cundo
598 1055 678 1120 ad
734 1054 1015 1119 edictum
1061 1054 1160 1140 (P.
1186 1054 1368 1140 951).
1419 1092 1493 1102 —
1543 1055 1713 1121 Illud
1767 1055 1953 1120 nobis
2008 1054 2354 1120 videndum

334 1151 453 1228 est,
501 1147 558 1210 si
603 1144 747 1230 quis
792 1142 1063 1207 fundum
1108 1142 1436 1227 locaverit,
1481 1165 1644 1228 quae
1691 1144 1898 1210 soleat
1940 1143 2355 1214 instrumenti

334 1235 594 1299 nomine
641 1231 1012 1298 conductori
1055 1235 1407 1316 praestare,
1453 1254 1739 1316 quaeque
1786 1233 1843 1297 si
1883 1253 2012 1297 non
2048 1237 2353 1317 praestet,

337 1346 415 1387 ex
449 1323 663 1387 locato
701 1324 974 1386 tenetur.
1049 1326 1114 1385 et
1150 1325 1249 1385 est
1283 1321 1562 1405 epistula
1588 1319 1842 1385 Neratii
1871 1320 1951 1385 ad
1980 1320 2356 1386 Aristonem

336 1411 507 1475 dolia
570 1409 792 1494 utique
856 1409 1089 1474 colono
1154 1431 1295 1476 esse
1359 1409 1751 1493 praestanda
1815 1413 1881 1474 et
1944 1411 2235 1495 praelum
2290 1415 2356 1474 et

333 1504 662 1583 trapetum
725 1498 1044 1563 instructa
1102 1496 1395 1581 funibus,
1459 1497 1518 1562 si
1573 1498 1811 1582 minus,
1876 1498 2205 1563 domiuum
2258 1499 2355 1563 in-

336 1593 581 1653 struere
633 1608 709 1652 ea
754 1587 1012 1670 debere3
1066 1587 1177 1652 sed
1224 1591 1289 1652 et
1334 1587 1628 1671 praelum
1673 1586 1974 1652 vitiatum
2022 1587 2354 1652 dominum

336 1678 592 1743 reficere
642 1675 890 1740 debere.
973 1676 1142 1759 quod
1188 1676 1246 1741 si
1291 1675 1482 1759 culpa
1518 1675 1733 1740 coloni
1769 1675 1923 1760 quid
1959 1697 2184 1742 eorum
2220 1697 2356 1741 cor-

335 1769 600 1849 ruptum
639 1764 741 1848 sit,
780 1786 856 1829 ex
894 1763 1105 1829 locato
1144 1785 1291 1829 eum
1327 1763 1550 1829 teneri.
1613 1763 1805 1829 fiscos
1843 1767 2077 1848 autem,
2122 1765 2356 1848 quibus

335 1855 417 1919 ad
480 1852 899 1938 premendam
963 1851 1171 1916 oleam
1236 1853 1508 1936 utimur,
1571 1852 1868 1918 colonum
1935 1853 2061 1918 sibi
2125 1874 2356 1936 parare

337 1944 569 2009 debere
598 1940 904 2008 Neratius
943 1941 1231 2025 scripsit3
1269 1940 1440 2025 quod
1479 1941 1536 2007 si
1567 1941 1810 2027 regulis
1841 1942 1984 2008 olea
2009 1947 2359 2026 prematur,

337 2037 402 2097 et
464 2032 756 2115 praelum
819 2035 885 2093 et
948 2030 1236 2094 suculam
1297 2032 1363 2094 et
1415 2030 1674 2115 regulas
1730 2034 1795 2095 et
1850 2034 2235 2116 tympanum
2290 2036 2358 2097 et

337 2122 584 2185 cocleas
658 2118 891 2203 quibus
964 2118 1288 2183 relevatur
1363 2120 1654 2203 praelum
1727 2120 2060 2185 dominum
2122 2142 2356 2205 parare

338 2211 653 2292 oportere.
726 2207 880 2270 item
922 2228 1172 2289 aenum,
1210 2207 1279 2271 in
1319 2229 1446 2291 quo
1485 2209 1628 2273 olea
1664 2209 1848 2273 calda
1884 2230 2054 2292 aqua
2083 2209 2356 2289 lavatur,

339 2303 414 2362 ut
475 2299 689 2361 cetera
750 2316 909 2359 vasa
972 2295 1212 2360 olearia
1267 2296 1597 2361 dominum
1652 2301 1984 2380 praestare
2040 2301 2356 2382 oportere,

339 2384 531 2451 sicuti
567 2384 743 2449 dolia
780 2383 1046 2466 vinaria,
1084 2406 1247 2467 quae
1286 2384 1366 2449 ad
1402 2390 1807 2468 praesentem
1838 2407 2024 2450 usum
2055 2386 2356 2451 colonum

334 2475 549 2559 picare
596 2472 937 2557 oportebit.

511 2584 585 2644 A.
631 2585 903 2644 Pernice:
949 2583 1188 2660 Ulpian.
1225 2604 1283 2660 p.
1326 2587 1408 2643 24
1454 2604 1511 2643 n.
1552 2587 1588 2644 3
1638 2605 1745 2661 pro
1791 2580 2076 2662 ‘epistula
2119 2586 2358 2646 Neratii

338 2674 413 2734 ad
475 2665 845 2733 Aristonem'
908 2673 1107 2749 potius
1173 2667 1456 2749 ‘epistula
1520 2672 1823 2735 Aristonis
1889 2674 1963 2733 ad
2017 2675 2071 2733 N
2076 2670 2356 2734 eratium'

336 2763 712 2823 scribendum
777 2780 905 2821 esse
969 2764 1163 2837 putat.
1255 2762 1361 2821 sed
1425 2763 1584 2838 quod
1635 2761 1844 2822 Aristo
1911 2764 1986 2822 ad
2040 2762 2359 2823 Neratium

339 2852 664 2926 epistulam
711 2848 875 2909 dedit
920 2841 1021 2929 (D.
1062 2851 1165 2927 20,
1214 2854 1270 2926 1,
1319 2852 1356 2910 3
1404 2850 1564 2909 infra
1606 2871 1662 2927 p.
1705 2844 1880 2932 372),
1926 2870 1997 2912 eo
2041 2871 2163 2912 non
2209 2854 2357 2914 satis

334 2939 625 3015 probatur
670 2939 839 2997 illum
877 2937 951 2996 ab
990 2938 1103 2998 hoc
1141 2940 1480 2998 consultum
1523 2939 1726 3001 fuisse.

830 3167 963 3228 VII.
1027 3169 1468 3245 Regularum
1514 3169 1687 3229 libri
1732 3170 1859 3231 XV.

515 3308 937 3385 Quamquam
920 3330 983 3369 1n
1011 3309 1201 3369 indice
1229 3310 1576 3371 Florentino
1605 3311 1751 3372 haec
1779 3313 2090 3390 leguntur·
2139 3308 2355 3393 ‘N-spoe

336 3396 464 3457 τίον
529 3398 871 3473 regularion
924 3397 1125 3477 βιβλία
1178 3392 1531 3476 δεκαπέντεζ
1594 3402 1657 3459 in
1708 3400 2030 3461 Iustiniani
2083 3401 2355 3478 Digestis

483 3570 513 3618 1
552 3563 648 3620 ΕΖ.
682 3565 921 3622 interim.
