2575 3900
766 195 815 240 4.
855 184 913 242 C.
944 186 1237 242 CASSIUS
1273 186 1644 242 LONGINUS
2133 188 2215 253 51

198 351 467 504 collgrga
532 355 597 414 et
659 351 1011 434 emplastra
1065 355 1131 415 et
1186 354 1401 415 cetera
1454 351 1589 414 eius
1646 350 1899 434 generis
1956 348 2218 430 Cassius

200 460 318 504 sen
364 462 388 503 1

371 549 645 610 cf.Plin.
690 569 749 608 n.
794 551 850 609 h.
896 551 1165 622 34,108
1230 550 1350 609 iam
1415 593 1429 608 .
1467 595 1480 608 .
1547 551 1707 609 facta
1769 551 2093 626 emplastra
2155 553 2218 611 et

196 639 447 716 collyria
478 642 831 698 mercantur.
896 638 1063 699 Paul.
1095 638 1151 697 S.
1178 639 1287 711 ΠΙ,
1320 641 1376 715 6,
1407 641 1506 698 62.
1571 639 1974 698 Instrumento
2001 639 2215 699 medici

194 729 397 804 legato
447 727 698 803 collyria
742 729 805 786 et
849 727 1175 802 emplastra
1220 730 1283 786 et
1317 729 1644 802 apparatus
1682 727 1871 786 omnis
1908 728 2214 787 conficien-

197 817 407 876 dorum
444 815 1031 893 medicamentorum,
1067 815 1328 890 itemque
1357 815 1717 874 ferramenta
1743 816 1944 893 legato
1981 817 2217 876 cedunt.

913 991 1011 1050 De
1039 994 1269 1066 peculio
1314 994 1511 1066 leyato.

372 1109 481 1176 59.
553 1109 629 1173 D.
675 1111 779 1193 40,
830 1111 887 1193 7,
933 1110 1037 1192 28,
1088 1113 1143 1176 1.
1249 1109 1592 1177 Iavolenus
1659 1111 1825 1176 libro
1890 1115 2071 1175 sexto
2138 1131 2214 1175 ex

196 1199 425 1265 Cassio
471 1198 570 1283 (P.
591 1196 727 1286 22).
763 1235 853 1246 —-
890 1196 1258 1282 Statuliber,
1305 1204 1650 1284 antequam
1696 1199 1983 1275 condicio
2029 1199 2218 1264 liber-

193 1289 351 1354 tatis
390 1287 725 1373 optigerit,
766 1289 823 1351 si
860 1287 1013 1371 quid
1050 1294 1507 1371 comparasset,
1542 1288 1788 1371 peculio
1825 1289 2043 1390 legato
2081 1309 2216 1353 non

192 1399 523 1442 cessurum
576 1376 646 1440 in
699 1375 885 1441 libris
943 1375 1090 1440 Gaii
1143 1373 1356 1441 Cassii
1409 1374 1724 1460 scriptum
1778 1380 1906 1462 est,
1963 1377 2093 1441 nisi
2146 1376 2214 1441 id

192 1467 485 1551 legatum
531 1465 601 1528 in
644 1468 898 1549 tempus
943 1465 1265 1528 libertatis
1312 1464 1620 1530 collatum
1667 1469 1853 1531 esset.

883 1640 984 1706 De
1024 1642 1525 1735 fideicommytssis.

380 1757 485 1823 60.
523 1755 987 1841 D.35,1,43pr.
1061 1756 1299 1822 Paulus
1327 1757 1496 1821 libro
1527 1759 1754 1821 octavo
1785 1756 1863 1820 ad
1890 1756 2214 1821 Plautium

194 1844 299 1932 (P.
341 1842 566 1930 1156).
620 1879 704 1892 ·—
758 1843 1051 1910 Plautius
1087 1892 1105 1910 .
1142 1844 1438 1929 Rogatus
1499 1849 1598 1909 est
1651 1843 1834 1909 heres
1889 1867 1928 1909 a
1980 1845 2212 1912 liberto

190 1938 536 2015 testatore,
590 1938 665 2000 ut
719 1933 1038 2019 perceptis
1094 1933 1220 2000 sibi
1274 1934 1491 1999 decem
1538 1937 1744 1999 totam
1795 1932 2211 2000 hereditatem

193 2023 602 2107 revenderet3
638 2027 864 2107 postea
900 2026 1212 2105 patronus
1251 2023 1536 2088 defuncti
1564 2023 1879 2089 bonorum
1907 2024 2216 2107 possessi·

196 2134 387 2177 onem
452 2116 675 2177 contra
738 2111 995 2175 tabulas
1059 2112 1339 2194 petierat
1401 2116 1466 2176 et
1519 2116 1768 2195 partem
1820 2110 2212 2197 hereditatis,

189 2222 354 2286 quae
428 2200 806 2285 debebatur,
869 2201 1243 2265 abstulerat.
1342 2199 1650 2266 Proculus
1712 2197 1972 2265 Cassius
2037 2200 2212 2265 fidei-

189 2289 712 2355 commissarium
775 2309 892 2372 pro
956 2292 1098 2353 rata
1163 2288 1334 2373 quod
1390 2289 1585 2354 solvit
1639 2292 1926 2372 repetere
1982 2286 2208 2353 debere

187 2380 389 2443 aiunt.

366 2467 473 2531 61.
531 2463 610 2531 D.
639 2463 745 2548 35,
772 2465 834 2548 2,
861 2465 964 2529 31.
1035 2464 1431 2548 Pomponius
1476 2465 1644 2529 libro
1694 2464 1970 2530 secundo
2007 2464 2211 2530 Fidei-

186 2555 683 2620 commissorum
757 2551 856 2639 (P.
899 2550 1081 2639 215).
1148 2590 1237 2601 —
1300 2602 1317 2619 .
1363 2604 1378 2619 .
1454 2551 1798 2617 secundum
1863 2551 2071 2618 Cassii
2145 2559 2210 2618 et

186 2647 481 2709 veterum
510 2642 895 2726 opinionem,
926 2641 981 2706 si
1013 2663 1052 2706 a
1069 2642 1318 2725 pupillo
1339 2640 1832 2706 fideicommissa
1849 2640 2208 2725 capiuntur,

182 2736 453 2816 propter
502 2752 596 2813 ea,
642 2751 805 2816 quae
852 2751 891 2794 a
938 2729 1293 2795 substituto
1332 2732 1521 2793 erunt
1556 2728 1799 2809 relicta,
1845 2748 2066 2793 cavere
2105 2728 2207 2794 de-

185 2820 368 2886 bebit
403 2820 461 2885 is
500 2816 602 2885 cui
638 2819 943 2884 solvatur.
1014 2839 1167 2883 nam
1204 2817 1498 2904 quamvis
1525 2816 1825 2901 repetitio
1854 2817 1941 2882 sit
1969 2839 2208 2901 eorum,

186 2930 350 2993 quae
387 2906 870 2974 fideicommissi
906 2908 1168 2972 nomine
1200 2929 1333 2973 non
1362 2906 1580 2972 debita
1609 2907 1954 2991 solventur,
1989 2910 2208 2972 tamen

186 2998 505 3063 satisdato
562 3000 819 3061 cautum
873 2993 1076 3061 debet
1117 3018 1255 3061 esse
1312 2995 1394 3077 ei,
1462 3018 1501 3060 a
1556 3017 1682 3079 quo
1736 2996 2005 3078 pecunia
2058 3018 2206 3080 pro-

183 3086 609 3169 ficisceretur,
662 3106 747 3148 ne
792 3084 1094 3149 damnum
1143 3085 1383 3150 sentiat
1427 3084 1757 3149 deficiente
1803 3106 1907 3167 eo,
1957 3084 2059 3149 cui
2104 3106 2205 3151 so-

181 3176 392 3240 lutum
441 3174 583 3239 erit.

433 3332 533 3397 De
577 3330 846 3397 libertate
888 3332 1101 3397 relicta
1143 3337 1199 3397 et
1238 3334 1312 3397 de
1355 3332 1959 3399 manumissionwus.

363 3448 469 3514 62.
516 3447 591 3511 D.
613 3447 717 3526 40,
738 3447 797 3531 7,
814 3448 876 3531 2,
899 3447 956 3511 1.
1044 3446 1361 3531 Ulpianus
1403 3446 1574 3513 libro
1621 3451 1849 3533 quarto
1897 3447 1978 3512 ad
2024 3445 2202 3512 Sabi-

182 3558 338 3603 num
400 3534 501 3622 (P.
540 3533 789 3622 24552).
851 3572 926 3583 —
986 3586 1003 3601 .
1030 3585 1047 3603 .
1110 3535 1166 3601 si
1228 3536 1580 3621 impuberis
1643 3535 1884 3602 tabulis
1936 3536 2200 3600 libertas

1711 3637 1778 3692 4*
