2575 3900
912 184 960 233 5.
1007 176 1244 233 TITIUS
1281 177 1541 236 ARISTO
2106 178 2238 243 365

204 364 284 403 ex
340 344 577 405 Plautio
634 337 730 425 (D.
775 347 878 422 23,
919 348 976 423 2,
1014 340 1156 426 40),
1217 346 1607 425 Digestorum
1660 341 1763 429 (D.
1802 350 1861 421 4,
1900 350 1959 425 4
2001 350 2101 424 16,
2140 340 2237 429 2),

203 432 534 494 Variarum
580 433 933 495 Lectionum
982 427 1086 515 (D.
1115 436 1216 510 40,
1247 437 1305 514 4,
1337 428 1449 517 26)
1498 436 1617 497 alia
1660 394 1907 497 addidit.

869 607 970 672 De
1011 613 1262 673 senatus
1305 610 1569 675 decretis.

394 716 450 779 1.
495 713 660 779 Plin.
679 736 775 797 ep.
793 712 978 796 VIII,
1000 716 1100 779 14.
1153 751 1228 762 —
1281 712 1352 780 C.
1396 714 1645 780 Plinius
1693 715 1987 780 Aristoni
2034 737 2149 780 suo
2190 738 2241 781 s.

203 801 377 869 Cum
425 804 517 867 sis
562 803 994 888 peritissimus
1042 807 1107 867 et
1150 805 1390 889 privati
1435 804 1595 869 iuris
1642 808 1707 868 et
1750 804 2012 890 publici,
2060 805 2240 870 cuius

201 914 364 976 pars
421 892 820 956 senatorium
879 896 1005 975 est,
1060 892 1248 976 cupio
1308 914 1386 957 ex
1434 896 1500 958 te
1546 892 1957 978 potissimum
2005 893 2243 978 audire,

204 981 564 1046 erraverim
585 982 654 1044 in
673 984 903 1045 senatu
923 981 1215 1065 proxime
1233 1004 1455 1067 necne,
1472 1004 1601 1047 non
1624 986 1697 1047 ut
1713 983 1780 1046 in
1797 982 2241 1067 praeteritum,

203 1090 427 1135 serum
477 1070 678 1152 enim,
725 1091 950 1134 verum
995 1074 1068 1134 ut
1110 1070 1183 1134 in
1226 1070 1536 1154 futurum,
1582 1072 1640 1135 si
1685 1072 1840 1156 quid
1886 1071 2096 1136 simile
2142 1072 2240 1136 in-

203 1157 460 1242 ciderit,
507 1158 762 1223 erudiar
807 1206 858 1223 ..
879 1209 894 1224 .
939 1161 1112 1244 peto,
1154 1160 1435 1243 primum
1480 1163 1555 1224 ut
1598 1161 1821 1245 errori,
1866 1160 1923 1225 si
1959 1162 2101 1245 quis
2140 1164 2243 1225 est

204 1269 411 1331 error,
445 1248 698 1312 tribuas
736 1249 1011 1333 veniam,
1047 1247 1277 1313 deinde
1317 1249 1631 1313 medearis
1668 1249 1941 1314 scientia
1966 1253 2101 1334 tua,
2137 1250 2241 1313 cui

204 1358 471 1421 semper
534 1336 662 1402 fuit
724 1357 912 1401 curae
978 1337 1073 1402 sic
1136 1338 1280 1402 iura
1342 1336 1603 1422 publica
1666 1342 1743 1402 ut
1802 1338 2083 1423 privata,
2149 1338 2243 1404 sic

205 1426 480 1510 antiqua
516 1429 592 1490 ut
626 1424 930 1509 recentia,
968 1426 1061 1491 sic
1088 1447 1238 1491 rara
1265 1428 1343 1490 ut
1370 1426 1632 1491 assidua
1658 1431 1958 1492 tractare.
2034 1426 2242 1512 adque

207 1535 340 1600 ego
389 1514 672 1579 arbitror
707 1514 840 1579 illis
877 1515 1078 1580 etiam
1101 1515 1349 1598 quibus
1386 1515 1813 1599 plurimarum
1849 1537 2063 1580 rerum
2103 1516 2243 1601 agi-

204 1603 380 1668 tatio
443 1602 744 1687 frequens
805 1603 970 1667 nihil
1033 1624 1174 1667 esse
1237 1604 1537 1688 ignotum
1600 1604 1975 1689 patiebatur
2038 1625 2241 1689 genus

205 1692 614 1779 quaestionis
679 1692 851 1777 quod
913 1692 1132 1758 adfero
1189 1693 1269 1756 ad
1326 1698 1391 1758 te
1421 1770 1422 1777 ,
1447 1696 1560 1758 aut
1611 1713 1744 1758 non
1800 1694 1959 1759 satis
2012 1694 2239 1758 tritum

205 1786 331 1847 aut
377 1780 575 1845 etiam
620 1780 1030 1865 inexpertum
1073 1781 1275 1846 fuisse
1322 1832 1337 1847 .
1366 1828 1383 1847 .
1411 1829 1428 1848 .

392 1868 819 1935 Referebatur
882 1870 960 1935 de
1024 1870 1278 1935 libertis
1336 1870 1567 1935 Afrani
1619 1868 1849 1935 Dextri
1906 1871 2188 1936 consulis
2202 1868 2243 1958 ²,

205 1961 536 2026 incertum
593 1981 710 2025 sua
764 1982 850 2025 an
905 1981 1166 2025 suorum
1221 1982 1445 2045 manu,
1502 1961 1737 2026 scelere
1792 1981 1877 2025 an
1932 1961 2240 2044 obsequio

207 2050 552 2134 perempti.
613 2049 736 2114 hos
777 2049 964 2134 alius,
1001 2049 1189 2133 quis‘?
1225 2050 1473 2135 inquis:
1515 2070 1663 2134 eg03
1693 2049 1802 2114 sed
1831 2049 1997 2114 nihil
2025 2051 2243 2133 refert,

207 2141 370 2223 post
406 2138 848 2221 quaestionem
889 2139 1206 2222 supplicio
1239 2138 1630 2220 liberandos,
1668 2138 1834 2204 alius
1862 2139 1932 2202 in
1960 2139 2240 2203 insulam

208 2227 620 2312 relegandoS,
645 2226 812 2291 alius
841 2233 1048 2292 morte
1077 2227 1435 2312 puniendos
1466 2228 1922 2293 arbitrabatur.
1970 2249 2241 2312 quarum

210 2316 684 2380 sententiarum
729 2320 918 2380 tanta
963 2315 1305 2380 diversitas
1349 2320 1488 2381 erat
1522 2321 1596 2380 ut
1630 2337 1761 2381 non
1796 2320 2064 2400 possent
2101 2337 2241 2381 esse

213 2404 347 2469 nisi
401 2404 693 2489 singulae
739 2454 754 2470 .
785 2454 798 2468 .
827 2453 843 2469 .
892 2425 1013 2490 ego
1069 2405 1483 2488 postulabam
1529 2409 1605 2469 ut
1648 2405 1855 2469 tribus
1904 2406 2242 2470 sententiis

213 2495 547 2558 constaret
593 2514 746 2558 suus
791 2513 1116 2577 numerus,
1161 2513 1281 2558 nec
1328 2515 1395 2557 se
1434 2492 1735 2558 brevibus
1771 2493 2041 2558 indutiis
2079 2494 2241 2559 duae

213 2582 578 2665 iungerent.
678 2582 1018 2667 exigebam
1083 2602 1236 2667 ergo
1302 2587 1379 2645 ut
1441 2582 1551 2665 qui
1607 2581 1870 2665 capitali
1926 2583 2242 2666 supplicio

216 2669 608 2735 adficiendos
634 2672 958 2756 putabant
985 2669 1389 2735 discederent
1410 2692 1449 2734 a
1465 2671 1814 2754 relegante,
1842 2691 1963 2734 nec
1977 2670 2241 2736 interim

215 2761 446 2823 contra
483 2759 878 2825 absolventis
917 2781 1068 2825 mox
1106 2759 1462 2824 dissensuri
1488 2762 2054 2844 congregarentur,
2090 2760 2242 2842 quia

214 2848 554 2932 parvolum
594 2848 862 2913 referret
899 2871 982 2913 an
1019 2848 1189 2913 idem
1227 2847 1619 2933 displiceret,
1647 2849 1881 2931 quibus
1906 2868 2037 2912 non
2068 2849 2239 2913 idem

216 2936 588 3021 placuisset.
670 2937 828 3002 illud
876 2937 1073 3002 etiam
1121 2937 1279 3001 mihi
1324 2938 1677 3022 permirum
1720 2935 2058 3002 videbatur
2092 2958 2240 3002 eum

219 3025 508 3110 quidem,
563 3026 674 3109 qui
720 3025 986 3090 libertos
1031 3025 1446 3111 relegandos,
1500 3047 1719 3092 servos
1767 3025 2084 3110 supplicio
2133 3026 2241 3090 ad-

216 3113 528 3180 ficiendos
574 3113 946 3198 censuisset,
989 3118 1284 3180 coactum
1331 3135 1469 3180 esse
1510 3114 1793 3180 dividere
1831 3115 2240 3196 sententiam,

216 3202 390 3268 hunc
433 3208 649 3268 autem
687 3202 798 3286 qui
833 3203 1102 3268 libertos
1140 3207 1350 3268 morte
1386 3203 1695 3269 multaret
1732 3225 1875 3268 cum
1912 3204 2241 3288 relegante

218 3293 563 3357 numerari.
635 3313 789 3356 nam
837 3292 892 3356 si
935 3293 1333 3376 oportuisset
1370 3291 1569 3357 dividi
1604 3293 1994 3358 sententiam
2030 3293 2243 3377 unius,

219 3381 372 3464 quia
415 3402 518 3445 res
565 3379 725 3445 duas
772 3380 1371 3465 comprehendebat,
1415 3402 1548 3446 non
1588 3381 1989 3466 reperiebam
2027 3402 2241 3465 quem-

362 3559 410 3608 1.
449 3554 547 3623 qui
583 3571 630 3609 a.
665 3559 767 3609 105
804 3553 1028 3609 videtur
1063 3553 1214 3610 diem
1250 3571 1571 3624 supremum
1612 3553 1836 3612 obiisse.
