2575 3900
293 171 423 236 140
470 172 565 228 ΙΙΙ.
589 172 739 228 GAII
760 171 1051 229 CLAUDII
1069 172 1341 229 NERON.
1360 171 1648 228 GALBAE
1667 171 1882 229 ΤΕΜΡ.
1900 173 2095 228 IURIS
2115 172 2258 228 coN
2263 173 2319 230 S.

982 359 1075 419 De
1118 361 1630 420 substitutionibus.

467 467 554 534 5⁴?
627 467 768 536 Gai.
814 470 877 551 2,
924 471 1067 536 178.
1138 507 1212 518 —-
1283 519 1298 534 .
1337 520 1352 535 .
1419 466 1666 535 Sabino
1733 469 1989 554 quidem
2055 471 2318 555 placuit,

290 557 595 642 quamdiu
652 580 910 623 cernere
966 563 1033 624 et
1083 579 1158 623 eo
1205 559 1400 623 modo
1447 558 1635 622 heres
1682 559 1819 623 fieri
1866 559 2078 643 possit
2121 559 2318 643 prior,

288 646 544 712 etiamsi
599 669 717 732 pro
772 647 1005 712 herede
1063 647 1368 733 gesserit,
1422 669 1555 712 non
1599 651 1819 711 tamen
1865 647 2122 712 admitti
2170 650 2322 713 sub-

290 736 622 821 stitutum3
680 758 825 801 cum
879 757 1029 800 vero
1088 736 1286 801 cretio
1338 736 1525 800 finita
1571 737 1684 821 sit,
1737 740 1873 800 tum
1922 758 2039 820 pro
2086 737 2318 802 herede

289 828 552 910 gerente
600 825 856 889 admitti
904 825 1345 890 substitutum.
1431 826 1572 890 aliis
1627 846 1780 890 vero
1826 825 2074 909 placuit
2121 826 2318 890 etiam

291 918 635 998 superante
689 915 977 979 cretione
1030 936 1223 997 posse
1280 936 1427 978 eum
1477 936 1593 998 pro
1640 913 1874 978 herede
1923 914 2202 997 gerendo
2249 915 2319 979 in

287 1006 538 1087 partem
580 1003 1003 1068 substitutum
1044 1002 1388 1068 admittere
1426 1008 1490 1067 et
1528 1003 1807 1086 amplius
1847 1001 1929 1067 ad
1966 1003 2316 1068 cretionem

286 1092 521 1156 reverti
565 1112 698 1156 non
742 1113 949 1175 posse.

467 1182 526 1246 6.
592 1179 730 1246 Gai.
762 1181 822 1264 2,
855 1179 979 1244 179
1004 1201 1096 1264 sq.
1153 1215 1231 1227 —
1292 1179 1543 1244 Liberis
1597 1179 1839 1244 nostris
1895 1180 2318 1263 inpuberibus

290 1291 451 1354 quos
505 1269 574 1334 in
628 1272 957 1353 potestate
1011 1269 1326 1334 habemus
1382 1316 1399 1332 .
1426 1316 1442 1333 .
1471 1319 1486 1333 .
1538 1268 1928 1332 substituere
1975 1290 2318 1352 possumus

286 1405 300 1422 .
332 1407 346 1421 .
374 1406 421 1442 .,
477 1361 551 1422 ut
606 1357 865 1422 etiamsi
917 1358 1187 1423 heredes
1243 1356 1433 1422 nobis
1480 1357 1812 1421 extiterint
1857 1361 1923 1420 et
1970 1357 2178 1423 adhuc
2223 1358 2315 1422 in-

287 1446 560 1531 puberes
609 1447 848 1511 mortui
893 1447 1153 1531 fuerint,
1199 1447 1286 1510 sit
1331 1446 1412 1510 iis
1461 1446 1698 1530 aliquis
1746 1446 1932 1510 heres
1978 1494 1994 1511 .
2025 1498 2038 1513 .
2069 1498 2083 1511 .
2123 1468 2317 1531 quam

286 1537 369 1601 ob
408 1556 544 1600 rem
584 1535 709 1600 duo
749 1534 1223 1621 quodammodo
1254 1539 1408 1600 sunt
1432 1537 1846 1616 testamenta,
1887 1535 2061 1598 aliud
2089 1535 2318 1620 patris,

288 1624 459 1689 aliud
524 1624 669 1708 filii,
734 1628 1063 1708 tamquam
1129 1624 1187 1688 si
1252 1625 1390 1708 ipse
1455 1625 1624 1688 filius
1685 1623 1814 1688 sibi
1866 1623 2167 1688 heredem
2222 1625 2320 1687 in-

286 1712 605 1778 stituisset
651 1764 665 1778 .
701 1762 716 1778 .

462 1825 703 1884 Proculi
744 1825 1104 1885 sententiam
1140 1825 1363 1884 Gaium
1397 1825 1621 1883 referre
1660 1822 1888 1882 indicat
1922 1823 1998 1884 D.
2015 1826 2118 1897 42,
2137 1825 2195 1898 5,
2214 1826 2320 1903 28,

285 1933 403 1992 quo
459 1914 591 1975 loco
636 1914 689 1974 is
737 1914 842 1992 qui
886 1913 1239 1975 Iavolenum
1284 1913 1570 1989 consulit,
1627 1913 1742 1973 ait:
1800 1906 2315 1990 ‘praeceptoribus

284 2004 406 2063 tuis
460 2005 682 2081 placet,
738 2024 925 2063 unum
981 2021 1111 2063 esse
1158 1997 1630 2063 testamentum'.
1723 2002 1795 2063 cf.
1836 2001 1947 2061 Gai
1993 2003 2180 2063 verba
2225 2020 2317 2062 se-

285 2092 533 2168 quentia
580 2086 712 2152 ‘aut
757 2095 916 2151 certe
963 2111 1154 2151 unum
1191 2095 1285 2151 est
1319 2094 1755 2151 testamentum
1792 2092 2047 2151 duarum
2084 2092 2319 2151 heredi-

484 2174 507 2204 2

285 2187 483 2241 tatum
510 2229 523 2241 .
622 2269 716 2329 De
760 2270 1121 2343 adquirenda
1166 2270 1255 2328 vel
1301 2270 1609 2329 omittenda
1654 2268 1977 2329 hereditate.

464 2381 550 2445 7⁸.
598 2378 735 2445 Gai.
753 2380 815 2464 2,
833 2379 935 2445 36.
959 2379 1063 2444 37.
1101 2415 1184 2426 —
1229 2378 1648 2443 Testamento
1696 2429 1744 2445 ..
1794 2379 2073 2461 scriptus
2121 2380 2310 2443 heres

286 2473 435 2533 ante
482 2468 729 2534 aditam
778 2468 1035 2553 quidem
1080 2468 1506 2533 hereditatem
1547 2468 1621 2533 in
1662 2468 1800 2532 iure
1840 2467 2122 2534 cedendo
2169 2489 2316 2533 eam

288 2557 401 2621 alii
429 2558 595 2622 nihil
616 2558 782 2641 agit3
804 2560 1034 2642 postea
1051 2579 1205 2622 vero
1236 2580 1431 2642 quam
1454 2556 1686 2621 adierit
1718 2557 1774 2621 si
1804 2555 2008 2639 cedat,
2041 2578 2118 2621 ea
2152 2558 2318 2622 acci-

286 2646 466 2732 dunt,
491 2668 656 2732 quae
684 2648 976 2730 proxime
1005 2647 1285 2713 diximus
1317 2647 1394 2711 de
1424 2667 1499 2710 eo
1531 2645 1609 2708 ad
1649 2666 1840 2728 quem
1879 2645 1961 2709 ab
2000 2646 2316 2710 intestato

283 2735 574 2819 legitimo
627 2736 764 2801 iure
809 2738 1091 2820 pertinet
1134 2736 1487 2815 hereditas,
1546 2734 1602 2797 si
1647 2736 1799 2817 post
1847 2734 2316 2817 obligationem

284 2825 439 2908 <in>
484 2826 621 2889 iure
669 2826 856 2890 cedat
894 2823 1010 2911 (sc.
1050 2824 1278 2889 ‘nihilo
1317 2825 1534 2888 minus
1571 2823 1709 2906 ipse
1751 2822 1941 2886 heres
1980 2826 2318 2904 permanet

285 2916 350 2975 et
405 2914 487 2977 ob
545 2913 611 2976 id
665 2913 1092 2977 creditoribus
1148 2914 1499 2993 tenebitur,
1556 2911 1776 2976 debita
1832 2932 1986 2975 vero
2040 2915 2318 2995 pereunt

287 3020 489 3084 eoque
537 3001 730 3065 modo
779 3001 1100 3064 debitores
1147 3000 1520 3064 hereditarii
1565 3002 1813 3065 lucrum
1853 2999 2130 3083 faciunt3
2176 3020 2316 3065 cor-

284 3110 447 3174 pora
501 3110 655 3154 vero
712 3088 850 3154 eius
904 3088 1282 3154 hereditatis
1337 3089 1604 3172 proinde
1649 3093 1989 3154 transeunt
2036 3088 2117 3153 ad
2166 3110 2314 3154 eum

284 3177 387 3242 cui
432 3198 615 3241 cessa
660 3181 760 3241 est
804 3177 1146 3263 hereditaS,
1192 3200 1265 3243 ac
1313 3183 1370 3242 si
1416 3179 1474 3242 ei
1521 3179 1782 3264 singula
1824 3177 1896 3242 in
1939 3179 2078 3242 iure
2127 3200 2314 3243 cessa

282 3263 635 3352 fuissent').
723 3266 893 3331 idem
948 3270 1013 3330 et
1068 3266 1146 3331 de
1198 3267 1576 3333 necessariis
1628 3267 1969 3332 heredibus
2019 3267 2314 3332 diversae

286 3355 545 3420 scholae
594 3359 886 3421 auctores
934 3356 1336 3440 existimant,
1383 3355 1554 3441 quod
1602 3355 1765 3420 nihil
1814 3355 2071 3420 videtur
2114 3356 2316 3421 inter-

286 3466 445 3527 esse,
490 3448 707 3510 utrum
754 3444 1077 3530 (aliquis)
1127 3445 1417 3510 adeundo
1465 3444 1899 3509 hereditatem
1945 3444 2062 3509 fiat
2106 3444 2318 3529 hereS,

287 3556 370 3598 an
415 3534 655 3600 invitus
703 3536 959 3601 existat.
