2575 3900
397 175 491 230 IV.
531 175 725 242 QUAE
763 163 1096 256 RECEPTA
1133 175 1339 245 SUNT,
1377 173 1861 231 PLACUERUNT
1899 176 2051 231 ETO.
2106 178 2239 241 585

523 331 602 405 'So‘
643 341 990 422 quadrupes
1025 340 1389 422 pauperiem
1428 339 1640 421 fecisse
1684 341 1930 405 dicetur.

323 510 330 518 .
399 454 528 519 60?
601 454 680 518 D.
727 456 787 538 9,
839 457 893 533 1,
941 456 998 520 3.
1085 455 1283 520 Gaius
1340 453 1508 520 libro
1566 459 1793 520 octavo
1851 455 2094 520 decimo
2154 455 2235 520 ad

223 542 523 608 edictum.
589 579 663 590 ——
731 543 837 607 Ex
887 543 1010 608 hac
1065 545 1209 629 lege
1264 543 1395 608 iam
1463 565 1596 608 non
1653 544 1985 609 dubitatur
2042 544 2235 610 etiam

220 631 573 697 liberarum
619 654 1038 717 personarum
1085 633 1348 697 nomine
1398 633 1505 716 agi
1550 654 1759 717 posse.

851 791 952 857 De
995 773 1598 884 compensationibus.

393 907 496 972 61.
544 905 684 971 Gai.
730 908 790 990 4,
839 908 942 972 63.
986 943 1076 953 —
1133 905 1454 981 Liberum·
1488 911 1587 972 est
1631 956 1645 970 .
1684 955 1700 971 .
1747 905 1943 972 iudici
1986 907 2237 971 nullam

215 995 480 1060 omnino
518 995 791 1059 invicem
832 997 1375 1080 compensationis
1413 997 1730 1060 rationem
1760 995 1996 1061 habere
2027 995 2141 1084 (sc.
2170 997 2237 1060 in

214 1083 424 1148 bonae
461 1081 612 1147 fidei
651 1081 964 1171 iudiciis);
1009 1106 1128 1150 nec
1173 1087 1343 1150 enim
1394 1089 1617 1170 aperte
1662 1083 1982 1150 formulae
2019 1084 2235 1149 verbis

213 1172 626 1258 praecipitur,
673 1173 783 1237 sed
829 1175 980 1255 quia
1025 1174 1090 1238 id
1139 1175 1347 1238 bonae
1383 1174 1532 1238 fidei
1578 1174 1813 1238 iudicio
1852 1173 2238 1239 conveniens

124 1257 128 1260 ’
212 1259 491 1346 videtur,
534 1260 678 1326 ideo
729 1261 940 1327 officio
988 1262 1214 1327 iudicis
1253 1261 1570 1327 contineri
1617 1263 1918 1328 creditur.

715 1491 722 1502 ¹
829 1470 835 1476 .
978 1487 985 1493 ,
1028 1412 1128 1477 De
1163 1413 1420 1498 peculio.
2212 1477 2221 1488 ,

394 1518 497 1582 62.
556 1516 695 1582 Gai.
758 1520 819 1601 4,
869 1520 969 1598 74.
1032 1554 1106 1565 -
1177 1568 1243 1583 ..
1292 1518 1557 1583 dubium
1613 1541 1743 1584 non
1791 1525 1917 1604 est,
1972 1521 2128 1606 quin
2173 1524 2239 1585 et

142 1617 145 1620 '
218 1607 274 1670 is
341 1607 451 1689 qui
505 1606 689 1671 iussu
751 1608 955 1690 patris
1013 1607 1335 1672 dominive
1392 1609 1715 1672 contraxit
1776 1609 2003 1693 cuique
2062 1631 2238 1673 exer-

219 1695 450 1758 citoria
495 1695 599 1758 vel
645 1695 971 1760 institoria
1015 1696 1297 1760 formula
1344 1697 1655 1780 conpetit,
1706 1695 1781 1760 de
1826 1698 2077 1781 peculio
2126 1701 2236 1762 aut
2358 1772 2370 1783 .

220 1782 301 1847 de
347 1783 417 1847 in
462 1805 598 1847 rem
645 1806 829 1849 verso
879 1806 1070 1870 agere
1116 1785 1343 1868 possit.

1075 1916 1375 2029 Depositi.
1424 1956 1431 1963 ·

376 2060 492 2124 63.
544 2058 622 2126 D.
669 2061 774 2143 44,
823 2062 884 2146 7,
943 2062 993 2143 1,
1042 2061 1100 2126 5.
1193 2059 1393 2125 Gaius
1444 2060 1614 2126 libro
1664 2061 1943 2126 secundo
1990 2060 2234 2125 Aureo-

211 2169 374 2211 rum.
421 2184 505 2194 ——-
555 2198 568 2212 .
599 2196 616 2215 .
646 2197 662 2214 .
698 2150 1148 2235 neglegentiae
1197 2202 1252 2217 ..
1302 2150 1562 2214 nomine
1610 2149 1753 2215 ideo
1801 2171 1934 2214 non
1978 2153 2237 2214 tenetur

213 2233 328 2319 (sc.
378 2236 488 2320 qui
547 2258 682 2300 rem
745 2237 1232 2302 custodiendam
1289 2234 1595 2324 accepit),
1649 2239 1800 2322 quia
1857 2239 1966 2322 qui
2021 2238 2232 2322 negle-
2290 2307 2295 2311 ,

213 2324 394 2408 genti
441 2324 657 2389 animo
696 2347 833 2389 rem
879 2326 1363 2390 custodiendam
1402 2325 1772 2413 committit,
1816 2327 1892 2391 de
1942 2348 2009 2391 se
2056 2327 2238 2411 queri

153 2440 165 2451 ·
213 2412 419 2476 debet.
495 2433 797 2499 magnam
857 2418 1074 2478 tamen
1135 2414 1615 2499 neglegentiam
1678 2416 1922 2497 placuit
1973 2415 2039 2479 in
2102 2415 2237 2481 doli

213 2501 449 2564 crimen
496 2501 740 2565 cadere.
2242 2526 2247 2531 ·

1059 2592 1375 2656 Maudati.

393 2704 495 2770 64.
570 2702 710 2771 Gai.
758 2706 818 2789 3,
869 2705 1013 2770 157.
1063 2739 1147 2752 -—-
1193 2705 1363 2770 Illud
1420 2710 1695 2791 constat,
1742 2706 1799 2771 si
1844 2706 1985 2789 quis
2034 2706 2111 2769 de
2159 2728 2235 2771 ea

211 2814 282 2855 re
328 2793 588 2857 mandet
632 2816 794 2877 quae
843 2788 1069 2859 c'ontra
1106 2794 1309 2859 bonos
1350 2817 1561 2860 mores
1610 2798 1727 2880 est,
1769 2816 1901 2859 non
1940 2794 2235 2859 contrahi

213 2880 694 2967 ob1igationem.

919 2970 1019 3037 De
1063 2973 1522 3061 exceptionibus,

390 3086 490 3151 65.
568 3082 706 3152 Gai.
751 3088 814 3171 4,
874 3088 1016 3155 116.
1081 3125 1166 3135 -—
1242 3085 1447 3173 Saepe
1503 3140 1515 3153 .
1557 3140 1569 3152 .
1628 3088 1885 3175 accidit,
1949 3092 2023 3154 ut
2090 3092 2234 3174 quis

211 3174 349 3239 iure
424 3175 600 3239 civili
679 3179 994 3258 teneatur,
1067 3177 1175 3241 sed
1249 3177 1540 3261 iniquum
1614 3179 1715 3243 sit.
1776 3200 1922 3242 eum
1994 3179 2233 3244 iudicio

213 3263 641 3329 condemnari.
708 3266 907 3329 veluti
952 3264 1097 3351 <si>
1143 3266 1493 3349 stipulatus
1541 3266 1662 3330 sim
1710 3289 1749 3331 a
1792 3270 1858 3331 te
1894 3267 2233 3351 pecuniam

212 3353 573 3442 tamquam·
617 3354 914 3419 credendi
987 3376 1182 3419 causa
1243 3359 1693 3419 numeraturus
1759 3377 1875 3422 nec
1940 3377 2234 3420 numera-

213 3442 449 3525 verim3
509 3464 660 3507 nam
719 3465 860 3508 eam
915 3444 1254 3527 pecuniam
1314 3465 1351 3507 a
1405 3446 1471 3507 te
1537 3444 1675 3527 peti
1737 3466 1930 3530 posse
1985 3447 2231 3509 certum

213 3531 340 3593 est:
390 3529 538 3594 dare
601 3532 770 3596 enim
815 3536 881 3596 te
929 3534 1210 3617 oportet,
1267 3554 1413 3597 cum
1471 3554 1547 3597 ex
1604 3534 1919 3618 stipulatu
1975 3531 2229 3598 teneris.
