2575 3900
313 185 446 251 234
484 185 580 244 IV.
601 184 1044 241 VESPASIANI
1072 184 1222 239 ΤΙΤΙ
1248 184 1642 241 DOMITIANI
1668 183 2104 241 TEMP.1UR.IS
2133 184 2340 241 CONS.

485 350 593 414 44.
640 347 719 414 D.
747 350 811 431 5,
841 318 903 427 1,
930 350 1035 431 24,
1064 348 1124 413 2.
1194 347 1373 412 Idem
1413 346 1528 428 (sc.
1555 344 1826 435 Paulus)
1853 349 2024 414 libro
2055 349 2334 433 septimo

308 437 557 503 decimo
605 438 685 502 ad
725 438 1052 504 Plautium
1100 434 1197 523 (P.
1231 434 1482 525 1231“.)
1530 474 1613 484 -
1705 438 1806 501 .si
1850 439 2220 521 postulatur
2265 438 2336 501 in

307 549 447 592 rem
530 527 703 593 actio
776 527 1084 592 adversus
1156 528 1474 611 legatum,
1559 526 1873 610 numquid
1943 526 2160 597 danda
2231 528 2339 608 sit,

308 614 615 701 quoniam
687 637 765 680 ex
837 616 1160 700 praesenti
1232 614 1642 699 possessione
1713 614 1874 680 haec
1947 616 2118 681 actio
2189 577 2339 679 est‘P'

306 703 569 771 Cassius
633 704 970 791 respondit
1034 704 1127 769 sic
1182 704 1594 783 servandum,
1657 707 1758 788 ut,
1824 703 1882 769 si
1937 704 2334 771 subducatur

305 790 736 859 ministerium
793 794 878 873 ei,
932 814 1064 858 non
1111 790 1200 856 sit
1244 754 1648 859 concedenda
1693 791 1887 876 actio;
1951 792 2008 857 si
2051 814 2206 859 vero
2255 815 2336 858 ex

304 882 527 951 multis
574 883 776 947 servis
825 882 904 946 de
949 903 1077 948 uno
1126 886 1388 966 agatur,
1433 903 1566 947 non
1613 880 1703 947 sit
1746 842 2120 948 inhibenda.

1052 1057 1154 1124 De
1197 1061 1585 1142 usucapione.

478 1166 585 1232 45.
632 1165 713 1231 D.
739 1166 847 1247 41,
873 1164 937 1246 4,
963 1166 1023 1230 4.
1087 1164 1430 1231 Iavolenus
1457 1165 1624 1232 libro
1656 1165 1935 1231 seeundo
1964 1187 2043 1230 ex
2070 1163 2330 1231 Plautio

306 1252 403 1343 (Ρ.
446 1255 619 1342 153).
674 1290 751 1301 -
801 1254 1081 1339 Emptor
1136 1254 1318 1319 fundi
1372 1258 1630 1339 partem
1676 1254 1813 1319 eius
1863 1254 2142 1319 alienam
2189 1276 2330 1319 esse

299 1366 435 1409 non
470 1345 903 1430 ignoraverat.
964 1364 1232 1429 respons
1202 1366 1345 1407 sum
1386 1347 1486 1408 est
1521 1343 1684 1409 nihil
1723 1365 1868 1409 eum
1906 1365 1984 1408 ex
2021 1364 2098 1408 eo
2127 1342 2329 1408 fundo

300 1454 421 1500 usu
466 1436 824 1516 capturum.

478 1521 583 1587 46.
631 1519 709 1586 D.
735 1522 843 1603 41,
870 1522 931 1602 3,
963 1521 1063 1603 13,
1097 1523 1151 1585 1.
1223 1519 1406 1586 Idem
1444 1518 1561 1607 (sc.
1588 1517 1864 1623 Paoulus)
1902 1521 2068 1585 libro
2098 1522 2330 1606 quinto

302 1609 384 1674 ad
437 1609 769 1674 Plautium
826 1607 925 1696 (Ρ.
968 1606 1188 1695 111.2)
1237 1646 1314 1657 —-
1366 1610 1532 1674 Eum
1588 1609 1697 1694 qui
1756 1632 1794 1673 a
1849 1609 2096 1675 furioso
2153 1609 2331 1675 bona

301 1699 426 1763 fide
473 1699 662 1781 emit,
706 1720 1060 1783 usuc-apere
1107 1718 1298 1783 posse
1343 1720 1724 1784 responsum
1770 1702 1885 1763 est.

611 1874 711 1940 De
752 1877 1143 1941 servitutibus
1173 1876 1582 1959 praediorum
1624 1850 2032 1942 rusticorum.⁸

476 1984 584 2048 47.
636 1983 713 2048 D.
746 1984 805 2066 8,
833 1983 894 2067 3,
921 1982 981 2060 5,
1012 1984 1069 2047 1.
1158 1980 1477 2068 Ulpianus
1527 1981 1695 2048 libro
1743 1983 2022 2067 septimo
2071 1983 2322 2049 decimo

299 2072 381 2137 ad
446 2073 723 2138 edictum
781 2069 880 2158 (P.
918 2069 1121 2157 596⁰).
1181 2106 1254 2118 -
1317 2070 1622 2136 Neratius
1685 2073 1871 2137 libris
1928 2094 2006 2136 ex
2059 2071 2322 2138 Plautio

300 2162 419 2228 ait:
484 2182 601 2226 nec
664 2161 971 2225 haustum
1034 2180 1151 2223 nec
1218 2161 1561 2244 appulsum
1623 2162 1872 2244 pecoris
1924 2183 2044 2226 nec
2101 2165 2319 2226 cretae

301 2250 669 2315 eximendae
734 2249 1055 2333 calcisque
1120 2249 1491 2332 coquendae
1553 2248 1655 2313 ius
1719 2270 1911 2332 posse
1975 2251 2043 2313 in
2104 2249 2318 2316 alieno

299 2360 467 2422 esse,
513 2339 644 2403 nisi
689 2337 960 2402 fundum
1004 2337 1289 2402 vicinum
1336 2338 1647 2419 habenti1‚
1695 2341 1761 2402 et
1806 2339 1930 2403 hoc
1974 2336 2324 2403 Proculum

299 2431 365 2492 et
391 2425 773 2492 Atilicinum
812 2426 1213 2491 existimasse
1253 2426 1348 2491 ait
1377 2425 1773 2511 <Plautius>.
1830 2425 1939 2491 sed
1977 2427 2114 2512 ipse
2145 2427 2323 2512 dicit,

297 2519 372 2580 ut
406 2516 682 2581 maxime
720 2514 912 2579 caleis
952 2514 1321 2598 coquendae
1360 2522 1425 2578 et
1461 2519 1672 2580 cretae
1711 2516 2082 2581 eximendae
2123 2518 2325 2580 servi-

297 2608 403 2669 tus
450 2605 759 2670 constitui
804 2605 1041 2687 possit,
1095 2624 1225 2667 non
1269 2604 1444 2667 ultra
1487 2626 1710 2689 posse,
1755 2627 1946 2688 quam
1995 2609 2322 2689 quatenus

300 2694 377 2759 ad
425 2717 571 2758 eum
618 2693 833 2778 ipsum
880 2692 1149 2756 fundum
1198 2713 1360 2777 opus
1409 2692 1510 2756 sit.

1149 2847 1219 2914 D
1462 2899 1478 2915 .

476 2958 583 3023 48.
641 2956 719 3021 D.
757 2957 861 3034 39,
902 2958 961 3038 3,
1005 2958 1107 3039 17,
1148 2871 1250 3022 Le
1294 2872 1534 3021 Ρῗιιιῗιιε
1589 2957 1754 3022 libro
1803 2958 2026 3042 quinto
2074 2958 2325 3025 decimo

301 3044 382 3109 ad
436 3043 767 3109 Plautium
822 3042 920 3128 (P.
962 3042 1183 3128 1215).
1244 3081 1321 3092 -
1382 3094 1396 3109 .
1427 3095 1441 3109 .
1477 3044 1725 3129 placuit
1786 3068 1917 3112 non
1985 3046 2150 3112 alias
2206 3071 2326 3132 per

298 3132 578 3216 lapidem
626 3155 857 3216 aquam
905 3132 1050 3196 duci
1094 3155 1307 3218 posse,
1361 3135 1486 3199 nisi
1528 3134 1650 3199 hoc
1687 3135 1757 3198 in
1805 3134 2116 3200 servitute
2169 3158 2323 3202 con-

301 3220 625 3285 stituenda
670 3221 1203 3304 comprehensum
1251 3223 1354 3286 sit.

476 3309 583 3374 49.
656 3308 733 3373 D.
774 3309 834 3392 8,
872 3309 931 3390 6,
974 3311 1027 3372 7.
1131 3309 1372 3375 Paulus
1437 3312 1602 3377 libro
1665 3313 1862 3377 tertio
1929 3311 2177 3378 decimo
2243 3314 2325 3377 ad

298 3393 625 3461 Plautium
685 3395 785 3484 (P.
829 3395 1073 3483 11912).
1136 3435 1211 3444 -
1265 3449 1324 3463 ..
1365 3400 1422 3463 si
1475 3399 1738 3465 alternis
1797 3401 1976 3467 horis
2032 3402 2135 3467 vel
2194 3424 2326 3468 una

442 3560 470 3609 1
510 3553 601 3608 Fz.
639 3553 865 3610 habeat.
