2575 3900
283 183 410 244 558
1015 182 1565 238 ADDITAMENTA.

463 345 606 409 145.
699 343 774 408 D.
829 344 889 421 2,
947 345 1048 427 14,
1105 345 1206 428 17,
1262 345 1321 410 6.
1418 343 1661 410 Paulus
1726 345 1892 410 libro
1954 347 2147 412 tertio
2212 347 2309 411 ad

285 433 579 498 edictum.
633 469 708 479 —
759 431 920 498 Cum
966 455 1303 516 possessor
1349 433 1595 498 alienae
1640 433 2019 500 hereditatis
2063 440 2313 519 pactus

283 525 402 595 est,
461 521 700 603 heredi,
757 522 812 585 si
868 522 1148 604 evicerit,
1201 543 1409 606 neque
1462 544 1694 587 nocere
1738 544 1943 608 neque
1986 523 2311 608 prodesse

282 610 574 693 plerique
618 613 869 693 putant.

938 733 1038 799 De
1071 737 1142 799 in
1185 735 1286 800 ius
1330 737 1613 801 vocanda.

461 849 604 913 146.
695 847 771 915 D.
818 850 878 927 2,
931 848 993 930 4,
1047 851 1108 928 4,
1156 851 1214 914 2.
1305 847 1621 933 Ulpianus
1685 851 1850 916 libro
1917 851 2143 934 quinto
2210 851 2297 914 ad

281 938 577 1002 edictum.
621 971 702 984 —-
758 935 1055 1023 (Praetor
1118 941 1235 1003 ait:
1300 945 1632 1022 parentem
1688 988 1705 1004 .
1740 989 1754 1003 .
1793 988 1807 1003 .
1864 939 1930 1002 in
1994 939 2093 1003 ius
2150 939 2301 1003 sine

278 1027 592 1110 permissu
640 1047 781 1090 meo
827 1047 907 1089 ne
954 1027 1096 1110 quis
1143 1024 1376 1113 vocet.)
1439 1032 1769 1111 parentem
1814 1027 1920 1091 hic
1957 1029 2300 1112 utriusque

280 1136 470 1179 sexus
527 1115 770 1198 accipe,
825 1115 935 1179 sed
992 1136 1074 1179 an
1119 1115 1187 1179 in
1233 1115 1554 1180 infinitum
1603 1118 1947 1199 quaeritur.
2030 1116 2293 1201 quidam

278 1207 605 1287 parentem
646 1225 848 1288 usque
888 1203 968 1267 ad
1000 1204 1307 1268 tritavum
1338 1205 1649 1288 appellari
1688 1206 1889 1288 aiunt,
1927 1205 2295 1287 superiores

282 1292 558 1355 maiores
605 1291 744 1356 dici.

455 1385 526 1444 cf.
571 1406 631 1462 p.
679 1387 780 1446 72.

459 1478 602 1542 147.
693 1477 770 1542 D.
817 1478 859 1542 2
922 1478 982 1559 4,
1035 1477 1132 1543 18.
1223 1477 1423 1543 Gaius
1478 1479 1645 1544 libro
1703 1479 1911 1563 primo
1959 1477 2037 1543 ad
2078 1478 2289 1562 legem

279 1565 609 1630 duodecim
665 1528 1050 1631 tabuffirum.
1113 1603 1188 1612 —
1245 1565 1548 1653 Plerique
1602 1571 1993 1651 putaverunt
2038 1567 2288 1631 nullum

278 1655 354 1718 de
394 1654 582 1718 domo
631 1675 747 1718 sua
793 1653 861 1718 in
897 1655 996 1718 ius
1054 1657 1266 1720 vocari
1314 1656 1521 1738 licere,
1568 1657 1720 1739 quia
1765 1656 1989 1720 domus
2037 1656 2288 1720 tutissi-

276 1764 452 1806 mum
490 1744 716 1827 cuique
753 1743 1071 1828 refugium
1118 1749 1310 1829 atque
1356 1746 1829 1827 receptaculum
1866 1744 1969 1829 sit,
2014 1766 2290 1829 eumque

281 1831 391 1915 qui
437 1831 582 1895 inde
629 1832 697 1895 in
743 1832 842 1896 ius
890 1838 1174 1911 vocaret,
1222 1832 1355 1897 vim
1400 1834 1625 1897 inferri
1670 1833 1890 1898 videri.

1017 1983 1116 2048 De
1159 1986 1545 2049 vadimoniis.

455 2100 598 2163 148.
688 2097 766 2162 D.
813 2099 874 2181 2,
925 2099 1026 2181 10,
1073 2101 1129 2179 1,
1175 2099 1234 2163 2.
1325 2098 1641 2183 Ulpianus
1670 2099 1840 2163 libro
1880 2100 2154 2184 septimo
2204 2101 2284 2163 ad

277 2187 572 2252 edictum.
637 2223 720 2233 —
787 2185 1026 2251 Dolum
1075 2238 1088 2251 .
1119 2237 1132 2250 .
1189 2187 1429 2251 malum
1496 2188 1588 2251 sic
1653 2188 2036 2271 accepimus,
2100 2193 2174 2252 ut
2228 2188 2286 2252 si

276 2276 419 2360 quis
504 2275 786 2339 venienti
867 2277 937 2339 in
1000 2273 1135 2341 iusl
1200 2275 1441 2361 aliquid
1504 2277 2018 2359 pronuntiaverit
2080 2278 2286 2359 triste,

274 2367 539 2448 propter
601 2364 770 2448 quod
826 2363 880 2427 is
947 2386 1205 2429 necesse
1259 2364 1488 2429 habuit
1545 2366 1615 2429 in
1672 2365 1807 2430 ius¹
1860 2387 1990 2430 non
2050 2365 2286 2447 venire,

273 2455 571 2515 teneatur
627 2474 703 2515 ex
756 2452 879 2517 hoc
936 2453 1168 2537 edict0,
1230 2455 1522 2538 quamvis
1571 2454 1829 2538 quidam
1884 2457 2111 2537 putent
2157 2454 2286 2518 sibi

275 2562 418 2604 eum
466 2539 787 2625 imputare
835 2542 943 2626 qui
991 2544 1280 2607 credulus
1326 2542 1467 2607 fuit.

405 2690 504 2756 De
548 2693 952 2776 coquitoribus
995 2698 1052 2756 et
1085 2694 1587 2774 promcratoribus
1630 2698 1688 2757 et
1730 2693 2156 2773 defensoribus.

453 2808 597 2874 149.
663 2807 740 2872 D.
779 2809 838 2889 3,
880 2810 937 2888 3,
978 2809 1080 2872 61.
1168 2806 1345 2871 Idem
1394 2805 1509 2893 (sc.
1546 2805 1813 2895 Paulus)
1858 2807 2023 2871 libro
2069 2808 2282 2891 primo

276 2895 353 2958 ad
415 2895 760 2961 Plautium.
811 2933 887 2941 —
941 2895 1231 2960 Plautius
1288 2898 1405 2960 ait:
1464 2892 1862 2979 coquitorem²
1906 2895 2281 2960 damnatum

270 3004 400 3048 non
465 2983 694 3049 debere
755 2984 1110 3066 conveniri,
1173 2985 1300 3049 nisi
1358 2988 1469 3049 aut
1532 2986 1599 3049 in
1655 3008 1791 3049 rem
1852 3007 2036 3049 suam
2091 2986 2277 3049 datus

271 3076 443 3136 esset
501 3077 612 3137 aut
667 3076 1006 3157 optulisset
1053 3096 1146 3159 se,
1203 3096 1346 3137 cum
1397 3073 1589 3137 sciret
1644 3079 1901 3138 cautum
1948 3095 2076 3137 non
2124 3094 2283 3157 esse,

271 3160 569 3224 omnibus
613 3162 868 3244 placuit.

451 3248 594 3313 150.
643 3248 778 3313 Gai.
806 3252 867 3332 4,
889 3251 988 3315 84.
1010 3286 1095 3297 -—-
1125 3250 1513 3316 Procurator
1541 3302 1553 3315 .
1577 3300 1590 3314 .
1621 3251 1817 3316 nullis
1848 3252 2038 3315 certis
2066 3251 2279 3316 verbis

269 3338 333 3400 in
383 3337 568 3401 litem
615 3337 1045 3419 substituitur,
1092 3340 1202 3404 sed
1242 3362 1318 3403 ex
1366 3340 1501 3404 solo
1549 3340 1851 3404 mandato
1901 3345 1966 3404 et
2013 3340 2279 3405 absente

413 3482 440 3530 1
486 3477 634 3533 Trib.
673 3477 745 3531 ad
780 3476 1060 3531 iudicium.

413 3554 444 3601 2
487 3549 636 3604 Trib.
673 3548 1104 3615 procuratorem.
