2575 3900
792 175 843 225 4.
884 168 942 224 C.
974 167 1265 224 CASSIUS
1304 167 1675 224 LONGINUS
2165 169 2248 233 27

227 333 449 398 adesse
493 332 688 397 iussit
734 336 799 397 et
843 336 993 397 ante
1041 354 1188 397 eum
1234 332 1403 396 diem
1450 331 1752 417 decessit3
1795 332 1960 396 alter
2006 354 2082 396 ex
2119 333 2257 398 liti-

223 422 563 506 gatoribus
617 442 751 486 non
825 421 1049 486 adfuit.
1136 421 1365 505 procul
1449 421 1644 486 dubio
1709 441 1920 506 poena
1994 421 2253 487 minime

222 510 567 576 commissa
624 514 748 596 est3
811 533 962 576 nam
1027 513 1094 574 et
1140 508 1438 576 Cassium
1497 509 1755 575 audisse
1811 531 1880 574 se
1935 509 2253 577 dicentem

215 598 440 664 Aristo
488 599 585 664 ait
627 599 697 664 in
752 619 828 664 eo
884 600 1162 685 arbitro,
1218 599 1329 684 qui
1384 598 1524 684 ipse
1579 620 1712 663 non
1759 597 2067 679 venisset,
2122 621 2253 665 non

218 709 355 754 esse
403 688 841 753 commissam.

919 793 1024 859 De
1064 795 1201 860 iure
1245 795 1536 860 iurando.

397 911 507 974 21.
560 908 642 976 D.
683 910 785 986 12,
822 911 883 991 2,
920 910 1029 990 26,
1070 908 1127 973 1.
1217 909 1458 973 Paulus
1505 909 1674 975 libro
1722 912 1954 975 octavo
2003 910 2250 977 decimo

213 999 301 1063 ad
367 999 650 1063 edictum
716 995 816 1082 (P.
855 998 1036 1080 280).
1108 1034 1183 1046 —
1252 997 1321 1064 Si
1383 1001 1573 1081 pater
1634 999 1839 1064 filium
1904 999 2055 1064 dare
2119 1022 2252 1065 non

212 1091 519 1172 oportere
574 1088 909 1170 iuraverit,
964 1085 1227 1152 Cassius
1282 1086 1621 1170 respondit
1677 1092 1742 1153 et
1785 1089 1961 1172 patri
2006 1093 2073 1153 et
2116 1089 2250 1154 filio

210 1176 496 1242 dandam
544 1177 989 1261 exceptionem
1033 1175 1470 1240 iurisiurandi.
1923 1205 1934 1216 ·

448 1385 529 1445 11.
591 1385 850 1446 Edicta
894 1388 966 1445 et
1013 1385 1310 1444 decreta
1353 1382 1592 1444 Cassii
1636 1386 2023 1460 praetoris,

399 1506 454 1570 1.
512 1503 593 1570 D.
628 1503 691 1586 4,
728 1504 787 1585 6,
824 1504 930 1586 26,
970 1504 1029 1568 7.
1126 1501 1449 1587 Ulpianus·
1501 1502 1670 1566 libro
1727 1503 2108 1569 duodecimo
2166 1505 2249 1570 ad

210 1593 495 1657 edictum
566 1590 665 1679 (P.
711 1588 895 1677 439).
964 1627 1039 1637 —-
1110 1590 1179 1657 Si
1241 1591 1443 1655 feriae
1509 1595 1690 1656 extra
1754 1592 2048 1658 ordinem
2114 1594 2248 1659 sint

209 1682 514 1764 indictae,
563 1682 646 1745 ob
693 1702 796 1746 res
841 1684 1001 1764 puta
1046 1701 1354 1764 prospere
1401 1683 1622 1765 gestas
1669 1680 1772 1744 vel
1820 1681 1887 1744 in
1931 1681 2247 1747 honorem

206 1770 557 1856 principie,
620 1774 687 1834 et
748 1773 1093 1854 propterea
1159 1767 1585 1853 magistratus
1648 1768 1749 1833 ius
1809 1790 1938 1833 non
1994 1768 2245 1854 dixerit,

190 1857 419 1924 Graius
484 1856 749 1924 Cassius
822 1858 1207 1922 nominatim
1280 1857 1574 1922 edicebat
1635 1857 2095 1922 restituturum
2157 1880 2248 1944 se,

210 1947 371 2033 quia
407 1970 525 2033 per
560 1952 925 2032 praetorem
954 1946 1293 2013 videbatur
1318 1945 1589 2029 factum3
1631 1946 2042 2012 sollemnium
2072 1947 2245 2013 enim

206 2037 525 2102 feriarum
573 2035 895 2102 rationem
939 2035 1168 2100 haberi
1212 2057 1346 2100 non
1384 2036 1634 2119 debere,
1681 2035 1833 2120 quia
1869 2037 2244 2121 prospicere

200 2147 323 2190 eas
362 2126 650 2209 potuerit
686 2128 752 2190 et
789 2124 1084 2189 debuerit
1119 2128 1317 2207 actor,
1360 2146 1442 2189 ne
1480 2124 1548 2188 in
1588 2146 1697 2189 eas
1735 2125 1997 2189 incidat.
2072 2126 2241 2210 quod

205 2212 427 2279 verius
495 2218 622 2298 est,
687 2217 754 2278 et
817 2214 913 2277 ita
969 2210 1195 2279 Celsus
1260 2212 1429 2277 libro
1488 2213 1768 2279 secundo
1818 2213 2240 2299 Digestorum

202 2303 458 2369 scribit.

392 2415 468 2475 cf.
514 2414 761 2477 Pernice
806 2406 895 2473 11²
939 2432 997 2489 p.
1031 2416 1153 2474 199
1202 2432 1260 2474 n.
1297 2416 1352 2475 7.

392 2534 453 2599 2.
504 2533 583 2600 D.
622 2534 725 2616 29,
762 2534 824 2614 2,
859 2533 966 2597 99.
1049 2531 1440 2617 Pomponius
1489 2532 1656 2597 libro
1703 2533 1912 2616 primo
1960 2532 2240 2599 Senatus

204 2620 675 2689 Consultorum
730 2618 832 2707 (P.
871 2620 1046 2705 806).
1093 2658 1182 2669 —-
1236 2620 1460 2686 Aristo
1523 2622 1592 2683 in
1657 2621 1932 2685 decretis
1987 2620 2241 2686 Fronti-

200 2710 513 2794 <ni>anis
558 2712 655 2775 ita
698 2709 913 2775 refert.
995 2709 1157 2776 Cum
1205 2710 1366 2775 duae
1411 2708 1586 2773 filiae
1629 2709 1804 2792 patri
1838 2711 2240 2775 necessariae

200 2799 479 2865 heredes
555 2800 981 2882 exstitissent,
1064 2800 1273 2864 altera
1346 2820 1415 2863 se
1486 2802 1755 2882 paterna
1831 2798 2242 2865 abstinuerat

202 2888 599 2973 hereditate,
662 2889 871 2953 altera
933 2888 1107 2953 bona
1169 2892 1442 2971 paterna
1505 2886 1832 2952 vindicare
1895 2891 2238 2975 totumque

201 2998 375 3043 onus
440 2978 763 3060 suscipere
826 2979 1057 3063 parata
1112 2980 1267 3041 erat.
1360 2980 1657 3046 sanctum
1705 2975 2003 3043 Cassium
2051 3000 2237 3063 prae-

200 3071 421 3131 torem
509 3087 703 3131 causa
793 3066 1054 3149 cognita
1144 3065 1434 3131 actiones
1520 3065 1948 3131 hereditarias
2040 3068 2236 3133 utiles

203 3155 517 3219 daturum
586 3159 757 3219 recte
830 3154 1194 3239 pollicitum
1268 3156 1356 3238 ei,
1428 3176 1592 3238 quae
1663 3154 1745 3221 ad
1809 3154 2236 3221 hereditatem

202 3242 415 3327 patris
498 3252 859 3309 accesserat
938 3243 1529 3328 denegaturumque
1604 3244 1663 3308 ei
1737 3265 1904 3327 quae
1980 3265 2048 3307 se
2123 3244 2237 3309 ab—

205 3332 549 3397 stinuerat.

388 3442 635 3503 Pernice
670 3434 764 3505 11²
797 3462 856 3519 p.
890 3445 1013 3505 199
1061 3443 1162 3504 vix
1205 3443 1341 3504 iure
1387 3443 1643 3523 dubitat,
1691 3462 1769 3503 an
1814 3446 1926 3505 hoc
1973 3444 2233 3504 edictum

210 3548 249 3589 a
293 3528 501 3591 Cassio
547 3534 757 3592 nostro
802 3532 1178 3609 propositum
1224 3532 1322 3593 sit.
