2575 3900
981 236 1034 285 4.
1072 228 1392 285 PLAUTI‘U
1395 228 1432 284 S
2087 228 2218 293 229

191 394 401 457 tatem
455 392 848 460 revenderet.
919 396 1149 480 postea
1190 396 1505 479 patronus
1564 392 1846 457 defuncti
1899 393 2218 457 bonorum

193 481 676 565 possessionem
714 485 940 547 contra
976 483 1235 547 tabulas
1273 481 1552 565 petierat
1587 486 1653 547 et
1686 484 1938 565 partem
1975 480 2219 547 heredi-

193 570 379 653 tatis,
444 593 608 656 quae
663 570 1044 657 debebatur,
1106 571 1485 638 abstulerat.
1585 568 1894 636 Proculus
1949 567 2214 637 Cassius

191 658 863 812 {deieommissarium
918 682 1038 745 pro
1094 665 1235 725 rata
1292 659 1463 745 quod
1520 660 1720 725 solvit
1775 662 2069 743 repetere
2115 659 2219 723 de-

242 769 349 813 ere
397 749 598 813 aiunt.

378 858 728 937 Sequuntur
769 860 942 920 haee:
991 855 1261 921 ‘Paulus
1317 860 1433 919 hoe
1477 860 1610 920 inre
1652 860 1886 919 utimur
1912 904 1928 919 .
1957 903 1973 920 .
2003 854 2041 919 .'

375 949 451 1010 ef.
488 946 617 1009 Gai.
650 951 708 1027 2,
738 951 864 1009 248
882 968 1006 1027 sqq.
1057 951 1115 1029 3,
1143 951 1247 1009 41.

866 1103 967 1169 De
1012 1104 1283 1169 libertate
1325 1104 1556 1171 relicta.

380 1211 486 1275 21.
533 1210 611 1274 D.
639 1210 747 1293 40,
779 1213 836 1290 7,
865 1212 969 1294 20,
997 1211 1059 1276 3.
1129 1209 1371 1275 Paulus
1417 1211 1586 1275 libro
1635 1215 1817 1275 sexto
1855 1209 2102 1274 decimo
2141 1209 2220 1273 ad

195 1298 533 1364 Plautium
580 1296 681 1387 (P.
722 1297 943 1388 1227).
988 1334 1073 1347 --
1120 1298 1186 1364 Is
1242 1300 1348 1364 eui
1403 1320 1622 1364 servus
1679 1299 2015 1383 pecuniam
2069 1298 2220 1363 dare

198 1390 416 1452 iussus
463 1392 565 1452 est
610 1392 683 1452 ut
727 1388 894 1453 liber
941 1391 1131 1470 esset,
1176 1388 1466 1453 decessit.
1560 1385 1858 1471 Sabinus,
1903 1386 1960 1451 si
2005 1387 2222 1452 decem

194 1476 537 1543 habuisset
586 1481 844 1562 parata,
903 1478 1177 1542 liberum
1232 1476 1399 1561 fore,
1454 1477 1604 1560 quia
1659 1498 1792 1543 non
1848 1480 2053 1541 staret
2104 1497 2221 1559 per

196 1566 1087 1739 eumbquoDinffgjsssdzg-jti·
1177 1653 1575 1738 Pomponius
1631 1653 1799 1719 libro
1857 1654 2088 1739 quinto
2143 1674 2222 1717 ex

194 1742 455 1809 Plautio
525 1740 623 1830 (P.
662 1741 840 1826 345).
903 1779 977 1791 --
1039 1794 1055 1808 .
1092 1793 1106 1807 .
1147 1793 1162 1808 .
1200 1765 1346 1808 eum
1413 1742 1531 1808 sub
1595 1742 1969 1808 condicione
2033 1763 2220 1807 servo

196 1831 468 1897 libertas
534 1854 649 1916 per
710 1832 1281 1897 fideicommissum
1348 1830 1532 1896 detur
1585 1835 1650 1895 et
1701 1832 1839 1916 ipse
1893 1830 2221 1916 praesenti

197 1921 301 1987 die
348 1920 626 2001 daretur,
669 1943 799 1987 non
848 1920 1036 1988 aliter
1078 1918 1471 2006 mucisparel
1520 1942 1665 1987 eum
1704 1923 1988 2006 cogetur,
2026 1941 2220 2004 quam

196 2013 271 2075 ut
328 2014 630 2075 caveatur
686 2011 1003 2076 existente
1058 2011 1434 2076 condicione
1479 2010 1802 2076 libertatis
1848 2032 1994 2076 eum
2039 2010 2221 2074 resti-

199 2103 416 2164 tutum
463 2098 572 2183 iri3
618 2121 771 2163 nam
818 2099 885 2164 in
935 2100 1232 2165 omnibus
1269 2099 1406 2164 fere
1443 2100 1652 2164 causis
1689 2099 2218 2166 fideicommissas

196 2188 531 2252 libertates
602 2209 722 2272 pro
799 2188 1041 2254 directo
1116 2188 1283 2253 datis
1356 2188 1707 2253 habendas.
1816 2188 1928 2253 sed
1993 2186 2219 2252 Ofilius

198 2276 432 2359 aiebat,
478 2277 535 2340 si
581 2275 900 2342 adimendi
944 2277 1145 2359 legati
1190 2298 1386 2342 eausa
1430 2277 1987 2342 fideicommissum
2021 2275 2219 2340 liber-

195 2369 402 2430 tatem
445 2367 725 2430 testator
770 2365 1068 2451 dedisset,
1116 2387 1191 2430 ea
1236 2387 1390 2430 vera
1435 2386 1604 2451 esse3
1657 2365 1714 2430 si
1761 2386 1910 2431 vero
1959 2364 2215 2430 onerari

197 2453 500 2519 heredem
529 2477 568 2518 a
591 2457 904 2519 testatore
924 2453 1279 2540 legatarius
1301 2454 1672 2538 ostenderit,
1699 2451 2220 2519 aestimationem

196 2540 410 2607 nihilo
454 2543 667 2608 minus
713 2544 1028 2629 legatario
1072 2543 1547 2626 praestandam.

376 2630 509 2698 23?
577 2630 657 2696 D.
690 2631 803 2715 40,
840 2631 899 2716 5,
939 2632 999 2697 8.
1106 2631 1505 2715 Pomponius
1567 2631 1736 2696 libro
1801 2631 2076 2714 septimo
2143 2652 2221 2694 ex

195 2719 455 2785 Plautio
522 2717 619 2805 (P.
666 2719 847 2806 364).
911 2757 997 2768 —
1059 2719 1229 2784 Eum
1304 2721 1408 2786 eui
1471 2719 1646 2784 mille
1708 2719 1958 2784 nummi
2019 2719 2221 2803 legati

194 2809 495 2892 fuissent,
532 2810 590 2874 si
624 2813 889 2895 rogatus
926 2808 1159 2874 fuisset
1196 2809 1428 2894 viginti
1465 2830 1718 2874 servum
1747 2809 2218 2886 manumittere,

194 2920 331 2963 non
368 2898 516 2984 cogi
551 2898 1113 2964 fideicommissam
1148 2897 1517 2963 libertatem
1553 2902 1900 2982 praestare,
1951 2897 2009 2962 si
2044 2897 2218 2981 lega-

195 2993 341 3052 tum
387 3009 518 3051 non
564 2991 844 3071 caperet.

380 3081 783 3141 Tribonianus
866 3081 1281 3159 respondentis
1363 3082 1601 3141 nomine
1683 3081 1880 3141 deleto
1963 3079 2218 3140 addidit:

196 3163 503 3230 ‘constat'.

794 3252 895 3320 De
938 3256 1235 3338 emptione
1276 3255 1633 3320 venditione.

378 3361 483 3425 24.
544 3360 622 3425 D.
659 3362 765 3443 21,
800 3363 862 3447 2,
899 3363 1004 3446 22,
1045 3363 1101 3427 1.
1199 3359 1590 3444 Pomponius
1649 3361 1819 3426 libro
1876 3360 2085 3445 primo
2144 3381 2220 3423 ex

198 3449 458 3516 Plautio
515 3447 617 3537 (P.
666 3447 845 3538 326).
908 3487 997 3498 —
1062 3447 1131 3514 Si
1182 3451 1515 3516 secundum
1568 3444 1988 3533 Μακάρων
2040 3447 2222 3512 fundi

346 3613 374 3662 1
417 3607 567 3664 Trib.
606 3606 846 3664 tradere.
946 3611 996 3662 2.
1039 3607 1189 3662 Trib.
1226 3624 1331 3678 pro
1370 3606 1662 3662 evictione.
