2575 3900
344 159 473 224 106
510 160 606 216 111.
628 159 779 216 GAII
802 159 1094 217 CLAUDII
1111 160 1379 218 NEBON.
1399 160 1688 216 GALBAE
1708 160 1923 220 TEMP.
1942 161 2139 218 IURIS
2159 161 2303 218 CON
2307 162 2363 220 S.

336 328 627 388 Servilius
672 321 939 409 refert’)‚
993 328 1242 389 Neratio
1291 321 1392 404 (D.
1423 331 1525 403 34,
1558 332 1616 401 2,
1643 332 1749 408 32,
1781 332 1818 390 5
1865 325 2174 389 ‘Neratius
2220 330 2367 390 Pro-

336 417 539 477 culum
583 418 771 477 refert
813 412 1265 496 respondisse’),
1313 417 1487 479 Celso
1524 411 1629 500 (D.
1661 422 1762 489 19,
1795 423 1852 491 l,
1881 421 1985 494 38,
2015 421 2053 478 2
2097 413 2364 480 ‘Firmus

334 525 373 565 a
410 506 665 565 Proculo
702 507 962 582 quaesiit
989 551 1006 567 .
1034 554 1049 567 .
1079 552 1093 567 .
1121 507 1226 567 ille
1260 500 1640 587 rescripsit'),
1676 508 1930 578 Iuliano,
1966 508 2072 585 qui
2107 508 2366 568 maxime

334 594 507 654 libris
556 594 646 652 IV
691 589 794 655 ‘ad
837 594 1119 655 Urseium
1171 590 1481 656 Ferocem’
1538 588 1634 678 (P.
1673 588 2054 678 883—928)
2121 596 2367 657 Proculi

332 701 621 759 responsa
676 685 929 759 posteris
974 685 1219 745 videtur
1272 685 1596 744 tradidisse
1650 677 1757 766 (cf.
1802 685 1871 744 D.
1915 688 2026 760 10,
2065 687 2132 762 2,
2173 688 2255 747 52
2272 705 2364 761 pr.

337 774 440 850 10,
469 774 529 843 3,
559 774 617 832 5.
667 774 769 848 23,
798 775 858 852 3,
886 775 990 832 48.
1036 775 1141 847 40,
1174 776 1231 852 9,
1264 777 1321 848 7,
1357 779 1411 834 1.
1460 775 1562 849 12,
1593 776 1649 847 5,
1683 777 1740 835 5.
1781 767 2365 854 11,1,18)‚Pau10

333 853 435 940 (D.
467 863 523 933 5,
556 863 616 938 3,
646 864 748 936 36,
778 863 847 939 2)
885 866 948 922 et
982 862 1242 939 Ulpiano
1278 856 1382 946 (D.
1415 866 1518 935 19,
1549 865 1606 939 2,
1637 865 1738 941 15,
1767 865 1827 924 8.
1869 861 2015 923 0011.
2051 866 2149 933 12,
2185 867 2239 938 7,
2275 856 2365 945 9).

510 949 643 1010 Huc
688 969 761 1010 ea
804 955 1044 1011 tantum
1085 970 1376 1029 responsa
1420 952 1708 1030 congessi,
1756 971 1906 1029 quae
1944 952 2364 1028 Epistularum

337 1038 513 1098 libris
558 1038 847 1100 Proculus
892 1060 1012 1101 non
1057 1041 1300 1101 videtur
1342 1041 1682 1100 inseruisse.

1084 1230 1187 1296 Dc
1230 1232 1618 1296 wstamentis.

906 1361 1001 1420 De
1044 1363 1412 1434 adquirenda
1455 1362 1780 1420 hereditate.

511 1480 567 1542 1.
635 1478 712 1542 D.
750 1480 811 1560 4,
849 1479 910 1563 6,
948 1479 1052 1563 35,
1088 1480 1150 1546 9.
1238 1479 1483 1544 Paulus
1539 1480 1709 1544 libro
1766 1479 1963 1544 tertio
2020 1479 2102 1543 ad
2151 1481 2363 1564 legem

331 1565 567 1630 Iuliam
622 1570 690 1631 et
744 1567 1011 1651 Papiam
1058 1565 1157 1655 (P.
1194 1565 1377 1655 939).
1423 1605 1509 1615 —
1558 1567 1875 1633 Vivianus
1933 1569 2158 1632 scribit
2207 1568 2362 1634 Pro-

329 1655 546 1720 culum
592 1656 1003 1739 respondisse
1049 1657 1350 1734 militem,
1397 1657 1507 1741 qui
1553 1660 1918 1722 commeatu
1966 1657 2157 1739 absit,
2204 1657 2362 1722 dum

329 1744 591 1809 domum
648 1745 829 1810 vadit
893 1749 1007 1810 aut
1068 1745 1259 1827 redit,
1323 1747 1419 1810 rei
1483 1746 1777 1826 publicae
1840 1768 2037 1811 causa
2101 1747 2362 1832 abesse3

332 1832 487 1897 dum
536 1833 713 1898 domi
760 1835 876 1916 sit,
921 1855 1055 1898 non
1102 1834 1347 1899 abesse.

511 1945 584 2005 cf.
606 1944 745 2022 Ulp.
768 1947 870 2026 16,
904 1948 963 2006 1.
1012 1940 1378 2023 ‘Aliquando
1398 1945 1492 2007 vir
1528 1950 1592 2007 et
1626 1964 1776 2006 uxor
1810 1945 1972 2006 inter
2009 1966 2072 2005 se
2100 1945 2362 2007 solidum

330 2053 545 2110 capere
590 2039 864 2113 possunt,
908 2036 1079 2095 velut
1104 2078 1121 2094 .
1152 2082 1165 2095 .
1197 2081 1211 2094 .
1241 2037 1292 2094 si
1327 2036 1424 2096 vir
1457 2029 1588 2112 (rei
1623 2035 1898 2111 publicae
1934 2030 2160 2115 causa>
2198 2036 2360 2095 absit

332 2126 394 2182 et
440 2123 626 2183 donec
671 2126 843 2183 abest
880 2128 941 2185 et
975 2124 1138 2184 intra
1175 2142 1417 2201 annum,
1460 2127 1783 2201 postquam
1820 2125 2031 2184 abesse
2071 2118 2362 2185 desierit'.

506 2226 565 2289 2.
613 2225 692 2289 D.
724 2228 826 2307 11,
857 2228 915 2303 1,
948 2226 1049 2291 18.
1120 2224 1412 2289 Iulianus
1452 2225 1620 2290 libro
1660 2230 1894 2310 quarto
1936 2225 2018 2290 ad
2054 2223 2363 2291 Urseium

328 2312 638 2379 Ferocem
684 2313 785 2397 (P.
812 2311 993 2400 923).
1036 2351 1113 2361 —-
1156 2312 1280 2389 Qui
1329 2336 1406 2378 ex
1451 2318 1641 2399 parte
1686 2314 1951 2379 dimidia
1988 2315 2176 2379 heres
2215 2319 2363 2379 erat

328 2424 473 2467 cum
531 2404 866 2468 absentem
920 2402 1301 2469 coheredem
1358 2424 1542 2466 suum
1598 2402 1938 2468 defendere
1995 2404 2226 2487 vellet,
2288 2410 2362 2467 ut

330 2490 777 2556 satisdationis
837 2514 999 2557 onus
1055 2492 1298 2555 evitare
1355 2491 1591 2575 possit,
1644 2492 1985 2574 respondit
2029 2513 2099 2556 se
2145 2493 2359 2557 solum

328 2579 632 2646 heredem
687 2602 827 2646 esse
884 2585 950 2645 et
1005 2580 1475 2646 condemnatus
1532 2584 1647 2645 est.
1744 2581 2099 2663 quaerebat
2155 2584 2361 2664 actor,

331 2691 476 2734 cum
540 2669 679 2754 ipse
742 2669 1047 2735 solvendo
1104 2692 1234 2735 non
1293 2676 1487 2750 esset,
1552 2691 1636 2735 an
1692 2670 1967 2734 rescisso
2025 2669 2360 2753 superiore

328 2757 562 2823 iudicio
628 2760 697 2823 in
763 2780 935 2841 eum,
999 2758 1111 2842 qui
1173 2780 1243 2822 re
1305 2780 1456 2824 vera
1508 2758 1697 2823 heres
1755 2762 1922 2839 erat,
1986 2759 2157 2824 actio
2217 2758 2360 2822 dari

330 2844 607 2911 deberet.
689 2846 999 2911 Proculus
1038 2848 1372 2930 respondit
1407 2848 1682 2912 rescisso
1719 2846 1957 2912 iudicio
1996 2868 2190 2930 posse
2229 2849 2360 2933 agi.

981 3039 1083 3105 De
1124 3040 1452 3105 hereditate
1497 3042 1711 3107 luberti.

510 3164 571 3228 3.
629 3163 707 3229 D.
748 3165 852 3245 37,
893 3165 993 3247 14,
1035 3166 1135 3230 10.
1226 3164 1566 3230 Terentius
1614 3164 1911 3231 Clemens
1971 3167 2140 3232 libro
2185 3188 2362 3232 nono

334 3252 414 3315 ad
479 3252 694 3338 legem
757 3253 989 3317 Iuliam
1056 3257 1122 3317 et
1184 3252 1460 3337 Papiam
1525 3254 1623 3338 (P.
1670 3252 1803 3341 22).
1862 3292 1952 3302 --
2018 3255 2188 3320 Eum
2252 3257 2364 3340 qui

330 3340 568 3425 capitis
612 3346 954 3426 paternum
1000 3342 1305 3407 libertum
1354 3349 1740 3428 accusasset,
1784 3343 2034 3410 excludi
2081 3366 2121 3410 a
2159 3346 2364 3409 bono-

331 3452 476 3494 rum
525 3432 935 3515 possessione
983 3438 1210 3497 contra
1255 3432 1517 3497 tabulas
1555 3432 1816 3517 placuit.
1888 3432 2106 3498 Labeo
2144 3434 2364 3498 existi-

331 3519 555 3585 mabat
619 3521 851 3606 capitis
915 3523 1396 3587 accusationem
1464 3543 1607 3586 eam
1673 3542 1841 3606 esse,
1905 3522 2084 3587 cuius
2150 3544 2364 3608 poena.
