2575 3900
374 178 463 242 94
515 179 613 234 111.
643 178 794 232 GAII
824 175 1116 232 CLAUDII
1144 175 1417 234 NERON.
1439 174 1728 230 GALBAE
1747 174 1958 230 ΤΕΜΡ.
1979 175 2172 231 Imus
2191 176 2396 235 CONS.

372 341 680 424 cecider0,
719 344 1079 424 competere
1116 339 1500 403 iniuriarum
1539 339 1858 403 actionem
1889 339 2246 426 omnibus3)
2283 342 2396 406 sed

370 452 500 495 non
565 450 703 494 esse
761 450 1034 512 aequum
1089 450 1206 511 pro
1266 427 1512 492 maiore
1566 430 1778 511 parte,
1843 449 2036 511 quam
2090 451 2209 513 pro
2268 453 2395 516 qua

371 519 669 584 dominus
736 522 862 603 est,
928 517 1409 582 damnationem
1465 514 1604 580 fieri
1658 514 1894 580 Pedius
1948 518 2043 581 ait
2098 515 2194 603 [et
2248 519 2396 584 ideo

370 608 587 673 officio
635 607 863 672 iudicis
910 608 1244 691 portiones
1292 604 1728 670 aestimandae
1773 607 2011 686 eruntJ.

1168 771 1263 827 Uti
1289 771 1598 841 possidetis.

542 886 647 950 41.
712 882 792 949 D.
830 881 935 966 43,
966 882 1069 964 17,
1102 883 1158 963 1,
1186 881 1247 944 4.
1342 879 1658 965 Ulpianus
1713 880 1881 945 libro
1938 885 2392 968 sexagensimo

368 995 540 1038 nono
590 974 670 1038 ad
716 973 995 1037 edictum
1032 970 1132 1055 (P.
1152 965 1375 1056 1536).
1417 1006 1493 1015 —
1537 969 1660 1032 Est
1705 1019 1719 1032 .
1741 1020 1756 1034 .
1799 968 1920 1035 hoc
1957 972 2394 1058 interdictum,

365 1063 534 1146 quod
591 1063 783 1146 volgo
831 1061 929 1125 uti
974 1059 1326 1145 possidetis
1373 1057 1764 1142 appellatur,
1819 1060 2193 1125 retinendae
2240 1084 2394 1146 pos-

365 1153 699 1235 sessionis3
754 1173 907 1214 nam
961 1148 1155 1214 huius
1211 1150 1307 1212 rei
1363 1169 1557 1212 causa
1610 1146 1925 1231 redditur,
1984 1171 2065 1214 ne
2122 1151 2218 1213 vis
2273 1151 2394 1216 fiat

364 1241 424 1303 ei
471 1240 581 1324 qui
622 1240 931 1324 possidet,
976 1241 1042 1303 et
1076 1239 1545 1321 consequenter
1580 1236 1970 1320 proponitur
2004 1244 2160 1323 post
2195 1240 2392 1304 inter-

364 1328 607 1394 dictum
655 1328 824 1394 unde
868 1330 950 1393 vi.
1033 1326 1189 1391 illud
1238 1326 1409 1390 enim
1456 1325 1745 1389 restituit
1789 1325 1852 1389 vi
1893 1329 2200 1392 amissam
2237 1349 2391 1411 pos-

364 1419 748 1500 sessionem,
833 1419 957 1482 hoc
1030 1415 1396 1495 interdictO,
1468 1435 1549 1476 ne
1615 1414 1957 1479 amittatur
2027 1415 2389 1500 possessio,

358 1506 657 1590 praetor¹
722 1506 1080 1591 possidenti
1133 1505 1268 1569 vim
1323 1503 1463 1567 fieri
1507 1506 1705 1584 vetat.
1788 1505 1853 1566 et
1906 1504 2070 1568 illud
2128 1505 2390 1589 quidem

360 1594 776 1661 interdictum
825 1596 1163 1679 obpugnat
1208 1613 1666 1677 possessorem,
1711 1590 1836 1657 hoc
1882 1596 2116 1657 tuetur.
2204 1597 2269 1659 et
2316 1599 2390 1659 ut

359 1681 597 1749 Pedius
643 1683 762 1769 ait,
820 1684 1028 1749 omnis
1078 1683 1156 1748 de
1203 1681 1612 1767 possessione
1660 1683 2103 1747 controversia
2150 1686 2263 1747 aut
2307 1705 2387 1748 eo

359 1773 669 1857 pertinet,
723 1778 826 1856 ut,
878 1771 1046 1857 quod
1093 1792 1223 1835 non
1270 1769 1703 1854 possidemus,
1749 1770 1937 1834 nobis
1983 1771 2389 1856 restituatur,

362 1868 475 1925 aut
522 1861 602 1925 ad
647 1861 788 1942 hoc,
834 1867 908 1926 ut
951 1861 1229 1925 retinere
1274 1859 1466 1923 nobis
1512 1858 1710 1923 liceat
1751 1859 1919 1942 quod
1959 1860 2388 1943 possidemus,

1150 2034 1318 2103 Quem
1351 2035 1604 2101 fundum.

535 2148 641 2211 42.
706 2145 854 2211 Vat.
892 2146 969 2210 fr.
1008 2147 1114 2211 93.
1206 2146 1441 2210 Incert.
1489 2152 1655 2211 auct.
1704 2146 1779 2209 de
1835 2148 2062 2212 interd.
2120 2184 2204 2194 —
2261 2144 2386 2210 Re-

359 2236 626 2300 stitutus
675 2257 754 2299 ex
790 2235 914 2299 hoc
950 2235 1294 2299 interdicto
1333 2234 1732 2299 ususfructus
1770 2236 2187 2320 intellegitur,
2235 2258 2385 2302 cum

358 2326 601 2408 petitor
663 2324 731 2389 in
794 2323 1066 2388 fundum
1132 2323 1450 2387 admissus
1517 2326 1653 2388 sine
1714 2326 1998 2407 periculo
2056 2326 2386 2391 interdicti

359 2414 525 2479 unde
591 2414 653 2477 vi
720 2413 801 2476 ad
865 2435 1008 2476 eam
1073 2434 1208 2476 rem
1274 2413 1593 2496 propositi
1660 2413 1895 2495 depelli
1957 2437 2087 2480 non
2146 2420 2382 2498 potest.

362 2504 528 2567 idem
580 2502 813 2567 Pedius
861 2552 875 2565 .
924 2501 1011 2565 ali
1057 2502 1375 2565 diversam
1437 2522 1695 2565 causam
1748 2524 1886 2568 esse
1933 2505 2384 2588 possessioniS,

356 2614 499 2657 cum
545 2593 682 2673 ille,
728 2592 839 2677 qui
883 2612 1109 2676 posses
1158 2628 1334 2637 —-—-

937 2775 1026 2831 De
1060 2778 1253 2831 itinere
1289 2782 1519 2845 actuque
1547 2778 1787 2846 privata

531 2885 635 2948 43.
683 2884 761 2947 D.
786 2885 1017 2969 43‚19,
1041 2887 1096 2963 1,
1121 2887 1174 2951 7.
1267 2884 1586 2969 Ulpianus
1634 2886 1802 2951 libro
1852 2890 2378 2973 septuagensimo

356 2972 435 3035 ad
482 2973 755 3036 edictum
803 2970 903 3059 (P.
926 2970 1143 3061 1556).
1184 3011 1267 3019 —
1306 2972 1392 3054 Is,
1439 2974 1617 3038 cuius
1665 2976 1930 3041 colonus
1978 2982 2091 3042 aut
2135 2977 2380 3061 hospes

356 3063 469 3125 aut
508 3062 652 3144 quis
692 3062 861 3125 alius
899 3063 1022 3125 iter
1060 3064 1137 3126 ad
1174 3063 1441 3126 fundum
1471 3062 1646 3145 fecit,
1681 3086 1836 3129 usus
1865 3067 2116 3131 videtur
2142 3066 2378 3133 itinere

352 3151 453 3213 vel
511 3154 657 3214 actu
714 3150 816 3213 vel
871 3151 1005 3229 via,
1070 3156 1136 3215 et
1186 3151 1426 3215 idcirco
1482 3152 1894 3218 interdictum
1947 3156 2242 3240 habebit3
2309 3161 2377 3221 et

351 3238 510 3303 haec
574 3240 667 3303 ita
722 3238 957 3303 Pedius
1024 3240 1249 3305 scribit
1304 3246 1370 3304 et
1426 3240 1648 3326 adicit,
1713 3242 1966 3309 etiamsi
2023 3246 2374 3332 ignoravit,

351 3327 531 3392 cuius
605 3326 843 3392 fundus
916 3331 1113 3407 esset,
1197 3351 1311 3412 per
1384 3351 1572 3414 quem
1648 3331 1796 3415 iret,
1873 3333 2152 3398 retinere
2226 3356 2373 3400 eum

350 3416 745 3481 servitutem.

494 3618 523 3664 1
561 3610 664 3667 Fz.
703 3611 812 3666 hoc
848 3610 1207 3666 interdictum
1242 3611 1448 3679 tuetur,
1484 3631 1554 3669 ne
1591 3631 1698 3668 am.
1737 3633 1808 3685 p.,
1852 3614 2090 3684 denique
2127 3619 2371 3685 praetor.
