<?xml version="1.0" encoding="UTF-8"?>
<!DOCTYPE html PUBLIC "-//W3C//DTD XHTML 1.0 Transitional//EN"
    "http://www.w3.org/TR/xhtml1/DTD/xhtml1-transitional.dtd">
<html xmlns="http://www.w3.org/1999/xhtml" xml:lang="en" lang="en">
 <head>
  <title>
</title>
<meta http-equiv="Content-Type" content="text/html;charset=utf-8" />
  <meta name='ocr-system' content='tesseract 3.04.00' />
  <meta name='ocr-capabilities' content='ocr_page ocr_carea ocr_par ocr_line ocrx_word'/>
</head>
<body>
  <div class='ocr_page' id='page_1' title='image "./iurisprudentiae00unkngoog_0023.png"; bbox 0 0 2575 3900; ppageno 0'>
   <div class='ocr_carea' id='block_1_1' title="bbox 2086 187 2217 242">
    <p class='ocr_par' dir='ltr' id='par_1_1' title="bbox 2086 187 2217 242">
     <span class='ocr_line' id='line_1_1' title="bbox 2086 187 2217 242; baseline 0 0"><span class='ocrx_word' id='word_1_1' title='bbox 2086 187 2217 242; x_wconf 75' lang='lat' dir='ltr'><strong>xlx</strong></span> 
     </span>
    </p>
   </div>
   <div class='ocr_carea' id='block_1_2' title="bbox 150 343 2221 3703">
    <p class='ocr_par' dir='ltr' id='par_1_2' title="bbox 150 343 2221 1766">
     <span class='ocr_line' id='line_1_2' title="bbox 163 343 2214 434; baseline 0.001 -20"><span class='ocrx_word' id='word_1_2' title='bbox 163 359 392 434; x_wconf 79' lang='lat' dir='ltr'><strong>potest,</strong></span> <span class='ocrx_word' id='word_1_3' title='bbox 449 355 510 416; x_wconf 84' lang='lat' dir='ltr'><strong>si</strong></span> <span class='ocrx_word' id='word_1_4' title='bbox 566 355 645 415; x_wconf 88' lang='lat' dir='ltr'><strong>ad</strong></span> <span class='ocrx_word' id='word_1_5' title='bbox 699 355 904 432; x_wconf 87' lang='lat' dir='ltr'><strong>priora</strong></span> <span class='ocrx_word' id='word_1_6' title='bbox 957 354 1335 415; x_wconf 86' lang='lat' dir='ltr'><strong>recurrimus.</strong></span> <span class='ocrx_word' id='word_1_7' title='bbox 1436 356 1577 430; x_wconf 92' lang='lat' dir='ltr'><strong>post</strong></span> <span class='ocrx_word' id='word_1_8' title='bbox 1631 354 1819 415; x_wconf 84' lang='lat' dir='ltr'><strong>verba</strong></span> <span class='ocrx_word' id='word_1_9' title='bbox 1878 355 2037 415; x_wconf 87' lang='lat' dir='ltr'><strong>enim</strong></span> <span class='ocrx_word' id='word_1_10' title='bbox 2080 343 2214 416; x_wconf 55' lang='lat' dir='ltr'><strong>illa&#39;z</strong></span> 
     </span>
     <span class='ocr_line' id='line_1_3' title="bbox 163 438 2211 522; baseline 0 -18"><span class='ocrx_word' id='word_1_11' title='bbox 163 438 566 522; x_wconf 73' lang='lat' dir='ltr'><strong>‘consequens</strong></span> <span class='ocrx_word' id='word_1_12' title='bbox 613 447 727 520; x_wconf 85' lang='lat' dir='ltr'><strong>est,</strong></span> <span class='ocrx_word' id='word_1_13' title='bbox 770 448 844 502; x_wconf 91' lang='lat' dir='ltr'><strong>ut</strong></span> <span class='ocrx_word' id='word_1_14' title='bbox 883 444 956 503; x_wconf 90' lang='lat' dir='ltr'><strong>de</strong></span> <span class='ocrx_word' id='word_1_15' title='bbox 993 444 1465 520; x_wconf 81' lang='lat' dir='ltr'><strong>magistratuum-</strong></span> <span class='ocrx_word' id='word_1_16' title='bbox 1496 444 1841 504; x_wconf 90' lang='lat' dir='ltr'><strong>nominibus</strong></span> <span class='ocrx_word' id='word_1_17' title='bbox 1880 448 1944 505; x_wconf 93' lang='lat' dir='ltr'><strong>et</strong></span> <span class='ocrx_word' id='word_1_18' title='bbox 1981 445 2211 522; x_wconf 77' lang='lat' dir='ltr'>origine</span> 
     </span>
     <span class='ocr_line' id='line_1_4' title="bbox 159 526 2213 612; baseline -0 -19"><span class='ocrx_word' id='word_1_19' title='bbox 159 527 624 612; x_wconf 85' lang='lat' dir='ltr'><strong>cognoscamus&#39;</strong></span> <span class='ocrx_word' id='word_1_20' title='bbox 676 531 716 607; x_wconf 66' lang='grc' dir='ltr'><strong>ἓ</strong></span> <span class='ocrx_word' id='word_1_21' title='bbox 759 535 840 593; x_wconf 82' lang='lat'><strong>14</strong></span> <span class='ocrx_word' id='word_1_22' title='bbox 888 533 974 592; x_wconf 88' lang='lat' dir='ltr'><strong>sic</strong></span> <span class='ocrx_word' id='word_1_23' title='bbox 1017 532 1254 608; x_wconf 86' lang='lat' dir='ltr'><strong>incipit:</strong></span> <span class='ocrx_word' id='word_1_24' title='bbox 1314 526 1546 602; x_wconf 79' lang='lat' dir='ltr'><strong>‘Quod</strong></span> <span class='ocrx_word' id='word_1_25' title='bbox 1596 533 1683 592; x_wconf 91' lang='lat' dir='ltr'><strong>ad</strong></span> <span class='ocrx_word' id='word_1_26' title='bbox 1726 533 2213 612; x_wconf 86' lang='lat' dir='ltr'><strong>magistratus</strong></span> 
     </span>
     <span class='ocr_line' id='line_1_5' title="bbox 153 616 2214 700; baseline 0 -18"><span class='ocrx_word' id='word_1_27' title='bbox 153 627 226 682; x_wconf 87' lang='lat' dir='ltr'><strong>at</strong></span> <span class='ocrx_word' id='word_1_28' title='bbox 236 616 468 682; x_wconf 80' lang='lat' dir='ltr'><strong>tinet&#39;</strong></span> <span class='ocrx_word' id='word_1_29' title='bbox 472 667 489 700; x_wconf 86' lang='lat'><strong>‚</strong></span> <span class='ocrx_word' id='word_1_30' title='bbox 561 641 715 700; x_wconf 90' lang='lat' dir='ltr'><strong>quae</strong></span> <span class='ocrx_word' id='word_1_31' title='bbox 775 623 960 682; x_wconf 85' lang='lat' dir='ltr'><strong>verba</strong></span> <span class='ocrx_word' id='word_1_32' title='bbox 1018 622 1094 681; x_wconf 86' lang='lat' dir='ltr'><strong>ad</strong></span> <span class='ocrx_word' id='word_1_33' title='bbox 1153 622 1335 680; x_wconf 87' lang='lat' dir='ltr'><strong>aliam</strong></span> <span class='ocrx_word' id='word_1_34' title='bbox 1393 640 1522 680; x_wconf 90' lang='lat' dir='ltr'><strong>rem</strong></span> <span class='ocrx_word' id='word_1_35' title='bbox 1584 622 1866 683; x_wconf 78' lang='lat' dir='ltr'><strong>videntur</strong></span> <span class='ocrx_word' id='word_1_36' title='bbox 1941 625 2214 699; x_wconf 88' lang='lat' dir='ltr'><strong>spectare</strong></span> 
     </span>
     <span class='ocr_line' id='line_1_6' title="bbox 153 711 2215 789; baseline 0 -19"><span class='ocrx_word' id='word_1_37' title='bbox 153 731 313 789; x_wconf 87' lang='lat' dir='ltr'><strong>quae</strong></span> <span class='ocrx_word' id='word_1_38' title='bbox 415 711 567 772; x_wconf 84' lang='lat' dir='ltr'><strong>olim</strong></span> <span class='ocrx_word' id='word_1_39' title='bbox 645 730 782 770; x_wconf 90' lang='lat' dir='ltr'><strong>cum</strong></span> <span class='ocrx_word' id='word_1_40' title='bbox 852 711 1310 788; x_wconf 82' lang='lat' dir='ltr'><strong>magistratibus</strong></span> <span class='ocrx_word' id='word_1_41' title='bbox 1374 711 1691 772; x_wconf 86' lang='lat' dir='ltr'><strong>coniuncta</strong></span> <span class='ocrx_word' id='word_1_42' title='bbox 1772 711 1965 788; x_wconf 91' lang='lat' dir='ltr'><strong>iisque</strong></span> <span class='ocrx_word' id='word_1_43' title='bbox 2037 729 2215 788; x_wconf 89' lang='lat' dir='ltr'><strong>prae-</strong></span> 
     </span>
     <span class='ocr_line' id='line_1_7' title="bbox 153 799 2216 876; baseline 0 -16"><span class='ocrx_word' id='word_1_44' title='bbox 153 801 350 860; x_wconf 70' lang='lat' dir='ltr'><strong>missa</strong></span> <span class='ocrx_word' id='word_1_45' title='bbox 393 801 616 860; x_wconf 87' lang='lat' dir='ltr'><strong>fuerat.</strong></span> <span class='ocrx_word' id='word_1_46' title='bbox 682 817 834 876; x_wconf 88' lang='lat' dir='ltr'><strong>quae</strong></span> <span class='ocrx_word' id='word_1_47' title='bbox 871 819 968 860; x_wconf 85' lang='lat' dir='ltr'><strong>res</strong></span> <span class='ocrx_word' id='word_1_48' title='bbox 1006 799 1202 875; x_wconf 85' lang='lat' dir='ltr'><strong>qualis</strong></span> <span class='ocrx_word' id='word_1_49' title='bbox 1239 800 1443 875; x_wconf 83' lang='lat' dir='ltr'><strong>fuerit,</strong></span> <span class='ocrx_word' id='word_1_50' title='bbox 1478 800 1726 876; x_wconf 83' lang='lat' dir='ltr'>Ulpiani</span> <span class='ocrx_word' id='word_1_51' title='bbox 1752 799 2216 860; x_wconf 74' lang='lat' dir='ltr'><strong>Institutionum</strong></span> 
     </span>
     <span class='ocr_line' id='line_1_8' title="bbox 150 883 2217 968; baseline -0 -20"><span class='ocrx_word' id='word_1_52' title='bbox 150 891 518 968; x_wconf 84' lang='lat' dir='ltr'><strong>fragmento</strong></span> <span class='ocrx_word' id='word_1_53' title='bbox 582 888 910 965; x_wconf 88' lang='lat' dir='ltr'><strong>indicatur,</strong></span> <span class='ocrx_word' id='word_1_54' title='bbox 972 889 1080 948; x_wconf 86' lang='lat' dir='ltr'><strong>ubi</strong></span> <span class='ocrx_word' id='word_1_55' title='bbox 1134 889 1281 948; x_wconf 86' lang='lat' dir='ltr'><strong>haec</strong></span> <span class='ocrx_word' id='word_1_56' title='bbox 1336 889 1625 966; x_wconf 86' lang='lat' dir='ltr'><strong>leguntur</strong></span> <span class='ocrx_word' id='word_1_57' title='bbox 1682 883 1781 968; x_wconf 87' lang='lat' dir='ltr'><strong>(D.</strong></span> <span class='ocrx_word' id='word_1_58' title='bbox 1826 893 1881 967; x_wconf 89' lang='lat'><strong>1,</strong></span> <span class='ocrx_word' id='word_1_59' title='bbox 1922 892 1979 963; x_wconf 92' lang='lat'><strong>1,</strong></span> <span class='ocrx_word' id='word_1_60' title='bbox 2021 891 2077 966; x_wconf 88' lang='lat'><strong>1,</strong></span> <span class='ocrx_word' id='word_1_61' title='bbox 2118 883 2217 968; x_wconf 80' lang='lat'><strong>2):</strong></span> 
     </span>
     <span class='ocr_line' id='line_1_9' title="bbox 152 972 2217 1055; baseline 0 -17"><span class='ocrx_word' id='word_1_62' title='bbox 152 972 396 1038; x_wconf 79' lang='lat' dir='ltr'><strong>‘Huius</strong></span> <span class='ocrx_word' id='word_1_63' title='bbox 457 977 649 1038; x_wconf 85' lang='lat' dir='ltr'><strong>studii</strong></span> <span class='ocrx_word' id='word_1_64' title='bbox 709 977 860 1036; x_wconf 83' lang='lat' dir='ltr'>duae</span> <span class='ocrx_word' id='word_1_65' title='bbox 919 981 1062 1038; x_wconf 88' lang='lat' dir='ltr'><strong>sunt</strong></span> <span class='ocrx_word' id='word_1_66' title='bbox 1112 979 1468 1054; x_wconf 80' lang='lat' dir='ltr'><strong>positiones,</strong></span> <span class='ocrx_word' id='word_1_67' title='bbox 1527 978 1833 1054; x_wconf 88' lang='lat' dir='ltr'><strong>publicum</strong></span> <span class='ocrx_word' id='word_1_68' title='bbox 1894 981 1957 1038; x_wconf 92' lang='lat' dir='ltr'><strong>et</strong></span> <span class='ocrx_word' id='word_1_69' title='bbox 2016 978 2217 1055; x_wconf 83' lang='lat' dir='ltr'><strong>priva·</strong></span> 
     </span>
     <span class='ocr_line' id='line_1_10' title="bbox 152 1066 2217 1144; baseline 0 -18"><span class='ocrx_word' id='word_1_70' title='bbox 152 1070 309 1128; x_wconf 88' lang='lat' dir='ltr'><strong>tum.</strong></span> <span class='ocrx_word' id='word_1_71' title='bbox 421 1067 738 1142; x_wconf 88' lang='lat' dir='ltr'><strong>publicum</strong></span> <span class='ocrx_word' id='word_1_72' title='bbox 797 1067 893 1126; x_wconf 87' lang='lat' dir='ltr'><strong>ius</strong></span> <span class='ocrx_word' id='word_1_73' title='bbox 957 1071 1050 1126; x_wconf 84' lang='lat' dir='ltr'><strong>est</strong></span> <span class='ocrx_word' id='word_1_74' title='bbox 1113 1066 1274 1144; x_wconf 91' lang='lat' dir='ltr'><strong>quod</strong></span> <span class='ocrx_word' id='word_1_75' title='bbox 1338 1067 1415 1126; x_wconf 87' lang='lat' dir='ltr'><strong>ad</strong></span> <span class='ocrx_word' id='word_1_76' title='bbox 1484 1069 1712 1126; x_wconf 87' lang='lat' dir='ltr'><strong>statum</strong></span> <span class='ocrx_word' id='word_1_77' title='bbox 1766 1067 1857 1126; x_wconf 87' lang='lat' dir='ltr'><strong>rei</strong></span> <span class='ocrx_word' id='word_1_78' title='bbox 1910 1067 2217 1126; x_wconf 81' lang='lat' dir='ltr'><strong>Romanae</strong></span> 
     </span>
     <span class='ocr_line' id='line_1_11' title="bbox 155 1155 2219 1233; baseline -0.001 -17"><span class='ocrx_word' id='word_1_79' title='bbox 155 1159 438 1232; x_wconf 85' lang='lat' dir='ltr'><strong>spectat,</strong></span> <span class='ocrx_word' id='word_1_80' title='bbox 487 1201 501 1216; x_wconf 95' lang='lat'><strong>.</strong></span> <span class='ocrx_word' id='word_1_81' title='bbox 533 1203 545 1216; x_wconf 93' lang='lat'><strong>.</strong></span> <span class='ocrx_word' id='word_1_82' title='bbox 578 1197 593 1214; x_wconf 93' lang='lat'><strong>.</strong></span> <span class='ocrx_word' id='word_1_83' title='bbox 638 1155 945 1231; x_wconf 88' lang='lat' dir='ltr'><strong>publicum</strong></span> <span class='ocrx_word' id='word_1_84' title='bbox 996 1155 1092 1215; x_wconf 87' lang='lat' dir='ltr'><strong>ius</strong></span> <span class='ocrx_word' id='word_1_85' title='bbox 1137 1156 1210 1214; x_wconf 90' lang='lat' dir='ltr'><strong>in</strong></span> <span class='ocrx_word' id='word_1_86' title='bbox 1259 1155 1513 1233; x_wconf 85' lang='lat' dir='ltr'><strong>sacris,</strong></span> <span class='ocrx_word' id='word_1_87' title='bbox 1560 1155 1635 1214; x_wconf 94' lang='lat' dir='ltr'><strong>in</strong></span> <span class='ocrx_word' id='word_1_88' title='bbox 1688 1156 2219 1232; x_wconf 77' lang='lat' dir='ltr'><strong>sacerdotibus,</strong></span> 
     </span>
     <span class='ocr_line' id='line_1_12' title="bbox 153 1239 2213 1323; baseline -0 -19"><span class='ocrx_word' id='word_1_89' title='bbox 153 1246 229 1304; x_wconf 93' lang='lat' dir='ltr'><strong>in</strong></span> <span class='ocrx_word' id='word_1_90' title='bbox 256 1244 843 1323; x_wconf 83' lang='lat' dir='ltr'><strong>magistratibus</strong></span> <span class='ocrx_word' id='word_1_91' title='bbox 872 1239 1265 1304; x_wconf 86' lang='lat' dir='ltr'><strong>consistit&#39;.</strong></span> <span class='ocrx_word' id='word_1_92' title='bbox 1320 1243 1613 1304; x_wconf 87' lang='lat' dir='ltr'><strong>accedunt</strong></span> <span class='ocrx_word' id='word_1_93' title='bbox 1641 1243 1936 1321; x_wconf 89' lang='lat' dir='ltr'><strong>imprimis</strong></span> <span class='ocrx_word' id='word_1_94' title='bbox 1968 1261 2213 1320; x_wconf 87' lang='lat' dir='ltr'><strong>eaquae</strong></span> 
     </span>
     <span class='ocr_line' id='line_1_13' title="bbox 155 1333 2217 1410; baseline -0 -18"><span class='ocrx_word' id='word_1_95' title='bbox 155 1335 392 1394; x_wconf 77' lang='lat' dir='ltr'><strong>Festus</strong></span> <span class='ocrx_word' id='word_1_96' title='bbox 440 1355 503 1410; x_wconf 90' lang='lat' dir='ltr'><strong>p.</strong></span> <span class='ocrx_word' id='word_1_97' title='bbox 539 1333 667 1394; x_wconf 81' lang='lat'><strong>245</strong></span> <span class='ocrx_word' id='word_1_98' title='bbox 717 1333 790 1392; x_wconf 88' lang='lat' dir='ltr'><strong>de</strong></span> <span class='ocrx_word' id='word_1_99' title='bbox 833 1333 1092 1410; x_wconf 85' lang='lat' dir='ltr'><strong>publicis</strong></span> <span class='ocrx_word' id='word_1_100' title='bbox 1137 1333 1325 1393; x_wconf 86' lang='lat' dir='ltr'><strong>sacris</strong></span> <span class='ocrx_word' id='word_1_101' title='bbox 1371 1336 1433 1392; x_wconf 88' lang='lat' dir='ltr'><strong>et</strong></span> <span class='ocrx_word' id='word_1_102' title='bbox 1478 1333 1687 1394; x_wconf 84' lang='lat' dir='ltr'><strong>Livius</strong></span> <span class='ocrx_word' id='word_1_103' title='bbox 1734 1333 1764 1393; x_wconf 85' lang='grc' dir='ltr'>Ι</span> <span class='ocrx_word' id='word_1_104' title='bbox 1814 1335 1898 1393; x_wconf 82' lang='grc'><strong>20</strong></span> <span class='ocrx_word' id='word_1_105' title='bbox 1950 1333 2023 1392; x_wconf 87' lang='lat' dir='ltr'><strong>de</strong></span> <span class='ocrx_word' id='word_1_106' title='bbox 2068 1349 2217 1409; x_wconf 91' lang='lat' dir='ltr'><strong>pon-</strong></span> 
     </span>
     <span class='ocr_line' id='line_1_14' title="bbox 156 1413 2219 1502; baseline -0.001 -20"><span class='ocrx_word' id='word_1_107' title='bbox 156 1423 405 1483; x_wconf 76' lang='lat' dir='ltr'><strong>ffifioum</strong></span> <span class='ocrx_word' id='word_1_108' title='bbox 464 1422 663 1482; x_wconf 87' lang='lat' dir='ltr'><strong>officio</strong></span> <span class='ocrx_word' id='word_1_109' title='bbox 720 1423 998 1481; x_wconf 79' lang='lat' dir='ltr'><strong>traduntz</strong></span> <span class='ocrx_word' id='word_1_110' title='bbox 1056 1415 1325 1497; x_wconf 72' lang='lat' dir='ltr'><strong>‘publica</strong></span> <span class='ocrx_word' id='word_1_111' title='bbox 1380 1413 1571 1482; x_wconf 82' lang='lat' dir='ltr'><strong>sacra&#39;</strong></span> <span class='ocrx_word' id='word_1_112' title='bbox 1632 1415 1743 1500; x_wconf 90' lang='lat' dir='ltr'><strong>(sc.</strong></span> <span class='ocrx_word' id='word_1_113' title='bbox 1790 1414 1989 1502; x_wconf 86' lang='lat' dir='ltr'><strong>sunt),</strong></span> <span class='ocrx_word' id='word_1_114' title='bbox 2038 1416 2219 1499; x_wconf 72' lang='lat' dir='ltr'><strong>‘quae</strong></span> 
     </span>
     <span class='ocr_line' id='line_1_15' title="bbox 158 1511 2217 1588; baseline 0 -18"><span class='ocrx_word' id='word_1_115' title='bbox 158 1512 416 1588; x_wconf 88' lang='lat' dir='ltr'><strong>publico</strong></span> <span class='ocrx_word' id='word_1_116' title='bbox 475 1515 724 1588; x_wconf 88' lang='lat' dir='ltr'><strong>sumptu</strong></span> <span class='ocrx_word' id='word_1_117' title='bbox 778 1531 887 1587; x_wconf 89' lang='lat' dir='ltr'><strong>pro</strong></span> <span class='ocrx_word' id='word_1_118' title='bbox 932 1513 1156 1587; x_wconf 91' lang='lat' dir='ltr'><strong>populo</strong></span> <span class='ocrx_word' id='word_1_119' title='bbox 1203 1511 1359 1570; x_wconf 90' lang='lat' dir='ltr'><strong>fiunt</strong></span> <span class='ocrx_word' id='word_1_120' title='bbox 1372 1557 1387 1586; x_wconf 90' lang='lat'><strong>‚</strong></span> <span class='ocrx_word' id='word_1_121' title='bbox 1435 1530 1707 1588; x_wconf 87' lang='lat' dir='ltr'><strong>quaeque</strong></span> <span class='ocrx_word' id='word_1_122' title='bbox 1754 1529 1861 1587; x_wconf 89' lang='lat' dir='ltr'><strong>pro</strong></span> <span class='ocrx_word' id='word_1_123' title='bbox 1909 1511 2217 1570; x_wconf 88' lang='lat' dir='ltr'><strong>montibus</strong></span> 
     </span>
     <span class='ocr_line' id='line_1_16' title="bbox 160 1599 2221 1680; baseline -0.001 -20"><span class='ocrx_word' id='word_1_124' title='bbox 160 1602 344 1680; x_wconf 84' lang='lat' dir='ltr'><strong>pagis</strong></span> <span class='ocrx_word' id='word_1_125' title='bbox 395 1600 560 1660; x_wconf 85' lang='lat' dir='ltr'><strong>curis</strong></span> <span class='ocrx_word' id='word_1_126' title='bbox 605 1600 860 1676; x_wconf 80' lang='lat' dir='ltr'><strong>sacellis;</strong></span> <span class='ocrx_word' id='word_1_127' title='bbox 911 1603 978 1660; x_wconf 85' lang='lat' dir='ltr'><strong>at</strong></span> <span class='ocrx_word' id='word_1_128' title='bbox 1021 1600 1276 1678; x_wconf 81' lang='lat' dir='ltr'><strong>privata,</strong></span> <span class='ocrx_word' id='word_1_129' title='bbox 1324 1619 1479 1678; x_wconf 87' lang='lat' dir='ltr'><strong>quae</strong></span> <span class='ocrx_word' id='word_1_130' title='bbox 1516 1618 1625 1676; x_wconf 91' lang='lat' dir='ltr'><strong>pro</strong></span> <span class='ocrx_word' id='word_1_131' title='bbox 1673 1599 1929 1676; x_wconf 84' lang='lat' dir='ltr'><strong>singulis</strong></span> <span class='ocrx_word' id='word_1_132' title='bbox 1967 1599 2221 1660; x_wconf 87' lang='lat' dir='ltr'><strong>homini-</strong></span> 
     </span>
     <span class='ocr_line' id='line_1_17' title="bbox 161 1680 2173 1766; baseline -0.001 -18"><span class='ocrx_word' id='word_1_133' title='bbox 161 1690 278 1750; x_wconf 85' lang='lat' dir='ltr'><strong>bus</strong></span> <span class='ocrx_word' id='word_1_134' title='bbox 337 1688 592 1748; x_wconf 83' lang='lat' dir='ltr'><strong>familiis</strong></span> <span class='ocrx_word' id='word_1_135' title='bbox 649 1689 932 1766; x_wconf 85' lang='lat' dir='ltr'><strong>gentibus</strong></span> <span class='ocrx_word' id='word_1_136' title='bbox 987 1682 1181 1749; x_wconf 64' lang='lat' dir='ltr'><strong>finnt?</strong></span> <span class='ocrx_word' id='word_1_137' title='bbox 1273 1680 1641 1764; x_wconf 73' lang='lat' dir='ltr'><strong>‘pontificem</strong></span> <span class='ocrx_word' id='word_1_138' title='bbox 1689 1734 1703 1748; x_wconf 90' lang='lat'><strong>.</strong></span> <span class='ocrx_word' id='word_1_139' title='bbox 1743 1734 1755 1749; x_wconf 92' lang='lat'><strong>.</strong></span> <span class='ocrx_word' id='word_1_140' title='bbox 1804 1689 2068 1748; x_wconf 80' lang='lat' dir='ltr'><strong>Numam</strong></span> <span class='ocrx_word' id='word_1_141' title='bbox 2112 1733 2125 1748; x_wconf 92' lang='lat'><strong>.</strong></span> <span class='ocrx_word' id='word_1_142' title='bbox 2160 1732 2173 1745; x_wconf 93' lang='lat'><strong>.</strong></span> 
     </span>
    </p>

    <p class='ocr_par' dir='ltr' id='par_1_3' title="bbox 165 1776 2221 2726">
     <span class='ocr_line' id='line_1_18' title="bbox 165 1776 2218 1856; baseline -0.002 -18"><span class='ocrx_word' id='word_1_143' title='bbox 165 1797 239 1838; x_wconf 90' lang='lat' dir='ltr'><strong>ex</strong></span> <span class='ocrx_word' id='word_1_144' title='bbox 274 1778 568 1854; x_wconf 86' lang='lat' dir='ltr'><strong>patribus</strong></span> <span class='ocrx_word' id='word_1_145' title='bbox 605 1778 758 1856; x_wconf 88' lang='lat' dir='ltr'><strong>legit</strong></span> <span class='ocrx_word' id='word_1_146' title='bbox 793 1777 966 1855; x_wconf 88' lang='lat' dir='ltr'><strong>eique</strong></span> <span class='ocrx_word' id='word_1_147' title='bbox 1005 1796 1172 1838; x_wconf 86' lang='lat' dir='ltr'><strong>sacra</strong></span> <span class='ocrx_word' id='word_1_148' title='bbox 1211 1778 1413 1838; x_wconf 88' lang='lat' dir='ltr'><strong>omnia</strong></span> <span class='ocrx_word' id='word_1_149' title='bbox 1450 1778 1753 1854; x_wconf 86' lang='lat' dir='ltr'><strong>exscripta</strong></span> <span class='ocrx_word' id='word_1_150' title='bbox 1785 1776 2218 1854; x_wconf 81' lang='lat' dir='ltr'><strong>exsignataque</strong></span> 
     </span>
     <span class='ocr_line' id='line_1_19' title="bbox 167 1865 2221 1943; baseline -0.001 -17"><span class='ocrx_word' id='word_1_151' title='bbox 167 1866 490 1936; x_wconf 88' lang='lat' dir='ltr'><strong>attribuit,</strong></span> <span class='ocrx_word' id='word_1_152' title='bbox 539 1867 758 1942; x_wconf 83' lang='lat' dir='ltr'><strong>quibus</strong></span> <span class='ocrx_word' id='word_1_153' title='bbox 812 1866 1054 1943; x_wconf 88' lang='lat' dir='ltr'><strong>hostiis,</strong></span> <span class='ocrx_word' id='word_1_154' title='bbox 1099 1865 1321 1943; x_wconf 83' lang='lat' dir='ltr'><strong>quibus</strong></span> <span class='ocrx_word' id='word_1_155' title='bbox 1370 1867 1607 1943; x_wconf 88' lang='lat' dir='ltr'><strong>diebus,</strong></span> <span class='ocrx_word' id='word_1_156' title='bbox 1664 1867 1741 1929; x_wconf 86' lang='lat' dir='ltr'><strong>ad</strong></span> <span class='ocrx_word' id='word_1_157' title='bbox 1788 1885 1941 1943; x_wconf 90' lang='lat' dir='ltr'><strong>quae</strong></span> <span class='ocrx_word' id='word_1_158' title='bbox 1988 1866 2221 1943; x_wconf 85' lang='lat' dir='ltr'><strong>templa</strong></span> 
     </span>
     <span class='ocr_line' id='line_1_20' title="bbox 167 1956 2219 2033; baseline -0.001 -16"><span class='ocrx_word' id='word_1_159' title='bbox 167 1974 349 2017; x_wconf 86' lang='lat' dir='ltr'><strong>sacra</strong></span> <span class='ocrx_word' id='word_1_160' title='bbox 393 1957 632 2033; x_wconf 87' lang='lat' dir='ltr'><strong>fierent,</strong></span> <span class='ocrx_word' id='word_1_161' title='bbox 688 1960 870 2033; x_wconf 86' lang='lat' dir='ltr'><strong>atque</strong></span> <span class='ocrx_word' id='word_1_162' title='bbox 915 1958 1073 2016; x_wconf 86' lang='lat' dir='ltr'><strong>unde</strong></span> <span class='ocrx_word' id='word_1_163' title='bbox 1118 1958 1183 2015; x_wconf 93' lang='lat' dir='ltr'><strong>in</strong></span> <span class='ocrx_word' id='word_1_164' title='bbox 1230 1974 1333 2016; x_wconf 90' lang='lat' dir='ltr'><strong>eos</strong></span> <span class='ocrx_word' id='word_1_165' title='bbox 1380 1960 1656 2033; x_wconf 89' lang='lat' dir='ltr'><strong>sumptus</strong></span> <span class='ocrx_word' id='word_1_166' title='bbox 1701 1956 1960 2033; x_wconf 83' lang='lat' dir='ltr'><strong>pecunia</strong></span> <span class='ocrx_word' id='word_1_167' title='bbox 2006 1974 2219 2033; x_wconf 87' lang='lat' dir='ltr'><strong>eroga·</strong></span> 
     </span>
     <span class='ocr_line' id='line_1_21' title="bbox 169 2045 2219 2123; baseline -0 -19"><span class='ocrx_word' id='word_1_168' title='bbox 169 2049 361 2105; x_wconf 83' lang='lat' dir='ltr'><strong>retur.</strong></span> <span class='ocrx_word' id='word_1_169' title='bbox 488 2048 691 2104; x_wconf 84' lang='lat' dir='ltr'><strong>cetera</strong></span> <span class='ocrx_word' id='word_1_170' title='bbox 755 2064 995 2123; x_wconf 88' lang='lat' dir='ltr'><strong>quoque</strong></span> <span class='ocrx_word' id='word_1_171' title='bbox 1059 2045 1258 2106; x_wconf 88' lang='lat' dir='ltr'><strong>omnia</strong></span> <span class='ocrx_word' id='word_1_172' title='bbox 1322 2046 1566 2121; x_wconf 87' lang='lat' dir='ltr'><strong>publica</strong></span> <span class='ocrx_word' id='word_1_173' title='bbox 1629 2045 1984 2123; x_wconf 78' lang='lat' dir='ltr'><strong>privataque</strong></span> <span class='ocrx_word' id='word_1_174' title='bbox 2049 2062 2219 2105; x_wconf 86' lang='lat' dir='ltr'><strong>sacra</strong></span> 
     </span>
     <span class='ocr_line' id='line_1_22' title="bbox 169 2133 2217 2211; baseline -0 -18"><span class='ocrx_word' id='word_1_175' title='bbox 169 2133 481 2210; x_wconf 83' lang='lat' dir='ltr'><strong>pontificis</strong></span> <span class='ocrx_word' id='word_1_176' title='bbox 539 2134 708 2194; x_wconf 84' lang='lat' dir='ltr'><strong>scitis</strong></span> <span class='ocrx_word' id='word_1_177' title='bbox 755 2134 1040 2210; x_wconf 82' lang='lat' dir='ltr'><strong>subiecit,</strong></span> <span class='ocrx_word' id='word_1_178' title='bbox 1096 2136 1168 2194; x_wconf 89' lang='lat' dir='ltr'><strong>ut</strong></span> <span class='ocrx_word' id='word_1_179' title='bbox 1215 2138 1401 2211; x_wconf 87' lang='lat' dir='ltr'><strong>esset,</strong></span> <span class='ocrx_word' id='word_1_180' title='bbox 1456 2154 1573 2211; x_wconf 90' lang='lat' dir='ltr'><strong>quo</strong></span> <span class='ocrx_word' id='word_1_181' title='bbox 1621 2134 1965 2194; x_wconf 90' lang='lat' dir='ltr'><strong>consultum</strong></span> <span class='ocrx_word' id='word_1_182' title='bbox 2010 2134 2217 2209; x_wconf 84' lang='lat' dir='ltr'><strong>plebes</strong></span> 
     </span>
     <span class='ocr_line' id='line_1_23' title="bbox 171 2222 2219 2301; baseline -0.001 -19"><span class='ocrx_word' id='word_1_183' title='bbox 171 2224 437 2299; x_wconf 78' lang='lat' dir='ltr'><strong>veniret,</strong></span> <span class='ocrx_word' id='word_1_184' title='bbox 509 2242 585 2281; x_wconf 91' lang='lat' dir='ltr'><strong>ne</strong></span> <span class='ocrx_word' id='word_1_185' title='bbox 648 2223 792 2299; x_wconf 87' lang='lat' dir='ltr'><strong>quid</strong></span> <span class='ocrx_word' id='word_1_186' title='bbox 857 2223 1046 2284; x_wconf 84' lang='lat' dir='ltr'><strong>divini</strong></span> <span class='ocrx_word' id='word_1_187' title='bbox 1108 2222 1258 2283; x_wconf 87' lang='lat' dir='ltr'><strong>iuris</strong></span> <span class='ocrx_word' id='word_1_188' title='bbox 1320 2223 1691 2301; x_wconf 84' lang='lat' dir='ltr'><strong>neglegendo</strong></span> <span class='ocrx_word' id='word_1_189' title='bbox 1755 2223 1989 2299; x_wconf 86' lang='lat' dir='ltr'><strong>patrios</strong></span> <span class='ocrx_word' id='word_1_190' title='bbox 2062 2222 2219 2282; x_wconf 85' lang='lat' dir='ltr'><strong>ritus</strong></span> 
     </span>
     <span class='ocr_line' id='line_1_24' title="bbox 172 2310 2219 2389; baseline 0 -19"><span class='ocrx_word' id='word_1_191' title='bbox 172 2312 652 2389; x_wconf 81' lang='lat' dir='ltr'><strong>peregrinosque</strong></span> <span class='ocrx_word' id='word_1_192' title='bbox 700 2311 1084 2371; x_wconf 78' lang='lat' dir='ltr'><strong>adsciscendo</strong></span> <span class='ocrx_word' id='word_1_193' title='bbox 1129 2312 1504 2389; x_wconf 82' lang='lat' dir='ltr'><strong>turbaretur3</strong></span> <span class='ocrx_word' id='word_1_194' title='bbox 1550 2332 1661 2373; x_wconf 88' lang='lat' dir='ltr'><strong>nec</strong></span> <span class='ocrx_word' id='word_1_195' title='bbox 1706 2312 1994 2372; x_wconf 86' lang='lat' dir='ltr'><strong>caelestes</strong></span> <span class='ocrx_word' id='word_1_196' title='bbox 2042 2310 2219 2371; x_wconf 90' lang='lat' dir='ltr'><strong>modo</strong></span> 
     </span>
     <span class='ocr_line' id='line_1_25' title="bbox 177 2400 2218 2479; baseline -0 -19"><span class='ocrx_word' id='word_1_197' title='bbox 177 2402 578 2461; x_wconf 87' lang='lat' dir='ltr'><strong>caerimonias</strong></span> <span class='ocrx_word' id='word_1_198' title='bbox 653 2400 758 2460; x_wconf 87' lang='lat' dir='ltr'><strong>sed</strong></span> <span class='ocrx_word' id='word_1_199' title='bbox 839 2401 1002 2459; x_wconf 85' lang='lat' dir='ltr'><strong>iusta</strong></span> <span class='ocrx_word' id='word_1_200' title='bbox 1083 2420 1321 2479; x_wconf 87' lang='lat' dir='ltr'><strong>quoque</strong></span> <span class='ocrx_word' id='word_1_201' title='bbox 1409 2401 1687 2461; x_wconf 87' lang='lat' dir='ltr'><strong>funebria</strong></span> <span class='ocrx_word' id='word_1_202' title='bbox 1773 2401 2218 2479; x_wconf 82' lang='lat' dir='ltr'><strong>placandosque</strong></span> 
     </span>
     <span class='ocr_line' id='line_1_26' title="bbox 173 2488 2217 2568; baseline -0 -20"><span class='ocrx_word' id='word_1_203' title='bbox 173 2508 382 2549; x_wconf 85' lang='lat' dir='ltr'><strong>manes</strong></span> <span class='ocrx_word' id='word_1_204' title='bbox 429 2493 501 2548; x_wconf 87' lang='lat' dir='ltr'><strong>ut</strong></span> <span class='ocrx_word' id='word_1_205' title='bbox 556 2488 716 2549; x_wconf 89' lang='lat' dir='ltr'><strong>idem</strong></span> <span class='ocrx_word' id='word_1_206' title='bbox 770 2490 1044 2566; x_wconf 81' lang='lat' dir='ltr'><strong>pontifex</strong></span> <span class='ocrx_word' id='word_1_207' title='bbox 1094 2489 1393 2565; x_wconf 88' lang='lat' dir='ltr'><strong>edoceret,</strong></span> <span class='ocrx_word' id='word_1_208' title='bbox 1450 2509 1721 2568; x_wconf 85' lang='lat' dir='ltr'><strong>quaeque</strong></span> <span class='ocrx_word' id='word_1_209' title='bbox 1776 2489 2053 2567; x_wconf 87' lang='lat' dir='ltr'><strong>prodigia</strong></span> <span class='ocrx_word' id='word_1_210' title='bbox 2095 2488 2217 2547; x_wconf 89' lang='lat' dir='ltr'><strong>ful-</strong></span> 
     </span>
     <span class='ocr_line' id='line_1_27' title="bbox 177 2578 2217 2656; baseline -0.001 -19"><span class='ocrx_word' id='word_1_211' title='bbox 177 2578 438 2638; x_wconf 87' lang='lat' dir='ltr'><strong>minibus</strong></span> <span class='ocrx_word' id='word_1_212' title='bbox 495 2578 694 2639; x_wconf 81' lang='lat' dir='ltr'><strong>aliove</strong></span> <span class='ocrx_word' id='word_1_213' title='bbox 750 2597 868 2655; x_wconf 91' lang='lat' dir='ltr'><strong>quo</strong></span> <span class='ocrx_word' id='word_1_214' title='bbox 912 2578 1050 2640; x_wconf 75' lang='lat' dir='ltr'><strong>visu</strong></span> <span class='ocrx_word' id='word_1_215' title='bbox 1094 2580 1276 2639; x_wconf 89' lang='lat' dir='ltr'><strong>missa</strong></span> <span class='ocrx_word' id='word_1_216' title='bbox 1324 2579 1771 2656; x_wconf 80' lang='lat' dir='ltr'><strong>susciperentur</strong></span> <span class='ocrx_word' id='word_1_217' title='bbox 1816 2583 2001 2655; x_wconf 84' lang='lat' dir='ltr'><strong>atque</strong></span> <span class='ocrx_word' id='word_1_218' title='bbox 2048 2595 2217 2637; x_wconf 88' lang='lat' dir='ltr'><strong>cura·</strong></span> 
     </span>
     <span class='ocr_line' id='line_1_28' title="bbox 184 2660 433 2726; baseline 0.004 -2"><span class='ocrx_word' id='word_1_219' title='bbox 184 2660 433 2726; x_wconf 71' lang='lat' dir='ltr'><strong>rentur?</strong></span> 
     </span>
    </p>

    <p class='ocr_par' dir='ltr' id='par_1_4' title="bbox 177 2752 2221 3649">
     <span class='ocr_line' id='line_1_29' title="bbox 357 2752 2219 2833; baseline -0.001 -18"><span class='ocrx_word' id='word_1_220' title='bbox 357 2756 805 2833; x_wconf 81' lang='lat' dir='ltr'><strong>Responsorum</strong></span> <span class='ocrx_word' id='word_1_221' title='bbox 841 2755 1030 2833; x_wconf 87' lang='lat' dir='ltr'><strong>igitur</strong></span> <span class='ocrx_word' id='word_1_222' title='bbox 1061 2775 1098 2815; x_wconf 82' lang='lat' dir='ltr'><strong>a</strong></span> <span class='ocrx_word' id='word_1_223' title='bbox 1123 2755 1507 2833; x_wconf 83' lang='lat' dir='ltr'><strong>pontificibus</strong></span> <span class='ocrx_word' id='word_1_224' title='bbox 1537 2754 1817 2815; x_wconf 86' lang='lat' dir='ltr'><strong>datorum</strong></span> <span class='ocrx_word' id='word_1_225' title='bbox 1849 2752 1966 2813; x_wconf 94' lang='lat' dir='ltr'><strong>duo</strong></span> <span class='ocrx_word' id='word_1_226' title='bbox 1996 2772 2219 2832; x_wconf 86' lang='lat' dir='ltr'><strong>genera</strong></span> 
     </span>
     <span class='ocr_line' id='line_1_30' title="bbox 180 2835 2215 2923; baseline 0 -20"><span class='ocrx_word' id='word_1_227' title='bbox 180 2862 314 2903; x_wconf 85' lang='lat' dir='ltr'><strong>esse</strong></span> <span class='ocrx_word' id='word_1_228' title='bbox 366 2848 650 2921; x_wconf 84' lang='lat' dir='ltr'><strong>apparet:</strong></span> <span class='ocrx_word' id='word_1_229' title='bbox 706 2864 892 2904; x_wconf 90' lang='lat' dir='ltr'><strong>unum</strong></span> <span class='ocrx_word' id='word_1_230' title='bbox 950 2864 1158 2906; x_wconf 89' lang='lat' dir='ltr'><strong>eorum</strong></span> <span class='ocrx_word' id='word_1_231' title='bbox 1204 2864 1357 2922; x_wconf 85' lang='lat' dir='ltr'><strong>quae</strong></span> <span class='ocrx_word' id='word_1_232' title='bbox 1402 2844 1686 2923; x_wconf 84' lang='lat' dir='ltr'><strong>privatis,</strong></span> <span class='ocrx_word' id='word_1_233' title='bbox 1734 2845 1993 2904; x_wconf 89' lang='lat' dir='ltr'><strong>alterum</strong></span> <span class='ocrx_word' id='word_1_234' title='bbox 2036 2835 2215 2919; x_wconf 84' lang='lat' dir='ltr'><strong>idque</strong></span> 
     </span>
     <span class='ocr_line' id='line_1_31' title="bbox 177 2932 2217 3012; baseline 0.001 -21"><span class='ocrx_word' id='word_1_235' title='bbox 177 2933 508 3009; x_wconf 82' lang='lat' dir='ltr'><strong>principale</strong></span> <span class='ocrx_word' id='word_1_236' title='bbox 565 2952 799 3011; x_wconf 87' lang='lat' dir='ltr'><strong>eorum,</strong></span> <span class='ocrx_word' id='word_1_237' title='bbox 856 2952 1010 3011; x_wconf 88' lang='lat' dir='ltr'><strong>quae</strong></span> <span class='ocrx_word' id='word_1_238' title='bbox 1054 2933 1204 3011; x_wconf 81' lang='lat' dir='ltr'><strong>regi,</strong></span> <span class='ocrx_word' id='word_1_239' title='bbox 1251 2934 1735 3012; x_wconf 78' lang='lat' dir='ltr'><strong>magistratibuS,</strong></span> <span class='ocrx_word' id='word_1_240' title='bbox 1788 2932 2027 2993; x_wconf 87' lang='lat' dir='ltr'><strong>senatui</strong></span> <span class='ocrx_word' id='word_1_241' title='bbox 2074 2933 2217 2994; x_wconf 86' lang='lat' dir='ltr'><strong>data</strong></span> 
     </span>
     <span class='ocr_line' id='line_1_32' title="bbox 179 3022 2219 3100; baseline 0 -20"><span class='ocrx_word' id='word_1_242' title='bbox 179 3025 337 3081; x_wconf 85' lang='lat' dir='ltr'><strong>sunt.</strong></span> <span class='ocrx_word' id='word_1_243' title='bbox 401 3022 721 3098; x_wconf 88' lang='lat' dir='ltr'><strong>utriusque</strong></span> <span class='ocrx_word' id='word_1_244' title='bbox 757 3023 993 3100; x_wconf 87' lang='lat' dir='ltr'><strong>generis</strong></span> <span class='ocrx_word' id='word_1_245' title='bbox 1035 3024 1307 3098; x_wconf 84' lang='lat' dir='ltr'><strong>exempla</strong></span> <span class='ocrx_word' id='word_1_246' title='bbox 1340 3024 1439 3083; x_wconf 87' lang='lat' dir='ltr'><strong>vel</strong></span> <span class='ocrx_word' id='word_1_247' title='bbox 1474 3022 1651 3083; x_wconf 85' lang='lat' dir='ltr'><strong>hodie</strong></span> <span class='ocrx_word' id='word_1_248' title='bbox 1688 3025 1915 3082; x_wconf 83' lang='lat' dir='ltr'><strong>extant.</strong></span> <span class='ocrx_word' id='word_1_249' title='bbox 1977 3040 2119 3081; x_wconf 82' lang='lat' dir='ltr'><strong>nam</strong></span> <span class='ocrx_word' id='word_1_250' title='bbox 2157 3024 2219 3081; x_wconf 92' lang='lat' dir='ltr'><strong>et</strong></span> 
     </span>
     <span class='ocr_line' id='line_1_33' title="bbox 180 3104 2215 3189; baseline 0 -20"><span class='ocrx_word' id='word_1_251' title='bbox 180 3110 264 3170; x_wconf 84' lang='lat' dir='ltr'><strong>sic</strong></span> <span class='ocrx_word' id='word_1_252' title='bbox 311 3110 608 3186; x_wconf 84' lang='lat' dir='ltr'><strong>scriptum</strong></span> <span class='ocrx_word' id='word_1_253' title='bbox 653 3111 950 3171; x_wconf 82' lang='lat' dir='ltr'><strong>videmus:</strong></span> <span class='ocrx_word' id='word_1_254' title='bbox 996 3104 1085 3170; x_wconf 71' lang='lat' dir='ltr'><strong>‘in</strong></span> <span class='ocrx_word' id='word_1_255' title='bbox 1131 3130 1204 3170; x_wconf 90' lang='lat' dir='ltr'><strong>eo</strong></span> <span class='ocrx_word' id='word_1_256' title='bbox 1250 3112 1352 3189; x_wconf 90' lang='lat' dir='ltr'><strong>qui</strong></span> <span class='ocrx_word' id='word_1_257' title='bbox 1398 3112 1465 3170; x_wconf 90' lang='lat' dir='ltr'><strong>in</strong></span> <span class='ocrx_word' id='word_1_258' title='bbox 1499 3130 1652 3172; x_wconf 85' lang='lat' dir='ltr'><strong>nave</strong></span> <span class='ocrx_word' id='word_1_259' title='bbox 1687 3113 1953 3189; x_wconf 84' lang='lat' dir='ltr'><strong>necatus,</strong></span> <span class='ocrx_word' id='word_1_260' title='bbox 2000 3110 2215 3169; x_wconf 91' lang='lat' dir='ltr'><strong>deinde</strong></span> 
     </span>
     <span class='ocr_line' id='line_1_34' title="bbox 181 3191 2219 3280; baseline 0 -23"><span class='ocrx_word' id='word_1_261' title='bbox 181 3198 242 3257; x_wconf 89' lang='lat' dir='ltr'><strong>in</strong></span> <span class='ocrx_word' id='word_1_262' title='bbox 284 3218 456 3259; x_wconf 87' lang='lat' dir='ltr'><strong>mare</strong></span> <span class='ocrx_word' id='word_1_263' title='bbox 500 3198 805 3276; x_wconf 88' lang='lat' dir='ltr'><strong>proiectus</strong></span> <span class='ocrx_word' id='word_1_264' title='bbox 851 3203 1030 3277; x_wconf 84' lang='lat' dir='ltr'><strong>esset,</strong></span> <span class='ocrx_word' id='word_1_265' title='bbox 1076 3199 1343 3261; x_wconf 84' lang='lat' dir='ltr'><strong>decrevit</strong></span> <span class='ocrx_word' id='word_1_266' title='bbox 1377 3201 1445 3261; x_wconf 91' lang='lat' dir='ltr'><strong>P.</strong></span> <span class='ocrx_word' id='word_1_267' title='bbox 1480 3192 1737 3261; x_wconf 81' lang='lat' dir='ltr'><strong>Mucius&#39;</strong></span> <span class='ocrx_word' id='word_1_268' title='bbox 1778 3192 1839 3279; x_wconf 86' lang='grc' dir='ltr'><strong>(Ι</strong></span> <span class='ocrx_word' id='word_1_269' title='bbox 1876 3219 1935 3275; x_wconf 88' lang='lat' dir='ltr'><strong>p.</strong></span> <span class='ocrx_word' id='word_1_270' title='bbox 1977 3191 2109 3280; x_wconf 85' lang='lat'><strong>33).</strong></span> <span class='ocrx_word' id='word_1_271' title='bbox 2156 3201 2219 3259; x_wconf 87' lang='lat' dir='ltr'><strong>et</strong></span> 
     </span>
     <span class='ocr_line' id='line_1_35' title="bbox 183 3282 2217 3366; baseline 0.001 -21"><span class='ocrx_word' id='word_1_272' title='bbox 183 3288 429 3347; x_wconf 86' lang='lat' dir='ltr'><strong>alterius</strong></span> <span class='ocrx_word' id='word_1_273' title='bbox 474 3289 715 3366; x_wconf 85' lang='lat' dir='ltr'><strong>generis</strong></span> <span class='ocrx_word' id='word_1_274' title='bbox 760 3290 1032 3366; x_wconf 87' lang='lat' dir='ltr'><strong>exempla</strong></span> <span class='ocrx_word' id='word_1_275' title='bbox 1067 3289 1216 3348; x_wconf 84' lang='lat' dir='ltr'><strong>hacc</strong></span> <span class='ocrx_word' id='word_1_276' title='bbox 1263 3292 1429 3349; x_wconf 76' lang='lat' dir='ltr'><strong>suntz</strong></span> <span class='ocrx_word' id='word_1_277' title='bbox 1476 3282 1565 3349; x_wconf 65' lang='lat'><strong>³1³.</strong></span> <span class='ocrx_word' id='word_1_278' title='bbox 1612 3288 1905 3348; x_wconf 84' lang='lat' dir='ltr'><strong>Scaevola</strong></span> <span class='ocrx_word' id='word_1_279' title='bbox 1948 3287 2217 3365; x_wconf 85' lang='lat' dir='ltr'><strong>pontifex</strong></span> 
     </span>
     <span class='ocr_line' id='line_1_36' title="bbox 186 3375 2216 3456; baseline 0.001 -22"><span class='ocrx_word' id='word_1_280' title='bbox 186 3376 475 3437; x_wconf 84' lang='lat' dir='ltr'><strong>maximus</strong></span> <span class='ocrx_word' id='word_1_281' title='bbox 535 3395 653 3453; x_wconf 90' lang='lat' dir='ltr'><strong>pro</strong></span> <span class='ocrx_word' id='word_1_282' title='bbox 710 3378 960 3456; x_wconf 82' lang='lat' dir='ltr'><strong>collegio</strong></span> <span class='ocrx_word' id='word_1_283' title='bbox 1026 3378 1361 3454; x_wconf 87' lang='lat' dir='ltr'><strong>respondit:</strong></span> <span class='ocrx_word' id='word_1_284' title='bbox 1427 3377 1585 3456; x_wconf 91' lang='lat' dir='ltr'><strong>quod</strong></span> <span class='ocrx_word' id='word_1_285' title='bbox 1648 3379 1713 3437; x_wconf 91' lang='lat' dir='ltr'><strong>in</strong></span> <span class='ocrx_word' id='word_1_286' title='bbox 1774 3378 1907 3437; x_wconf 85' lang='lat' dir='ltr'><strong>loco</strong></span> <span class='ocrx_word' id='word_1_287' title='bbox 1972 3375 2216 3453; x_wconf 89' lang='lat' dir='ltr'><strong>publico</strong></span> 
     </span>
     <span class='ocr_line' id='line_1_37' title="bbox 189 3463 2217 3545; baseline -0.001 -23"><span class='ocrx_word' id='word_1_288' title='bbox 189 3463 474 3545; x_wconf 84' lang='lat' dir='ltr'><strong>Licinnia,</strong></span> <span class='ocrx_word' id='word_1_289' title='bbox 525 3466 643 3525; x_wconf 84' lang='lat' dir='ltr'><strong>Gai</strong></span> <span class='ocrx_word' id='word_1_290' title='bbox 684 3466 828 3545; x_wconf 84' lang='lat' dir='ltr'><strong>filia,</strong></span> <span class='ocrx_word' id='word_1_291' title='bbox 874 3467 1111 3527; x_wconf 86' lang='lat' dir='ltr'><strong>iniussu</strong></span> <span class='ocrx_word' id='word_1_292' title='bbox 1155 3467 1366 3543; x_wconf 90' lang='lat' dir='ltr'><strong>populi</strong></span> <span class='ocrx_word' id='word_1_293' title='bbox 1412 3465 1769 3543; x_wconf 82' lang='lat' dir='ltr'><strong>dedicasset,</strong></span> <span class='ocrx_word' id='word_1_294' title='bbox 1816 3484 2050 3525; x_wconf 88' lang='lat' dir='ltr'><strong>sacrum</strong></span> <span class='ocrx_word' id='word_1_295' title='bbox 2094 3481 2217 3521; x_wconf 92' lang='lat' dir='ltr'><strong>non</strong></span> 
     </span>
     <span class='ocr_line' id='line_1_38' title="bbox 193 3548 2221 3649; baseline -0.003 -35"><span class='ocrx_word' id='word_1_296' title='bbox 193 3548 463 3649; x_wconf 65' lang='lat' dir='ltr'><strong>viderier*</strong></span> <span class='ocrx_word' id='word_1_297' title='bbox 515 3550 574 3634; x_wconf 92' lang='lat' dir='ltr'><strong>(I</strong></span> <span class='ocrx_word' id='word_1_298' title='bbox 624 3575 682 3632; x_wconf 89' lang='lat' dir='ltr'><strong>p.</strong></span> <span class='ocrx_word' id='word_1_299' title='bbox 723 3548 855 3637; x_wconf 85' lang='lat'>33),</span> <span class='ocrx_word' id='word_1_300' title='bbox 903 3559 965 3616; x_wconf 92' lang='lat' dir='ltr'><strong>et</strong></span> <span class='ocrx_word' id='word_1_301' title='bbox 1007 3560 1346 3632; x_wconf 88' lang='lat' dir='ltr'><strong>praetorem</strong></span> <span class='ocrx_word' id='word_1_302' title='bbox 1394 3556 1498 3631; x_wconf 90' lang='lat' dir='ltr'><strong>qui</strong></span> <span class='ocrx_word' id='word_1_303' title='bbox 1541 3554 1753 3613; x_wconf 86' lang='lat' dir='ltr'><strong>diebus</strong></span> <span class='ocrx_word' id='word_1_304' title='bbox 1800 3552 2051 3611; x_wconf 86' lang='lat' dir='ltr'><strong>nefastis</strong></span> <span class='ocrx_word' id='word_1_305' title='bbox 2095 3549 2221 3608; x_wconf 83' lang='lat' dir='ltr'><strong>tria</strong></span> 
     </span>
    </p>

    <p class='ocr_par' dir='ltr' id='par_1_5' title="bbox 1700 3648 1785 3703">
     <span class='ocr_line' id='line_1_39' title="bbox 1700 3648 1785 3703; baseline 0 -20"><span class='ocrx_word' id='word_1_306' title='bbox 1700 3648 1785 3703; x_wconf 78' lang='lat' dir='ltr'><strong>b*</strong></span> 
     </span>
    </p>
   </div>
  </div>
 </body>
</html>
