2575 3900
305 165 437 228 530
1043 163 1564 218 ADDITAMENTA
1577 207 1587 218 .

1032 325 1389 393 Dedicatum
1433 329 1602 392 solvi.

488 444 590 508 58.
650 442 729 507 D.
783 443 891 528 46,
947 444 1004 526 7,
1066 445 1123 508 7.
1180 441 1382 508 Gaius
1444 443 1612 508 libro
1658 444 2006 510 vicensimo
2053 447 2335 528 septimo

308 532 389 596 ad
438 531 718 596 edictum
762 532 1175 614 provinciale.
1222 568 1308 578 —
1347 583 1360 596 .
1391 583 1404 596 .
1435 581 1450 596 .
1489 531 1780 597 Iulianus
1825 555 1956 598 non
1998 539 2188 618 putat
2226 586 2239 598 .
2270 585 2284 599 .
2319 585 2334 600 .

307 643 459 686 nam
497 669 512 684 .
542 670 557 685 .
584 669 603 686 .
658 641 1038 704 responsum
1094 642 1251 704 esse,
1307 621 1362 685 si
1410 621 1553 704 quis
1602 621 1934 687 absentem
1981 623 2335 688 defendens

308 709 470 774 satis
525 708 797 791 dederit,
862 708 1118 786 deinde,
1181 709 1281 774 vel
1340 707 1654 793 coynitor1
1711 710 1794 774 ab
1850 733 1925 776 eo
1983 712 2171 776 datus
2227 711 2338 776 vel

306 802 655 882 postquam
682 797 870 862 heres
902 798 960 861 ei
991 799 1221 877 extitit,
1257 798 1565 863 iudicium
1595 800 1928 883 acceperit,
1955 799 2335 884 sponsores²

309 908 439 952 non
487 886 708 952 teneri.

484 980 574 1040 De
628 997 808 1040 cursu
852 979 1091 1056 publico
1150 999 1481 1040 sermonem
1537 999 1665 1041 esse
1712 983 2041 1042 Mommsen
2091 982 2334 1044 conicit.

965 1132 1200 1198 Ratam
1243 1155 1373 1198 rem
1417 1135 1673 1201 haberi?

485 1249 589 1314 59.
646 1247 797 1312 Vat.
841 1247 917 1312 fr.
957 1249 1101 1315 333.
1166 1247 1670 1341 (Papinianus⁴?)
1726 1252 1891 1316 libro
1928 1251 2050 1317 XV
2092 1249 2335 1338 (XII‘?)

314 1337 818 1421 Responsorum.
886 1373 969 1382 -
1032 1335 1345 1402 Abs'entis
1407 1344 1889 1420 procuratorem
1954 1341 2112 1407 satis
2179 1341 2333 1406 dare

314 1425 543 1491 debere
589 1425 665 1488 de
712 1430 855 1490 rato
900 1423 1191 1491 habendo
1239 1477 1253 1491 .
1280 1477 1296 1490 .
1329 1478 1342 1491 .
1391 1450 1766 1511 responsum
1817 1434 1930 1494 est.

829 1662 889 1731 2.
955 1659 1313 1755 Reliquae
1370 1662 1814 1750 sententiae,

705 1797 895 1870 quae
950 1798 1102 1849 non
1156 1799 1515 1869 responsa
1570 1777 1940 1851 dicuntur.

904 1954 959 1996 a.
1005 1932 1119 1997 Ad
1165 1933 1282 1997 ius
1330 1932 1736 2017 publicum.

425 2056 523 2122 De
568 2057 832 2121 tribunis
866 2056 1088 2139 plebis,
1134 2057 1458 2135 aedilibu&
1507 2058 1812 2123 iudicibus
1856 2059 2220 2125 decemviris,

495 2174 547 2237 1.
597 2172 730 2235 Liv.
760 2172 820 2252 3,
848 2172 951 2236 55.
1000 2210 1083 2217 —
1132 2222 1146 2236 .
1177 2223 1189 2237 .
1223 2223 1237 2237 .
1274 2195 1418 2238 cum
1465 2174 1777 2258 religione
1823 2174 2172 2239 inviolatos
2220 2196 2332 2240 eos

311 2263 425 2345 (sc.
481 2258 806 2345 tribunos)
865 2266 1004 2324 tum
1059 2262 1201 2345 lege
1248 2263 1444 2325 etiam
1489 2261 1785 2327 fecerunt
1833 2264 2206 2345 sanciendO,
2255 2266 2329 2327 ut

313 2350 423 2434 qui
505 2349 780 2413 tribunis
871 2350 1079 2432 plebis
1156 2350 1470 2415 aedilibus
1554 2351 1871 2415 iudicibus
1948 2352 2330 2417 decemviris·

311 2438 711 2521 nocuissent,
766 2438 901 2501 eius
959 2442 1153 2521 caput
1207 2438 1348 2504 Iovi
1405 2461 1656 2504 sacrum
1704 2445 1900 2521 esset,
1947 2440 2200 2505 familia
2247 2440 2331 2503 ad

312 2527 534 2590 aedem
599 2524 846 2591 Cereris
910 2525 1129 2590 Liberi
1196 2527 1593 2614 Liberaeque
1663 2551 1893 2592 venum
1966 2530 2110 2592 iret.
2209 2528 2331 2593 hac

310 2616 452 2701 lege
500 2615 656 2680 iuris
704 2616 1087 2717 interpretes
1140 2620 1386 2701 negant
1425 2638 1809 2700 quemquam
1849 2622 2331 2682 sacrosanctum

313 2727 480 2788 esse,
542 2704 651 2767 sed
712 2726 856 2769 cum
919 2704 1061 2787 quis
1124 2726 1344 2769 eorum
1406 2706 1508 2770 cui
1567 2707 1885 2789 nocuerit,
1949 2705 2014 2769 id
2077 2727 2332 2770 sacrum

313 2794 566 2859 sanciri.
666 2794 880 2877 itaque
942 2792 1213 2857 aedilem
1277 2793 1504 2877 prendi
1561 2794 1828 2879 ducique
1887 2817 1924 2858 a
1980 2794 2330 2859 maioribus

312 2881 826 2966 magistratibu8‚
873 2881 1040 2965 quod
1089 2883 1209 2945 etsi
1255 2904 1386 2946 non
1430 2882 1570 2946 iure
1615 2883 1732 2947 fiat
1769 2920 1851 2931 —-
1893 2884 2112 2947 noceri
2159 2884 2331 2947 enim

314 2972 391 3051 ei,
438 2971 540 3034 cui
580 2970 703 3034 hac
740 2970 881 3053 lege
919 2991 1049 3034 non
1087 2970 1279 3035 liceat
1321 3007 1396 3017 —
1439 2975 1656 3035 tamen
1695 2974 2146 3056 argumentum
2185 2992 2326 3035 esse

312 3080 448 3123 non
518 3058 747 3123 haberi
817 3080 931 3142 pro
998 3080 1179 3123 sacro
1246 3063 1598 3143 sanctoque
1664 3061 1966 3125 aedilem:
2030 3060 2328 3124 tribunos

313 3153 527 3210 vetere
582 3148 719 3211 iure
772 3147 1043 3211 iurando
1090 3148 1328 3230 plebis,
1384 3171 1527 3213 cum
1584 3150 1863 3233 primum
1913 3171 2052 3213 eam
2111 3151 2329 3232 potes-

312 3240 515 3299 tatem
589 3236 858 3315 creavit‚
931 3243 1371 3302 sacrosanctos
1443 3258 1600 3302 esse.
1715 3237 1892 3301 fuere
1957 3237 2066 3321 qui
2133 3238 2327 3301 inter·

312 3328 745 3406 metarentur,
800 3324 1019 3387 eadem
1074 3327 1195 3390 hac
1240 3326 1519 3391 Horatia
1568 3327 1708 3411 lege
1755 3326 2124 3391 consulibus
2171 3348 2324 3409 quo-

458 3470 485 3517 1
529 3463 677 3517 Trib.
716 3466 1055 3531 procurator.

456 3540 487 3587 2
532 3534 679 3587 Trib.
719 3532 1085 3589 fideiussore&
