2575 3900
841 161 890 209 6.
937 151 1352 209 IAVOLENUS
1390 151 1683 209 PRISCUS
2138 154 2267 219 461

247 339 386 382 cum
437 339 504 382 eo
557 317 837 400 venierit,
891 322 1123 395 tamen,
1177 317 1235 381 si
1286 317 1563 382 venditor
1614 316 1751 382 dolo
1798 321 1989 392 caret,
2039 318 2276 398 prioris

247 407 534 488 emptoris
586 426 777 471 causa
829 406 1108 470 absoluta
1161 410 1278 482 est‚·
1334 407 1406 470 id
1454 406 1619 470 enim
1668 407 1867 471 solum
1911 408 2275 471 intuendum

247 501 360 579 est,
404 517 492 560 an
534 494 805 578 [priori]
850 495 1150 559 venditori
1194 494 1353 558 bona
1394 495 1516 577 fide
1556 494 1726 575 facta
1769 498 1855 559 sit
1896 497 2164 560 adiectio

427 585 485 648 9.
525 584 603 648 D.
628 583 864 662 41,4‚4
882 604 976 668 pr.
1041 582 1385 647 Iavolenus
1412 583 1579 647 libro
1601 583 1878 648 seeundo
1901 605 1979 648 ex
2000 583 2274 650 Plautio.

251 710 334 719 —
382 673 647 755 Emptor
691 673 880 754 fundi
910 676 1158 755 partem
1202 673 1333 736 eius
1376 673 1647 737 alienam
1692 693 1815 738 esse
1856 693 1983 737 non
2026 675 2277 755 ignora-

247 767 432 826 verat.
530 781 885 844 responsum
938 766 1025 826 est
1075 760 1236 826 nihil
1281 781 1419 825 eum
1462 781 1537 826 ex
1581 782 1647 825 eo
1688 761 1887 841 fundo
1932 761 2087 825 usul
2131 783 2275 844 cap-

250 856 475 916 turum.
574 852 738 932 quod
797 851 889 914 ita
950 870 1163 914 verum
1225 870 1352 914 esse
1404 851 1710 933 existimo,
1773 851 1856 927 si,
1918 871 2074 932 quae
2114 871 2276 932 pars

248 940 460 1005 aliena
513 945 662 1004 esset
712 939 784 1003 in
836 959 902 1004 eo
957 940 1156 1021 fundo
1166 989 1183 1021 ,
1246 943 1479 1020 emptor
1532 940 1953 1021 iynoraverat;
2007 941 2169 1020 quod
2217 941 2277 1005 si

248 1034 478 1093 certum
524 1029 722 1093 locum
764 1048 888 1092 esse
931 1029 1134 1111 sciret,
1177 1029 1449 1110 reliquas
1482 1034 1698 1109 partes
1736 1051 1856 1092 usu
1874 1027 1893 1062 ¹
1930 1029 2071 1110 capi
2097 1049 2276 1110 posse
2311 1019 2327 1038 ”

248 1139 376 1182 non
419 1118 643 1182 dubito.
1662 1147 1667 1152 ·

435 1207 531 1270 10.
587 1206 748 1270 lbid.
785 1208 825 1285 ἓ
860 1207 914 1270 1.
968 1239 1044 1252 -
1092 1204 1268 1270 Idem
1320 1205 1481 1269 iuris
1525 1209 1638 1290 est,
1691 1207 1750 1269 si
1794 1205 1875 1289 is,
1928 1207 2039 1287 qui
2084 1210 2276 1270 totum

245 1296 518 1377 fundum
579 1295 834 1379 emebat,
887 1315 1006 1376 pro
1065 1295 1332 1359 indiviso
1372 1299 1621 1376 partem
1674 1294 1953 1375 aliquam
2006 1294 2276 1359 alienam

248 1405 373 1449 esse
435 1385 576 1461 scit;
650 1404 787 1448 eam
848 1384 1012 1447 enim
1075 1384 1404 1448 dumtaxat
1461 1404 1588 1447 non
1650 1385 1870 1467 capiet,
1939 1389 2276 1448 ceterarum

244 1474 530 1556 partium
573 1493 700 1536 non
743 1472 1106 1552 impedietur
1148 1469 1305 1534 usu²
1351 1473 1553 1553 capio.-

433 1562 532 1626 11.
573 1561 646 1625 D.
676 1562 771 1641 12,
793 1561 851 1643 6,
870 1561 975 1624 45.
1039 1559 1382 1624 Iavolenus
1413 1562 1576 1624 libro
1600 1560 1878 1624 secundo
1900 1581 1975 1623 ex
1995 1559 2273 1626 Plautio.

249 1686 340 1697 —
384 1650 460 1716 Si
504 1651 577 1731 is,
620 1651 728 1732 qui
762 1649 1152 1713 hereditatem
1187 1650 1457 1714 vendidit
1490 1654 1547 1712 et
1578 1650 1836 1730 emptori
1872 1651 2145 1733 tradidit,
2190 1651 2274 1732 id,

252 1740 432 1822 quod.
453 1739 574 1803 sibi
617 1743 894 1802 ‚nortuus
927 1738 1227 1820 debuerat,
1271 1758 1399 1802 non
1432 1739 1705 1820 retinuit,
1750 1743 2011 1820 repetere
2032 1741 2275 1822 poterit,

252 1830 401 1910 quia
427 1828 576 1910 plus
611 1828 804 1892 debito
837 1827 1105 1891 solutum
1129 1847 1247 1909 per
1282 1828 1719 1892 condictionem
1751 1832 1906 1892 recte
1932 1829 2273 1910 recipietur.

431 1950 504 2009 cf.
550 1948 793 2009 Pernice
838 1946 956 2021 III,
1001 1951 1120 2009 251
1171 1968 1227 2008 n.
1262 1951 1317 2009 2.

436 2062 534 2125 12.
585 2060 659 2125 D.
683 2061 783 2142 18,
810 2060 873 2143 4,
896 2061 956 2125 8.
1017 2057 1355 2124 Iavolenus
1383 2061 1550 2124 libro
1582 2060 1859 2125 secundo
1889 2082 1967 2125 ex
1993 2060 2272 2124 Plautio.

255 2186 339 2194 —
415 2148 594 2228 Quod
663 2151 721 2213 si
781 2149 961 2212 nulla
1023 2148 1323 2213 hereditas
1385 2151 1471 2213 ad
1529 2150 1899 2214 venditorem
1949 2150 2276 2232 pertinuit,

251 2244 555 2320 quantum
591 2240 846 2321 emptori
869 2241 1191 2318 praestare
1226 2234 1488 2317 debeat³,
1526 2240 1617 2301 ita
1645 2239 1945 2320 distinqui
1971 2238 2274 2321 oportebit,

253 2333 348 2403 ut,
409 2328 466 2390 si
527 2331 614 2390 est
665 2328 908 2407 quidem
962 2326 1178 2407 aliqua
1230 2325 1556 2409 hereditas,
1620 2328 1727 2391 sed
1776 2328 1862 2390 ad
1911 2328 2277 2392 venditorem

253 2436 381 2479 non
415 2416 697 2495 pertinet,
743 2415 882 2494 ipsa
925 2416 1289 2491 aestimetur,
1334 2414 1392 2478 si
1434 2415 1612 2478 nulla
1656 2420 1760 2497 est,
1804 2416 1877 2479 de
1911 2436 2036 2496 qua
2071 2420 2278 2480 actum

256 2503 570 2583 videatur,
591 2503 867 2583 pretium
921 2503 1248 2566 dumtaxat
1299 2506 1355 2565 et
1402 2504 1459 2566 si
1500 2504 1653 2583 quid
1692 2503 1765 2567 in
1808 2524 1943 2567 eam
1987 2524 2117 2568 rem
2163 2506 2277 2568 im·

249 2611 511 2674 pensum
555 2596 644 2654 est
686 2595 917 2671 emptor
961 2610 1004 2653 a
1047 2590 1351 2653 venditore
1394 2596 1806 2671 consequatur.

442 2680 542 2744 13.
596 2677 674 2742 D.
713 2679 810 2763 18,
837 2679 897 2762 4,
930 2679 1029 2743 10.
1118 2675 1462 2742 Iavolenus
1518 2680 1683 2743 libro
1741 2679 1949 2763 primo
1998 2680 2275 2745 secundo

254 2791 336 2833 ex
373 2768 649 2832 Plautio.
680 2803 760 2813 —
804 2766 982 2847 Quod
1014 2767 1072 2831 si
1106 2767 1176 2831 in
1210 2768 1552 2832 venditione
1584 2767 1936 2833 hereditatis
1970 2769 2040 2833 id
2070 2774 2276 2833 actum

250 2864 359 2941 est,
403 2859 462 2922 si
504 2858 657 2939 quid
697 2858 859 2920 iuris
903 2860 1052 2921 esset
1093 2856 1438 2939 venditoris,
1481 2857 1684 2922 venire
1724 2877 1833 2922 nec
1866 2862 2079 2939 postea
2114 2859 2275 2941 quic-

257 2968 443 3029 quam
483 2948 785 3029 praestitu
819 2946 920 3010 iri.
984 2946 1264 3027 quamvis
1300 2946 1387 3011 ad
1417 2948 1783 3011 venditorem
1816 2946 2117 3013 hereditas
2151 2968 2277 3012 non

241 3037 643 3119 pertinuerit,
695 3034 858 3100 nihil
914 3040 1119 3098 tamen
1161 3055 1228 3098 eo
1272 3034 1603 3118 <nomine>
1638 3036 2073 3119 praestabitur,
2126 3037 2276 3119 quia

257 3126 328 3190 id
367 3130 573 3190 actum
616 3144 738 3189 esse
781 3123 1179 3204 manifestum
1222 3130 1335 3205 est,
1389 3130 1461 3188 ut
1501 3125 2007 3206 quemadmodum
2050 3126 2275 3190 emolu-

258 3218 529 3279 mentum
589 3214 1046 3297 neyotiationis,
1107 3213 1197 3277 ita
1231 3214 1577 3294 periculum
1632 3216 1720 3280 ad
1768 3220 2091 3298 emptorem
2137 3235 2274 3295 pcr-

252 3306 489 3368 tineret.

405 3463 437 3581 ²13
476 3456 642 3582 {gv-bd
663 3456 834 3583 Igngta
868 3457 1237 3528 possessione.
1384 3464 1415 3512 2
1459 3460 1616 3517 Trib.
1648 3459 1825 3529 longa.
1860 3458 2226 3531 possessione.

559 3568 570 3581 .
645 3545 674 3583 e
716 3545 773 3583 m
802 3569 814 3584 .
