2575 3900
1011 209 1061 259 4.
1098 180 1460 259 PLAUTIUS
2112 204 2240 270 231

1013 384 1115 451 De
1157 386 1452 451 societate.

396 492 526 558 29?
574 491 651 559 D.
687 493 786 575 10,
815 493 877 576 3,
908 492 1008 576 14,
1038 493 1098 558 3.
1179 491 1423 557 Paulus
1468 492 1636 558 libro
1683 492 1878 559 tertio
1926 492 2007 558 ad
2051 491 2241 557 Plau·

212 582 381 647 tium
448 579 546 669 (P.
590 578 814 669 1087).
872 618 961 628 —
1025 579 1096 646 Si
1159 582 1331 647 inter
1394 582 1603 647 socios
1663 580 2096 666 convenisset,
2163 603 2242 645 ne

212 671 391 736 intra
445 675 693 735 certum
748 676 1005 754 tempus
1061 670 1336 735 societas
1401 670 1812 757 divideretur,
1877 670 2034 755 quin
2088 692 2242 736 ven-

213 760 365 824 dere
420 759 616 824 liceat
658 759 745 843 ei,
802 760 910 844 qui
965 759 1085 824 tali
1140 759 1562 825 conventione
1617 762 1899 845 tenetur,
1950 782 2082 825 non
2142 764 2241 824 est

213 848 510 934 dubium3
585 869 781 934 quare
855 851 1112 932 emptor
1182 869 1436 933 quoque
1498 848 1826 914 communi
1891 847 2239 914 dividundo

212 938 465 1024 agendo
522 938 744 1002 eadem
798 937 1171 1020 exceptione
1227 937 1762 1021 summovebitur,
1825 960 1954 1023 qua
2015 942 2242 1003 auctor

211 1028 350 1091 eius
399 1030 929 1092 summoveretur.

392 1137 701 1197 Plautium
726 1137 919 1213 igitur
938 1135 1146 1196 Sabini
1173 1135 1532 1196 sententiam
1561 1136 1636 1196 ab
1665 1134 1924 1213 Ulpiano
1957 1137 2238 1198 reiectam

206 1219 442 1375 (giigg
465 1228 521 1301 2,
544 1229 644 1303 16,
668 1230 701 1286 1
726 1225 881 1305 v.11,
905 1229 938 1285 1
962 1245 1019 1302 p.
1040 1218 1200 1306 496)
1232 1225 1426 1286 videri
1457 1225 1723 1285 tenuisse
1752 1225 2000 1286 Pernice
2028 1227 2077 1303 Ι,
2108 1228 2238 1288 484

942 1415 1042 1481 De
1084 1416 1222 1480 iure
1264 1416 1516 1481 dotium.

390 1522 519 1588 3οῬ
576 1523 655 1587 D.
689 1524 789 1606 12,
815 1522 878 1605 4,
906 1521 967 1603 9,
1002 1524 1056 1586 1.
1146 1520 1390 1585 Paulus
1443 1521 1612 1585 libro
1661 1523 1937 1606 septimo
1986 1521 2234 1589 decimo

211 1611 295 1678 ad
326 1612 657 1676 Plautium
694 1610 791 1697 (P.
828 1606 1045 1698 1237).
1082 1646 1171 1657 —
1209 1608 1279 1673 Si
1317 1610 1461 1694 quis
1497 1610 1857 1675 indebitam
1892 1611 2236 1695 pecuniam

207 1723 325 1785 per
389 1722 669 1765 errorem
733 1701 913 1765 iussu
973 1698 1262 1763 mulieris
1329 1719 1568 1783 sponso
1635 1697 1774 1765 eius
1827 1698 2238 1783 promisisset

206 1788 582 1877 (dixisset‘P)
629 1792 695 1854 et
738 1789 1003 1873 nuptiae
1050 1792 1309 1853 secutae
1347 1787 1642 1873 fuissent,
1690 1789 2062 1872 exceptione
2101 1788 2237 1855 doli

206 1881 367 1944 mali
431 1879 530 1943 uti
582 1900 715 1943 non
777 1880 1017 1962 potest3
1086 1877 1363 1941 maritus
1429 1877 1600 1942 enim
1657 1898 1846 1942 suum
1900 1879 2233 1964 negotium

210 1969 387 2055 gerit
440 1973 507 2032 et
549 1967 715 2033 nihil
760 1968 908 2032 dolo
955 1967 1115 2032 facit
1150 2017 1165 2032 .
1195 2014 1211 2031 .
1240 2018 1253 2032 .
1296 1965 1408 2031 sed
1455 1965 1513 2030 si
1558 1967 1772 2032 soluto
1818 1967 2231 2034 matrimonio

205 2059 481 2123 maritus
527 2059 803 2141 peteret,
858 2056 929 2120 in
975 2077 1051 2122 eo
1098 2054 1435 2122 dumtaxat
1481 2055 1925 2140 exceptionem
1971 2057 2233 2123 obstare

206 2146 469 2227 debere,
514 2146 685 2230 quod
732 2143 963 2210 mulier
1007 2146 1346 2228 receptura
1392 2149 1582 2210 esset.

388 2235 492 2301 31.
539 2233 617 2299 D.
647 2235 752 2315 23,
779 2234 840 2316 3,
868 2232 975 2315 56,
1003 2235 1062 2300 3.
1140 2231 1324 2298 Idem
1371 2235 1484 2314 (sc.
1522 2229 1792 2320 Paulus)
1835 2233 2005 2298 libro
2049 2238 2230 2300 sexto

207 2323 289 2388 ad
343 2322 672 2388 Plautium
726 2320 825 2410 (P.
867 2319 1088 2407 1128).
1143 2358 1229 2369 -
1287 2319 1359 2386 Si
1421 2321 1694 2405 pecunia
1751 2326 1817 2386 et
1868 2321 2106 2388 fundus
2161 2323 2231 2386 in

206 2411 361 2477 dote
423 2413 559 2476 sint
611 2416 677 2476 et
729 2410 1129 2476 necessariae
1182 2411 1512 2494 impensae
1565 2410 1634 2475 in
1686 2409 1956 2475 fundum
2002 2412 2230 2494 factae,

205 2499 429 2566 Nerva
474 2502 568 2564 ait
613 2500 831 2565 dotem
873 2499 1313 2584 pecuniariam
1358 2499 1578 2563 minui.

386 2589 489 2654 32.
547 2588 624 2653 D.
652 2589 758 2668 50,
790 2588 891 2670 16,
921 2588 1021 2653 79.
1113 2586 1294 2651 Idem
1349 2585 1465 2672 (sc.
1509 2584 1778 2672 Paulus)
1830 2587 1999 2652 libro
2046 2593 2227 2655 sexto

204 2679 289 2742 ad
335 2678 663 2743 Plautium
718 2674 817 2764 (P.
850 2672 1071 2763 1127).
1108 2713 1191 2723 -
1230 2674 1444 2740 Utiles
1499 2676 1828 2760 impensas
1885 2697 2024 2741 esse
2078 2676 2228 2741 Ful-

205 2766 417 2832 cinius
457 2768 567 2850 ait,
602 2788 768 2852 quae
805 2767 1139 2831 meliorem
1178 2764 1397 2830 dotem
1424 2763 1688 2843 faciant,
1723 2786 1856 2830 non
1883 2763 2227 2848 (tantum)

202 2855 591 2920 deteriorem
638 2876 775 2920 esse
822 2877 951 2920 non
998 2854 1232 2938 sinant,
1278 2875 1356 2918 ex
1404 2853 1638 2938 quibus
1683 2854 1926 2919 reditus
1973 2854 2228 2919 mulieri

204 2944 612 3030 adquiratur,
676 2944 863 3010 sicuti
930 2944 1180 3008 arbusti
1234 2943 1744 3026 pastinationem
1803 2943 1976 3008 ultra
2033 2965 2226 3028 quam
2347 2949 2354 2956 '

200 3054 467 3098 necesse
530 3033 768 3117 fuerat,
833 3033 988 3097 item
1054 3033 1412 3097 doctrinam
1475 3053 1842 3116 puerorum.
1950 3055 2224 3118 quorum

199 3119 467 3186 nomine
514 3123 768 3187 onerari
813 3122 1148 3186 mulierem
1195 3122 1607 3207 ignorantem
1649 3122 1750 3186 vel
1786 3122 2057 3186 invitam
2092 3144 2223 3187 non

202 3213 489 3295 oportet,
543 3231 625 3275 ne
682 3214 954 3294 cogatur
1007 3210 1207 3275 fundo
1266 3215 1384 3275 aut
1436 3210 1774 3295 mancipiis
1831 3232 2064 3276 carere.
2155 3212 2223 3275 in

197 3299 303 3364 his
360 3299 672 3383 impensis
728 3303 794 3363 et
844 3300 1193 3384 pistrinum
1249 3303 1316 3364 et
1367 3299 1669 3365 horreum
1723 3300 1976 3365 insulae
2023 3300 2223 3365 dotali

199 3389 527 3453 adiectum
572 3387 943 3471 plerumque
988 3388 1292 3454 dicemus.

382 3477 487 3542 33.
524 3475 601 3542 D.
619 3477 725 3562 24,
743 3476 920 3560 1,28,
940 3477 999 3543 3.
1044 3476 1281 3542 Paulus
1301 3477 1471 3541 libro
1503 3477 1779 3560 septimo
1809 3477 1890 3540 ad
1910 3474 2222 3543 Sabinum

201 3563 299 3650 (P.
334 3561 554 3652 1752).
605 3602 680 3613 —-
734 3565 803 3668 Si
849 3588 925 3631 ex
971 3567 1189 3632 decem
1235 3565 1492 3631 donatis
1541 3565 1664 3630 sibi
1700 3565 1930 3629 mulier
1967 3587 2220 3630 servum
