2575 3900
376 175 508 239 276
581 173 648 229 V.
684 171 985 226 NERVAE
1021 171 1118 225 ΕΤ
1156 169 1460 224 TRAIANI
1496 169 1710 225 TEMP.
1745 169 1938 224 IURIS
1974 168 2334 225 CONSULTI

548 341 816 400 Iulianus
842 341 1025 400 verbo
1054 332 1335 399 ‘constat'
1365 337 1705 413 saepissime
1733 355 1878 396 usus
1910 340 2020 396 est.
2065 338 2137 396 cf.
2157 338 2221 398 P.
2243 340 2325 398 27
2337 341 2394 398 5.

376 433 519 491 282.
552 431 698 491 355.
730 431 874 490 397.
905 430 1053 489 465.
1083 429 1230 487 478.
1261 429 1408 486 492.
1440 428 1586 485 551.

1101 605 1195 663 De
1239 604 1423 677 fundo
1469 604 1666 677 levato,

556 725 641 790 3?
697 722 774 789 D.
805 723 908 805 35,
939 724 999 804 1,
1025 722 1129 787 30.
1220 721 1399 787 Idem
1454 719 1569 807 (sc.
1595 719 1917 807 Iulianus)
1969 721 2137 786 libro
2183 721 2397 804 primo

379 835 457 878 ex
493 810 761 877 Minicio
799 809 899 897 (P.
920 808 1099 896 848).
1136 847 1224 857 —
1260 808 1331 874 Si
1370 811 1716 895 separatim
1751 809 1913 874 mihi
1948 813 2125 874 totus
2163 810 2398 875 fundus

378 923 558 986 pure,
603 901 727 966 tibi
775 900 896 965 sub
942 899 1316 964 condicione
1361 897 1522 982 <per
1566 897 2102 982 vindicationem>
2141 899 2398 983 legatus

377 989 579 1054 fuerit
644 992 709 1053 et
770 991 847 1053 tu
903 988 1274 1069 decesseriS,
1341 990 1688 1071 antequam
1745 987 2034 1052 condicio
2092 987 2402 1070 extiterit,

378 1101 499 1144 non
535 1083 770 1143 habebo
806 1082 1225 1142 necessitatem
1262 1081 1515 1157 implere
1552 1080 1967 1157 condicionem,
2003 1083 2215 1156 utpote
2245 1100 2402 1159 cum,

381 1172 617 1232 etiamsi
672 1170 938 1231 condicio
989 1170 1301 1246 defecerit,
1365 1188 1505 1246 pars
1552 1189 1733 1247 quam
1791 1169 2202 1230 vindicaturus
2249 1189 2400 1244 eras,

379 1260 529 1320 mihi
574 1261 896 1320 adcrescat.

1115 1365 1209 1424 De
1252 1382 1417 1424 servo
1463 1365 1658 1438 leyato.

561 1484 650 1548 4?
708 1482 784 1548 D.
816 1484 918 1562 33,
946 1483 1007 1566 5,
1041 1483 1139 1548 12.
1225 1481 1405 1547 Idem
1451 1481 1559 1566 (sc.
1604 1478 1923 1569 Iulianus)
1981 1482 2144 1547 libro
2189 1484 2402 1567 primo

384 1594 461 1637 ex
496 1571 760 1636 Minicio
799 1569 897 1657 (P.
929 1569 1110 1658 847).
1144 1607 1228 1618 --
1267 1569 1464 1637 Servo
1512 1571 1896 1656 generaliter
1943 1572 2155 1655 legato
2202 1577 2402 1637 verius

385 1669 480 1725 est
526 1683 729 1724 omnes
775 1665 1048 1743 herede8‚
1106 1666 1157 1724 si
1203 1665 1288 1724 eis
1337 1664 1549 1725 electio
1596 1663 1738 1724 data¹
1784 1667 1899 1738 est,
1957 1662 2209 1725 eundem
2260 1666 2402 1725 dare

385 1753 623 1830 debere3
694 1753 745 1812 si
806 1772 926 1813 non
984 1753 1363 1812 consentiant
1422 1753 1696 1829 heredeS,
1759 1772 1833 1812 ex
1883 1756 2244 1813 testamento
2299 1773 2402 1814 eos

385 1842 593 1902 teneri.
2017 1835 2024 1842 ’

1070 1948 1164 2007 De
1209 1948 1462 2008 tabernis
1507 1950 1723 2023 leyatis.

563 2068 623 2132 5.
681 2065 757 2131 D.
795 2067 899 2149 33,
928 2068 986 2146 3,
1021 2070 1076 2130 1.
1173 2065 1465 2132 Iulianus
1519 2068 1687 2134 libro
1743 2068 1950 2150 primo
2009 2089 2084 2131 ex
2139 2066 2402 2133 Minicio

388 2156 485 2242 (P.
524 2153 702 2240 845).
758 2191 846 2202 —
903 2154 1028 2231 Qui
1091 2155 1249 2219 duas
1317 2157 1621 2222 tabernas
1676 2156 2050 2221 coniunctas
2103 2156 2406 2235 habebat,

387 2267 495 2311 eas
555 2244 842 2329 singulas
899 2243 1147 2308 duobus
1203 2245 1464 2329 legavit.
1558 2244 1920 2329 quaesitum
1978 2249 2103 2328 est,
2150 2244 2206 2309 si
2251 2246 2404 2329 quid

387 2356 465 2399 ex
514 2334 840 2418 superiore
877 2332 1146 2395 taberna
1183 2333 1250 2396 in
1286 2333 1658 2398 inferiorem
1694 2332 2174 2397 inaedificatum
2215 2339 2406 2419 esset,

384 2444 541 2488 num
579 2422 844 2488 inferior
891 2421 1069 2484 oneri
1105 2420 1375 2485 ferundo
1412 2420 1480 2485 in
1536 2421 1882 2507 superioris
1920 2422 2225 2486 tabernae
2263 2424 2403 2488 loco

392 2511 844 2576 contineretur.
919 2509 1248 2591 respondit
1285 2511 1662 2575 servitutem
1695 2510 2068 2594 impositam
2100 2509 2322 2576 videri.

561 2606 758 2665 Locus
812 2604 1131 2679 corruptus
1183 2603 1441 2663 fortasse
1498 2604 1582 2663 sie
1636 2604 1942 2664 emendari
2003 2621 2175 2679 posse
2230 2608 2404 2681 puto:

390 2714 535 2755 num
579 2693 826 2753 inferior
872 2692 1038 2751 oneri
1085 2691 1335 2751 ferundo
1387 2689 1502 2767 [in]
1550 2692 1872 2768 superioris
1917 2691 2200 2752 tabernae
2247 2686 2404 2772 [loco

387 2776 549 2861 con-J
595 2785 911 2841 teneretur.

569 2869 914 2945 Sequuntur
955 2867 1123 2927 haeet
1174 2862 1465 2927 ‘Iulianus
1509 2871 1704 2928 notat:
1752 2869 2058 2928 videamus
2105 2913 2119 2927 .
2148 2912 2164 2927 .
2193 2863 2232 2928 .'

1123 3046 1217 3104 De
1263 3046 1443 3119 leyato
1488 3048 1675 3106 debiti.

570 3163 654 3227 6‘?
700 3163 778 3229 D.
811 3164 912 3243 30,
947 3164 1088 3228 105.
1154 3163 1332 3228 Idem
1374 3163 1488 3250 (sc.
1520 3161 1838 3250 Iulianus)
1876 3164 2042 3228 libro
2080 3163 2290 3248 primo
2331 3186 2409 3228 ex

392 3250 656 3316 Minicio
716 3249 813 3339 (P.
844 3249 1019 3338 846).
1074 3289 1147 3298 —-
1200 3251 1518 3337 Legatum
1573 3255 1666 3317 ita
1720 3257 1882 3318 erat:
1938 3252 2125 3336 ‘quae
2170 3251 2408 3318 Lucius

393 3340 607 3404 Titius
637 3340 797 3405 mihi
827 3341 1031 3424 debet,
1070 3363 1145 3405 ea
1171 3340 1358 3405 heres
1388 3363 1563 3406 meus
1593 3338 1924 3406 Cornelius
1956 3340 2107 3405 dare
2137 3340 2407 3405 damnas

392 3427 572 3494 esto'.
653 3429 817 3494 nihil
858 3430 1132 3513 amplius
1172 3452 1251 3494 ex
1286 3430 1410 3494 hoc
1447 3431 1661 3514 legato
1702 3451 1893 3514 quam
1932 3430 2217 3496 actiones
2255 3452 2406 3495 suas

391 3518 578 3582 heres
624 3522 952 3602 praestare
999 3518 1204 3583 debet.
