2575 3900
805 226 855 274 4.
903 220 963 275 L.
1002 219 1371 275 NERATIUS
1405 217 1703 276 PRISCUS
2129 220 2262 284 343

984 401 1085 467 De
1128 401 1522 468 statuliber-is.

419 508 520 573 19.
574 507 655 573 D.
690 509 798 585 40,
836 511 895 589 7,
933 508 975 574 5
992 530 1086 594 p.r
1184 508 1583 594 Pomponius
1649 509 1814 573 libro
1880 512 2110 575 octavo
2175 509 2258 574 ad

234 594 551 662 Sabinum
625 593 725 684 (P.
773 558 954 684 524).
1018 635 1107 645 —
1172 595 1532 662 Statuliber
1600 597 1917 663 rationem
1990 598 2256 663 reddere

231 684 449 750 iussus
496 685 813 771 reliquum
861 686 1032 771 quod
1080 690 1350 771 apparet
1393 685 1618 768 solvit3
1672 686 1748 751 de
1795 707 1890 770 ec,
1937 687 2108 772 quod
2145 688 2258 752 ob-

234 775 485 839 scurius
534 778 651 857 est,
698 775 1010 840 satisdare
1056 779 1325 862 paratus
1374 779 1490 840 est.
1562 737 1890 840 Neratius
1919 779 1984 840 et
2030 776 2256 841 Aristo

230 911 248 927 .
280 912 295 927 .
336 867 574 946 putant
628 864 906 929 liberum
959 864 1127 942 fore,
1183 884 1265 928 ne
1320 863 1510 928 multi
1568 863 1646 929 ad
1697 863 2066 929 libertatem
2111 887 2256 950 per-

230 953 450 1016 venire
516 974 650 1017 non
707 953 964 1038 possint
1017 953 1269 1017 incerta
1325 974 1519 1018 causa
1572 953 1846 1017 rationis
1903 958 1969 1018 et
2022 973 2254 1040 genere

227 1040 483 1126 negotii
527 1041 720 1106 huius
767 1042 962 1108 modi.

827 1235 926 1302 De
968 1237 1266 1320 emptione
1310 1236 1666 1302 venditione.

940 1367 1033 1425 De
1076 1367 1259 1440 fumdo
1305 1367 1547 1426 vendito,

411 1469 513 1533 20.
572 1467 649 1532 D.
694 1468 795 1550 19,
837 1471 890 1549 1,
933 1468 1033 1552 13,
1075 1469 1175 1534 14.
1274 1465 1594 1552 Ulpianus
1647 1467 1816 1534 libro
1871 1467 2250 1552 trigensimo

228 1557 512 1622 secundo
569 1557 649 1621 ad
706 1557 989 1623 edictum
1044 1553 1145 1643 (P.
1184 1556 1363 1643 934).
1423 1593 1500 1604 —
1559 1554 1628 1621 Si
1684 1555 1898 1621 Titius
1963 1557 2254 1643 fundum,

225 1647 299 1711 in
356 1667 483 1730 quo
526 1646 900 1748 'nonaginta
952 1645 1177 1748 iugera
1229 1649 1432 1730 erant,
1476 1644 1840 1710 vendiderit
1884 1649 1949 1710 et
1993 1646 2060 1710 in
2105 1647 2250 1732 lege

228 1734 579 1820 emptionis
628 1735 869 1800 dictum
916 1739 1020 1799 est
1063 1735 1133 1798 in
1175 1734 1376 1799 fundo
1423 1736 1681 1798 centum
1728 1755 1867 1799 esse
1913 1735 2139 1819 iugera
2184 1742 2249 1799 et

226 1828 579 1908 antequam
625 1823 853 1889 modus
898 1823 1367 1906 manifestetur,
1412 1822 1630 1888 decem
1665 1823 1890 1908 iugera
1927 1823 2250 1888 alluvione

226 1913 649 1998 adcreverint‚
684 1913 900 1998 placet
943 1911 1105 1977 mihi
1140 1911 1398 1979 Neratii
1443 1911 1764 1978 sententia
1802 1912 2250 1992 existimantis,

232 2006 325 2087 ut,
372 2003 428 2067 si
466 2003 725 2088 quidem
760 2004 969 2067 sciens
1004 2002 1310 2085 vendidit,
1346 2024 1423 2066 ex
1460 2005 1678 2087 empto
1716 2000 1884 2067 actio
1925 2005 2251 2087 competat

229 2091 538 2157 adversus
577 2113 742 2171 eum,
789 2091 1084 2175 quamvis
1122 2091 1342 2156 decem
1381 2091 1605 2176 iugera
1642 2090 2060 2175 adcreverint‚
2096 2092 2249 2176 quia

232 2180 384 2245 dolo
429 2180 583 2245 fecit
626 2202 745 2245 nec
786 2180 973 2245 dolus
1009 2186 1350 2265 purgatur3
1397 2181 1451 2243 si
1487 2200 1642 2244 vero
1680 2179 1990 2265 ignorans
2029 2179 2250 2244 vendi·

225 2269 352 2353 dit,
400 2291 475 2333 ex
522 2273 739 2353 empto
788 2271 1108 2335 actionem
1154 2291 1287 2334 non
1331 2272 1714 2352 competere.

405 2356 509 2423 21.
549 2356 632 2423 D.
656 2358 755 2443 18,
774 2358 833 2435 3,
850 2359 913 2441 4,
939 2359 993 2423 1.
1057 2358 1235 2422 Idem
1274 2355 1388 2442 (sc.
1417 2292 1765 2442 Ulpianus)
1802 2357 1968 2422 libro
2007 2358 2242 2444 trigen-

223 2448 390 2511 simo
439 2446 715 2512 secundo
737 2408 845 2511 ml
888 2447 1167 2511 edictum
1206 2445 1307 2534 (P.
1336 2442 1512 2531 944).
1557 2482 1647 2491 —-
1726 2444 1794 2509 Si
1829 2445 2066 2511 fundus
2103 2448 2246 2531 lege

222 2535 671 2601 commissoria
735 2532 1105 2622 venierit).
1196 2534 1438 2619 ‚quod
1511 2534 1603 2597 ait
1737 2535 1977 2599 eratius
2045 2534 2246 2601 habet

222 2622 571 2707 rationem,
625 2630 697 2689 ut
752 2623 1073 2689 interdum
1125 2624 1372 2688 fructus
1427 2626 1682 2705 emptor
1736 2623 2045 2705 lucretur,
2100 2645 2243 2688 cum

220 2713 504 2799 pretium
551 2714 719 2797 quod
765 2712 1132 2778 numeravit
1174 2709 1443 2795 perdit.¹

406 2804 752 2884 Sequuntur
797 2809 968 2867 haec:
1017 2800 1228 2884 ‘igitur
1273 2805 1571 2866 sententia
1606 2803 1842 2865 Neratii
1875 2808 2020 2864 tunc
2059 2805 2244 2865 habet

217 2897 439 2972 locum,
486 2915 637 2972 quae
684 2899 777 2956 est
819 2896 1100 2973 humana,
1146 2894 1382 2974 quando
1430 2899 1664 2970 emptor
1708 2893 1971 2972 aliquam
2008 2897 2240 2970 partem

214 2985 399 3061 pretii
445 2977 651 3045 dedit?
737 2985 980 3044 Pernice
1026 2976 1117 3044 11²
1161 3005 1215 3061 p.
1251 2986 1376 3045 188
1423 3003 1480 3043 n.
1513 2988 1577 3043 1:
1626 2977 1782 3042 ‘dass
1829 2982 1988 3043 diese
2027 2982 2241 3044 Worte

214 3093 339 3134 von
382 3072 605 3149 Ulpian
651 3074 999 3147 herruhren,
1044 3074 1129 3133 ist
1170 3074 1341 3133 recht
1387 3066 2001 3133 unwahrscheinlich.’

938 3252 1031 3311 De
1073 3268 1237 3312 servo
1282 3252 1528 3312 vendita

395 3352 497 3418 22.
547 3353 623 3417 D.
656 3354 757 3437 15,
790 3357 847 3432 1,
876 3354 979 3436 32,
1008 3354 1067 3418 2.
1140 3350 1462 3436 Ulpianus
1495 3352 1661 3418 libro
1693 3353 1968 3418 secundo
1999 3350 2238 3437 Dispu-

210 3443 542 3507 tationum
600 3441 699 3529 (P.
736 3440 873 3529 47).
932 3478 1013 3489 —-
1071 3440 1391 3506 Venditor
1448 3443 1614 3506 servi
1671 3443 1726 3507 si
1784 3463 1924 3506 cum
1983 3442 2235 3524 peculio

362 3604 389 3652 1
430 3598 526 3655 Fz.
564 3598 825 3668 perdidit.
