2575 3900
848 178 903 228 5.
950 171 1231 228 SEXTUS
1265 170 1528 226 PEDIUS
2117 171 2199 234 79

160 387 177 402 .
201 388 216 402 .
262 336 515 421 scribit,
554 336 727 422 quod
764 339 991 402 contra
1028 355 1104 400 ea
1132 333 1562 421 (quacumque
1593 334 1862 420 causa?)
1898 335 2201 400 damnum

160 427 574 582 {ilgtgutpeneesltg
615 424 716 489 cui
756 424 939 491 nulla
974 446 1095 508 ope
1133 425 1378 489 occurri
1414 423 1669 509 poterit,
1715 424 2201 508 stipulationem

351 617 473 677 Pro
556 610 748 692 ‘quod
820 609 1057 676 contra'
1123 616 1451 676 Mommsen
1509 618 1711 690 poti-us
1780 617 1957 677 sorabi
2025 618 2208 677 iubet:

164 707 416 784 quando
462 704 769 767 violentia.
859 706 1010 778 quod
1041 707 1371 780 proposui„
1393 705 1632 765 Leneh‘o
1675 705 1922 765 debeam.

353 817 462 882 29.
524 814 605 880 D.
643 815 748 898 39,
784 815 845 898 2,
882 814 987 879 32.
1088 812 1289 879 Gaius
1342 813 1511 879 libro
1567 814 1918 880 vicensimo
1974 819 2203 882 octavo

167 905 251 970 ad
306 904 591 970 edictum
638 903 1033 987 provinciale
1082 900 1182 989 (P.
1212 900 1391 987 371).
1437 940 1517 949 —
1571 953 1584 968 .
1614 951 1631 968 .
1658 954 1672 968 .
1721 904 1776 968 si
1811 925 1973 969 unas
2012 904 2203 969 aedes

168 1014 552 1060 communes
598 997 814 1058 tecum
857 991 1056 1057 habui
1103 1012 1342 1075 eaeque
1384 991 1614 1056 vitium
1651 990 1898 1056 faciant
1934 997 2002 1058 et
2036 993 2207 1059 circa

167 1082 601 1149 refectionem
639 1102 860 1145 earum
897 1101 1148 1145 cessare
1182 1079 1484 1162 videaris,
1520 1080 1728 1145 nostri
1756 1086 2204 1166 praeceptores
2249 1126 2260 1138 -

168 1173 424 1256 negant
487 1191 712 1235 cavere
775 1174 841 1233 te
906 1169 1164 1252 debere,
1227 1168 1383 1252 quia
1445 1169 1583 1255 ipse
1637 1168 1899 1235 reficere
1952 1172 2201 1255 possim

167 1263 551 1343 recepturus
597 1281 717 1346 pro
762 1263 968 1344 parte,
1018 1257 1186 1341 quod
1231 1257 1677 1342 impenderim,
1718 1258 1954 1324 iudicio
2001 1261 2202 1325 socie-

166 1348 334 1414 tatis
364 1351 478 1414 aut
505 1348 830 1413 communi
867 1345 1215 1412 dividundo
1245 1396 1261 1410 .
1281 1396 1297 1411 .
1317 1397 1332 1412 .
1370 1350 1437 1411 et
1473 1349 1572 1411 est
1607 1347 1800 1432 plane
1827 1351 2203 1413 nostrorum

167 1439 667 1522 praeceptorum
731 1437 892 1502 haec
958 1435 1306 1517 sententia,
1373 1438 1447 1499 ut
1510 1435 1843 1500 credamus
1907 1436 2202 1501 inutilem

171 1547 319 1591 esse
376 1525 595 1590 damni
648 1524 877 1590 infecti
936 1524 1452 1609 stipulationem,
1507 1545 1634 1608 quo
1691 1545 1844 1590 casu
1898 1525 2203 1591 damnum

171 1617 307 1680 alia
352 1615 608 1679 actione
656 1613 883 1679 sarciri
926 1612 1153 1697 possit.

744 1877 825 1961 5.
884 1880 1245 1956 SEXTUS
1301 1881 1643 1955 PEDIUS

354 2028 504 2087 iuris
565 2028 795 2104 peritus
853 2026 1071 2088 Sabino
1128 2030 1280 2087 natu
1333 2027 1527 2087 minor
1582 2019 1684 2108 (D.
1715 2030 2084 2106 50,16,13,
2117 2021 2204 2112 1),

172 2118 507 2193 Pomponio
551 2116 743 2176 maior
788 2110 885 2198 (D.
915 2120 974 2194 4,
1004 2119 1061 2191 3,
1096 2121 1150 2193 1,
1178 2106 1282 2197 4),
1335 2115 1494 2175 idem
1540 2116 1797 2177 fortasse
1846 2121 2024 2193 atque
2072 2117 2201 2179 Sex.

171 2206 399 2266 Pedius
437 2205 728 2266 Hirrutus
767 2197 869 2285 (cf.
906 2205 1199 2284 Borghesi
1236 2207 1296 2282 8,
1336 2207 1479 2266 326.
1531 2208 1589 2284 6,
1617 2206 1765 2265 488.
1848 2207 2204 2285 Prosopogr.

174 2295 274 2355 III
319 2315 376 2371 p.
408 2291 541 2376 20),
586 2312 623 2353 a
667 2293 913 2354 Valerio
963 2313 1198 2372 quoque
1242 2294 1463 2368 Probo,
1511 2297 1580 2353 ut
1624 2294 1882 2370 videtur,
1926 2296 2206 2356 laudatus

179 2376 276 2465 (in
343 2384 469 2443 cod.
526 2384 682 2442 enim
744 2383 1110 2444 Einsidlensi
1174 2382 1321 2445 Con.
1375 2383 1512 2443 libr.
1565 2382 1678 2443 iur.
1731 2383 1820 2460 Π,
1869 2386 1994 2445 148
2059 2386 2207 2445 haec

176 2474 495 2550 leguntur:
552 2466 616 2531 ‘S
638 2472 721 2530 ·P
743 2472 858 2532 ·M.
903 2471 1071 2533 Sexti
1113 2472 1285 2531 Pedii
1329 2466 1670 2545 Medivani',
1722 2472 1880 2548 quod
1923 2472 2207 2534 Huschke

182 2555 532 2621 ‘Medmani'
588 2561 891 2634 emendat,
944 2561 983 2621 i.
1030 2580 1078 2621 e.
1124 2560 1364 2619 Medma.
1417 2580 1463 2618 S.
1508 2560 1810 2637 Medama,
1865 2579 1938 2619 ex
1987 2562 2205 2637 oppido

180 2649 323 2710 olim
352 2648 742 2709 Locrensium
777 2651 842 2709 in
868 2649 1126 2709 Bruttiis
1166 2650 1281 2708 sito
1312 2647 1549 2707 oriundi
1561 2640 1632 2728 ¹),
1671 2648 1775 2725 qui
1808 2666 1930 2707 non
1964 2667 2205 2724 respon-

181 2739 400 2814 dendO,
477 2737 584 2797 sed
646 2738 815 2798 libris
890 2737 1216 2798 scribendis
1282 2739 1344 2796 et
1405 2736 1646 2813 quidem
1708 2736 1827 2796 iuri
1890 2736 2205 2797 honorario

178 2826 494 2887 tractando
542 2845 783 2903 operam
830 2828 1013 2889 dedit.

366 2983 394 3031 1
436 2976 713 3033 Probante
749 2978 1011 3034 Karlowa
1045 2978 1087 3046 I,
1126 2983 1245 3034 695.
1276 2983 1408 3047 633,
1455 2994 1564 3033 non
1610 2977 1886 3049 probante
1921 2978 2206 3046 Kruegero

182 3069 234 3119 p.
265 3054 367 3103 173
405 3066 459 3103 n.
503 3054 599 3117 81,
638 3050 737 3117 qui
771 3050 855 3104 vir
894 3049 1242 3105 doctissimus
1291 3050 1410 3105 sine
1456 3051 1672 3105 ratione
1709 3049 1914 3105 idonea
1949 3054 2022 3119 (v.
2059 3049 2207 3104 infra

182 3138 235 3191 p.
263 3125 348 3175 87.
379 3121 471 3189 88)
499 3120 734 3174 Pedium
760 3118 1033 3176 Hadriani
1072 3124 1261 3177 aetate
1299 3122 1471 3177 fuisse
1500 3120 1806 3177 arbitratus
1833 3119 2070 3175 indicat:
2111 3120 2207 3176 ‘da

182 3190 499 3246 Einsiedler
525 3190 941 3248 Probus-Excer
980 3195 1008 3247 t
1036 3233 1051 3247 .
1072 3234 1084 3247 .
1109 3234 1123 3249 .
1154 3212 1221 3248 zu
1249 3192 1502 3249 erklaren
1531 3193 1669 3247 wird
1699 3193 1869 3247 kaurn
1897 3190 2202 3261 gelingen’.

182 3263 251 3317 de
286 3261 494 3317 litteris
522 3262 640 3316 illis
659 3262 923 3319 Karlowa
975 3305 989 3331 ,
1020 3268 1124 3319 638
1151 3267 1368 3320 monet:
1402 3264 1577 3319 ‘disse
1596 3261 1955 3318 Buchstaben
1983 3264 2207 3317 konnen

186 3332 467 3389 natfirlich
503 3332 662 3389 nicht
697 3332 775 3387 im
813 3334 978 3389 Edict
1010 3337 1185 3391 selbst
1220 3336 1533 3404 gestanden
1568 3334 1782 3403 haben,
1828 3332 2068 3389 sondern
2102 3351 2208 3387 nur

188 3405 248 3459 in
285 3404 470 3460 einem
505 3405 679 3459 Werk
716 3408 855 3460 fiber
891 3406 1167 3474 desselbe‚
1216 3422 1308 3459 am
1344 3404 1930 3461 wahrscheinlichsten
1975 3404 2034 3458 in
2079 3405 2207 3459 dem

190 3474 363 3530 Werk
392 3476 490 3529 des
517 3474 723 3530 Pedius
753 3476 945 3548 selbst,
982 3479 1126 3532 etwa
1151 3494 1241 3531 am
1270 3476 1435 3531 Rand
1462 3494 1557 3531 zur
1583 3476 1787 3531 kurzen
1815 3474 2208 3545 Bezeichnung

184 3548 281 3602 des
318 3549 522 3602 Autors
559 3546 897 3603 desselben'.
