2575 3900
356 198 488 263 206
534 198 629 253 IV.
662 195 1090 251 VESPASIANI
1107 195 1252 251 TITI
1280 194 1668 253 DOMITIANI
1695 196 1911 252 TEMP.
1941 197 2135 253 IURIS
2162 197 2370 255 CONS.

342 363 459 515 ἰῆς
533 364 687 462 tuuc
760 361 929 425 enim
1002 359 1250 425 fructus
1314 360 1738 445 praestandos
1803 363 1869 425 et
1933 359 2370 426 antecedentis

376 470 676 533 empons.

526 560 655 621 Gai.
687 564 746 638 2,
778 563 923 623 280.
1014 555 1054 620 ἦ
1087 607 1099 619 .
1127 559 1718 619 fideicommissorum
1766 578 1984 620 usurae
2030 564 2092 620 et
2135 562 2370 622 fructus

349 650 665 727 debentur,
731 651 783 710 si
846 650 1021 710 modo
1084 667 1320 709 moram
1384 647 1698 708 solutionis
1763 648 1972 708 fecerit
2036 650 2139 726 qui
2197 649 2368 709 fidei-

344 738 725 800 commissum
772 731 1052 798 debebit.'

527 841 628 906 11.
674 841 749 906 Ι).
782 841 886 924 32,
922 840 1020 903 12.
1085 837 1330 904 Valens
1370 838 1534 902 libro
1573 837 1782 923 primo
1811 836 2369 905 Fideicommisso-

343 952 485 994 rum
542 927 639 1017 (P.
676 925 769 1016 2).
823 964 898 975 —
950 926 1232 993 ‘Stichus
1288 927 1456 991 liber
1511 931 1676 1010 esto,
1732 929 1798 991 et
1849 931 1925 991 ut
1979 950 2122 993 eum
2178 928 2369 993 heres

348 1017 688 1084 artificium
736 1017 979 1101 doceat,
1026 1015 1192 1082 unde
1231 1038 1299 1080 se
1336 1016 1506 1080 tueri
1544 1015 1767 1099 possit,
1811 1015 2005 1099 peto'.
2076 1015 2367 1101 Pegasus

342 1107 571 1172 inutile
637 1104 1203 1172 fideicommissum
1262 1126 1403 1169 esse
1460 1104 1581 1187 ait,
1647 1104 1799 1189 quia
1853 1125 2055 1189 genus
2110 1104 2366 1172 artificii

342 1196 659 1261 adiectum
707 1217 838 1261 non
884 1199 1073 1259 esset.

1153 1336 1252 1401 De
1296 1336 1551 1419 nuptiis,

523 1461 623 1525 12.
672 1459 749 1525 D.
782 1462 839 1541 1,
869 1461 928 1539 9,
959 1461 1016 1539 7,
1050 1461 1103 1524 1.
1176 1458 1499 1543 Ulpianus
1547 1459 1714 1524 libro
1762 1458 1971 1542 primo
2021 1459 2100 1523 ad
2149 1459 2366 1543 legem

342 1550 578 1615 Iuliam
616 1553 682 1614 81
709 1547 977 1632 Papiam
1018 1548 1113 1632 (P.
1145 1550 1269 1614 197
1279 1548 1394 1632 7¹³).
1437 1585 1515 1595 —
1556 1597 1572 1615 .
1603 1598 1616 1614 .
1642 1547 1858 1613 Labeo
1899 1548 2127 1613 scribit
2162 1550 2366 1615 etiam

342 1659 504 1719 eum,
553 1638 661 1722 qui
699 1642 849 1720 post
885 1643 1157 1702 mortem
1195 1638 1401 1722 patris
1442 1637 1759 1703 senatoris
1797 1640 1986 1701 1181118
2025 1637 2129 1717 sit,
2176 1639 2367 1721 quasi

343 1727 659 1792 senatoris
704 1726 912 1790 filium
960 1748 1117 1792 esse.
1201 1727 1313 1791 sed
1361 1747 1523 1809 eum,
1569 1726 1680 1811 qui
1718 1729 2138 1811 posteaquam
2175 1731 2366 1809 pater

344 1817 478 1881 eius
526 1815 603 1879 de
652 1819 880 1880 senatu
928 1820 1140 1880 motus
1188 1819 1289 1880 est
1335 1815 1689 1899 concipitur
1735 1818 1800 1881 et
1843 1815 2159 1899 nascitur,
2204 1812 2365 1880 Pro-

343 1905 525 1970 culus
582 1908 648 1969 et
690 1901 981 1989 Pegasus
1036 1904 1385 1989 opinantur
1437 1925 1568 1969 non
1621 1925 1760 1970 esse
1807 1903 1990 1988 quasi
2037 1901 2364 1971 senatoris

337 1995 557 2058 filium.

1053 2081 1153 2146 De
1195 2081 1642 2148 donationibus.

520 2207 620 2270 13.
687 2206 760 2272 D.
801 2207 905 2288 39,
942 2206 1004 2293 5,
1043 2205 1142 2284 19,
1184 2206 1240 2270 6.
1351 2205 1531 2269 Idem
1634 2226 1719 2271 88.
1775 2204 2121 2291 Ulpianus)
2186 2205 2360 2273 libro

338 2295 857 2379 septuagensimo
916 2299 1098 2360 sexto
1146 2295 1225 2357 ad
1273 2293 1552 2358 edictum
1632 2294 1700 2359 P.
1742 2291 1958 2381 1689).
2012 2331 2088 2341 —
2140 2341 2155 2358 .
2186 2345 2199 2358 .
2239 2292 2357 2358 Pe-

338 2405 532 2469 gasus
597 2384 896 2468 putabat,
962 2385 1015 2448 si
1076 2383 1200 2446 tibi
1255 2387 1514 2447 centum
1571 2384 1972 2467 spopondero
2029 2383 2152 2448 hac
2207 2405 2360 2448 con-

338 2472 604 2556 dicione,
654 2473 710 2537 si
754 2472 1036 2537 iurasses
1073 2476 1137 2535 te
1175 2493 1415 2535 nomen
1450 2493 1662 2536 meum
1700 2473 1998 2554 laturum,
2044 2494 2178 2537 non
2214 2493 2359 2538 esse

340 2561 782 2646 donationem,
830 2561 980 2646 quia
1027 2561 1110 2625 ob
1156 2582 1294 2624 rem
1341 2559 1515 2624 facta
1563 2558 1662 2624 et1
1708 2583 1811 2626 res
1859 2564 2076 2626 8881118
2121 2563 2240 2626 881.

792 2737 892 2802 Dc
935 2739 1313 2820 adquirendo
1358 2757 1564 2802 rerum
1609 2736 1896 2802 dominio,

518 2865 614 2926 14.
673 2863 810 2927 Gai.
842 2863 900 2946 2,
934 2863 1034 2928 15.
1088 2899 1176 2909 —
1221 2911 1235 2925 .
1265 2910 1279 2926 .
1320 2861 1490 2944 quod
1546 2861 1819 2925 diximus
1869 2862 1988 2942 <ea
2043 2860 2354 2924 animalia

338 2972 499 3034 quae
547 2951 795 3014 domari
845 2951 1117 3033 solent>
1156 2949 1462 3033 mancipii
1509 2971 1666 3031 esse,
1701 2947 2063 3033 <quomodo
2101 2949 2351 3012 intelle-

334 3039 618 3123 gendum
667 3040 779 3122 sit,
827 3038 1173 3122 quaeritur,
1220 3037 1372 3122 quia
1417 3060 1548 3103 non
1595 3040 1819 3103 statim
1865 3043 1937 3101 ut
1978 3041 2135 3103 nata
2182 3042 2351 3120 sunt,

331 3129 696 3192 domantur.
782 3131 846 3192 et
875 3176 889 3191 .
920 3176 932 3190 .
963 3126 1023 3210 .>
1106 3177 1119 3191 .
1149 3177 1163 3192 .
1192 3176 1205 3192 .
1234 3127 1454 3192 Nerva
1481 3177 1496 3192 .
1525 3177 1538 3193 .
1571 3131 1636 3192 et
1679 3125 1986 3191 Proculus
2038 3130 2105 3190 et
2153 3129 2350 3191 ceteri

331 3216 624 3281 diversae
673 3215 932 3280 scholae
978 3220 1273 3280 auctores
1321 3237 1453 3281 non
1506 3216 1693 3281 aliter
1739 3237 1814 3279 ea
1861 3215 2164 3300 mancipii
2209 3236 2348 3279 esse

329 3309 592 3388 putant,
650 3326 838 3387 quam
896 3305 951 3368 si
1007 3305 1252 3370 domita
1310 3308 1484 3388 sunt3
1545 3309 1611 3368 et
1666 3305 1721 3369 si
1767 3307 2033 3388 propter
2078 3303 2343 3367 nimiam

331 3395 656 3458 feritatem
724 3392 972 3458 domari
1034 3417 1164 3459 non
1224 3399 1524 3478 possunt,
1580 3399 1734 3458 tunc
1789 3393 1989 3457 videri
2046 3391 2346 3474 mancipii

472 3574 498 3620 1
540 3568 636 3622 ΕΙ.
676 3570 777 3623 est.
