2575 3900
327 145 461 210 402
532 146 599 201 V.
637 144 940 201 NERVAE
977 145 1071 200 ΕΤ
1111 143 1417 199 TRAIANI
1454 142 1671 199 TEMP.
1707 143 1900 200 IURIS
1936 144 2295 200 CONSULTI

334 316 434 392 16,
469 315 612 374 116.
663 315 767 390 28,
796 315 853 386 5,
885 307 1021 392 21).
1067 311 1226 391 quod
1272 313 1348 371 ad
1394 330 1491 371 res
1536 313 1611 372 de
1646 312 1863 388 quibus
1901 314 2211 373 consultus
2244 316 2361 390 est,

331 404 569 478 attinet,
613 421 734 462 non
777 420 924 462 casu
966 401 1196 461 factum
1235 401 1495 477 videtur,
1540 405 1612 460 ut
1646 401 1721 461 de
1756 403 2119 463 testamento
2165 402 2361 463 archi-
2475 413 2480 418 ·

329 491 590 570 guberni
644 510 716 551 ex
771 491 963 551 classe
1009 490 1360 551 Britannica
1404 482 1504 570 (D.
1546 491 1658 560 36,
1699 492 1764 568 1,
1803 481 1919 574 48)
1965 491 2363 570 responderit,

328 581 434 657 qui
485 581 615 656 ipse
669 580 1014 640 Britanniae
1068 578 1361 639 iuridicus
1413 579 1626 653 fuerit,
1680 584 1744 638 et
1793 580 2063 640 notabile
2116 584 2208 640 est
2263 599 2361 640 re-

329 688 618 747 sponsum
661 669 816 727 illud
861 669 936 729 de
980 667 1264 729 beneficio
1309 668 1691 745 imperatoris
1736 659 1839 749 (D.
1874 672 1929 741 1,
1960 672 2019 742 4,
2050 664 2135 749 3).

509 757 794 818 Ceterum
838 776 936 817 res
981 757 1054 818 de
1098 756 1317 833 quibus
1354 755 1669 817 Iavolenus
1708 759 2017 817 consultus
2054 762 2165 835 est,
2208 776 2363 818 non-

327 866 636 924 nunquam
680 845 1050 922 provinciam
1091 846 1384 923 redolent,
1430 846 1601 905 euius
1646 845 1884 923 generis
1920 846 1982 906 id
2020 864 2149 907 esse
2186 850 2363 922 puta-

327 936 544 1013 verim,
597 935 756 1012 quod
810 935 884 994 de
937 935 1176 994 homine
1231 934 1423 994 libero
1469 934 1669 995 vincto
1717 935 1965 995 affertur
2009 930 2109 1015 (D.
2147 937 2260 1013 41,
2300 938 2361 1010 2,

330 1027 433 1102 23,
457 1018 544 1104 2),
582 1029 654 1084 ut
688 1023 794 1101 qui
819 1022 1169 1085 Iavolenum
1199 1024 1647 1101 consuluerunt,
1684 1027 1745 1083 et
1772 1024 1935 1100 ipsos
1962 1024 2027 1082 in
2052 1024 2366 1100 provincia

328 1114 514 1175 fuisse
561 1113 920 1174 eredendum
967 1112 1072 1185 sit,
1121 1111 1401 1171 similiter
1445 1116 1627 1190 atque
1672 1112 2049 1173 Modestinus
2096 1112 2169 1172 de
2213 1112 2365 1172 Dal-

331 1203 523 1263 matia
566 1202 895 1279 Ulpianum
941 1201 1243 1261 consuluit
1288 1193 1391 1282 (D.
1428 1203 1532 1277 47,
1572 1204 1630 1279 2,
1679 1202 1783 1279 52,
1823 1192 1955 1284 20).

511 1292 840 1367 Praecipua
863 1290 1133 1350 Iavoleni
1158 1307 1448 1365 responsa
1472 1290 1537 1349 in
1562 1290 1920 1369 fragmentis
1947 1290 2367 1366 Epistularum

328 1381 623 1440 librorum
679 1378 1096 1456 inveniuntur3
1169 1383 1532 1458 ceterorum,
1591 1397 1743 1455 quae
1798 1398 1939 1438 rara
1993 1384 2159 1457 sunt,
2216 1398 2367 1457 pars

331 1469 544 1530 saltem
590 1469 804 1528 iisdem
851 1468 1026 1527 libris
1070 1467 1313 1528 videtur
1358 1467 1757 1527 attribuenda.

1029 1676 1130 1741 De
1171 1676 1655 1759 fideicommissa

512 1810 568 1873 1.
624 1808 700 1876 D.
730 1811 835 1893 33,
876 1811 934 1892 1,
975 1809 1077 1875 15.
1171 1808 1414 1874 Valens
1462 1809 1632 1875 libro
1680 1810 1953 1893 septimo
2002 1808 2367 1875 Fideicom-

330 1899 679 1965 missorum
729 1896 828 1984 (P.
856 1894 992 1987 22).
1029 1934 1117 1945 —
1153 1897 1499 1964 Iavolenus
1547 1919 1711 1982 eum,
1756 1900 1865 1984 qui
1902 1902 2172 1984 rogatus
2208 1903 2367 1984 post

333 1988 551 2054 decem
591 2009 796 2053 annos
832 1989 1172 2053 restituere
1210 1989 1553 2072 pecuniam
1582 1991 1733 2053 ante
1762 1987 1929 2052 diem
1960 1988 2363 2072 restituerat,

328 2076 692 2160 respondit,
756 2077 814 2141 si
868 2081 1134 2160 propter
1188 2076 1505 2160 capientis
1559 2098 1935 2164 personam,
1994 2077 2165 2163 quod
2220 2098 2365 2142 rem

330 2165 713 2232 familiarem
758 2165 928 2229 tueri
973 2187 1104 2229 non
1149 2167 1402 2250 posset,
1456 2165 1526 2230 in
1573 2164 1741 2230 diem
1786 2164 2363 2231 fideicommissum

330 2256 629 2320 relictum
687 2254 1000 2337 probetur
1055 2258 1120 2319 et
1164 2255 1495 2337 perdituro
1543 2254 1604 2318 ei
1648 2254 1715 2318 id
1760 2253 1945 2319 heres
1994 2258 2143 2319 ante
2190 2254 2363 2320 diem

329 2342 744 2426 restituisset,
788 2343 969 2408 nullo
1016 2342 1207 2408 modo
1254 2342 1601 2408 liberatum
1650 2364 1817 2429 esse;
1876 2343 2046 2428 quod
2094 2344 2150 2408 si
2194 2347 2363 2408 tem-

329 2455 450 2517 pus
515 2431 770 2497 heredis
825 2453 1021 2497 causa
1075 2435 1502 2517 prorogatum
1558 2435 1759 2516 esset,
1817 2437 1892 2497 ut
1947 2431 2361 2498 commodum

330 2521 526 2586 medii
571 2522 886 2606 temporis
932 2523 1071 2604 ipse
1119 2521 1414 2602 sentiret,
1464 2521 1812 2586 liberatum
1861 2542 2005 2586 eum
2050 2521 2360 2606 intelligi3

329 2633 481 2676 nam
529 2616 596 2675 et
639 2611 787 2695 plus
835 2631 982 2675 eum
1027 2610 1431 2694 praestitisse
1479 2631 1670 2694 quam
1718 2609 2063 2675 debuisset.

885 2822 986 2888 De
1029 2825 1244 2889 mortis
1287 2843 1476 2890 causa
1519 2823 1787 2905 capione.

506 2959 568 3023 2.
616 2956 690 3022 D.
712 2957 817 3041 39,
837 2961 897 3041 6,
916 2958 1042 3022 21.’
1066 2956 1248 3023 Idem
1276 2957 1393 3042 (sc.
1421 2954 1746 3042 Iulianus)
1774 2956 1943 3022 libro
1974 2956 2253 3023 secundo
2274 2955 2359 3022 ad

329 3043 634 3111 Urseium
680 3045 1005 3111 Ferocem.
1049 3082 1140 3092 -
1184 3046 1357 3112 Eum
1401 3045 1514 3130 qui
1558 3050 1630 3111 ut
1676 3045 1887 3111 adiret
1930 3045 2357 3111 hereditatem

332 3135 671 3220 pecuniam
721 3136 1094 3218 accepisset,
1140 3134 1448 3221 plerique,
1494 3135 1564 3199 in
1610 3134 1846 3219 quibus
1892 3133 2153 3201 Priscus
2198 3157 2357 3220 quo-

330 3244 480 3309 que,
527 3223 998 3306 responderunt
1041 3224 1268 3288 mortis
1318 3245 1512 3288 causa
1558 3244 1702 3289 eam
1748 3246 1992 3308 capere.

511 3333 581 3393 cf.
630 3333 702 3392 D.
757 3335 868 3408 39,
923 3336 989 3408 6,
1030 3336 1141 3409 31,
1187 3337 1222 3392 2
1287 3332 1495 3395 Gaius.
1565 3333 1701 3395 Sine
1765 3337 2086 3395 donatione
2152 3337 2359 3394 autem

330 3416 585 3500 <mortis
641 3415 865 3499 causa>
923 3422 1160 3496 capitur
1212 3421 1407 3482 veluti
1458 3424 1736 3500 pecunia,
1800 3441 1980 3499 quam
2036 3422 2359 3482 statuliber

333 3514 442 3571 aut
487 3509 816 3587 legatarius
857 3509 1036 3568 alicui
1073 3509 1434 3570 condicionis
1470 3509 1806 3583 implendae
1842 3511 2043 3588 gratia
2078 3514 2359 3571 numerat
