2575 3900
872 192 922 242 ὅ.
970 185 1247 242 SEXTUS
1284 185 1548 242 PEDIUS
2134 187 2220 250 95

372 351 481 416 44.
528 350 606 417 D.
630 350 735 433 43,
760 349 862 429 19,
882 352 943 428 3,
963 352 1023 416 2.
1117 349 1442 434 Ulpianus
1489 349 1658 414 libro
1705 351 2226 436 septuagensimo

187 441 274 506 ad
325 440 607 506 edictum
656 437 757 526 (P.
791 436 1040 526 1557b).
1084 475 1174 486 -
1220 437 1287 503 Si
1335 440 1480 523 quis
1528 439 1610 503 ab
1658 445 1921 504 auctore
1967 459 2110 504 meo
2159 440 2223 503 vi

189 533 309 595 aut
362 530 532 594 clam
590 534 705 593 aut
757 529 1045 611 precario
1101 549 1255 592 usus
1312 531 1439 609 est,
1493 532 1664 593 recte
1723 550 1761 592 a
1817 550 1918 592 me
1972 527 2080 591 via
2123 526 2225 592 uizi

191 617 584 704 prohibetur
638 622 704 682 et
758 617 1176 682 interdictum
1233 617 1295 681 ei
1349 616 1580 681 inutile
1637 620 1762 698 est,
1818 617 1970 700 quia
2025 639 2066 680 a.
2119 639 2224 681 me

192 708 449 772 videtur
517 707 581 770 vi
646 706 746 770 vel
813 706 978 771 clam
1044 706 1147 770 vel
1203 705 1496 788 precario
1550 704 1911 790 possidere,
1977 705 2090 789 qui
2145 706 2225 770 ab

195 800 461 861 auctore
518 816 663 860 meo
709 794 943 860 vitiose
990 794 1296 878 possidet.
1385 815 1541 858 nam
1589 797 1656 858 effi
1700 793 1936 858 Pedius
1984 794 2228 879 scribit,

194 887 249 950 si
308 887 373 950 vi
430 887 543 948 aut
594 884 759 948 clam
807 888 921 947 aut
966 883 1255 967 precario
1304 883 1384 947 ab
1433 904 1508 947 eo
1556 883 1644 948 sit
1687 904 1875 967 usus,
1928 883 1996 947 in
2044 883 2227 947 cuius

193 975 416 1039 locum
460 972 820 1038 hereditate
866 972 969 1036 vel
1014 970 1422 1056 (bonorum)
1468 971 1799 1055 emptione
1847 971 2057 1036 aliove
2101 994 2229 1056 quo

194 1063 337 1128 iure
365 1061 665 1145 successi,
700 1061 870 1125 idem
899 1083 1037 1126 esse
1066 1060 1402 1126 dicendum
1441 1061 1616 1142 [cum
1644 1060 1816 1125 enim
1845 1061 2232 1125 successerit

196 1151 345 1236 quis
390 1151 457 1215 in
507 1151 721 1214 locum
768 1171 1009 1235 eorum,
1046 1171 1323 1234 aequum
1360 1171 1489 1214 non
1527 1153 1629 1213 est
1663 1169 1786 1213 nos
1825 1148 2042 1213 noceri
2085 1149 2229 1235 hoc,

194 1239 368 1326 quod
426 1238 729 1304 adversus
787 1260 930 1302 eum
986 1260 1117 1303 non
1172 1237 1419 1320 nocuit,
1475 1238 1544 1302 in
1587 1238 1768 1302 cuius
1815 1236 2033 1303 locum
2093 1260 2230 1303 suc-

196 1327 559 1408 cessimus}

377 1438 541 1510 Quae
577 1439 749 1499 uncis
784 1439 1093 1517 quadratis
1128 1439 1364 1516 inclusi,
1412 1439 1658 1499 Pernice
1699 1439 1968 1498 eicienda
2004 1441 2222 1499 censet.

376 1528 451 1588 cf.
495 1527 681 1588 Lenel
726 1527 792 1589 P.
839 1529 918 1588 ad
960 1529 1019 1588 h.
1048 1530 1086 1588 l.

928 1698 1085 1769 Quod
1120 1701 1177 1753 vi
1215 1703 1315 1753 aut
1351 1699 1506 1752 clam.

378 1807 487 1872 45.
532 1805 610 1871 D.
632 1807 739 1892 43,
757 1807 862 1888 24,
889 1811 943 1891 1,
963 1809 1023 1873 6.
1113 1806 1430 1891 Ulpianus
1479 1806 1647 1872 libro
1697 1797 2224 1908 septuagensimo

197 1896 411 1999 primo
468 1895 550 1960 ad
604 1895 883 1962 edictum
936 1893 1034 1983 (P.
1068 1893 1421 1984 1592).—
1470 1946 1485 1961 .
1513 1943 1528 1961 .
1586 1897 1640 1962 si
1696 1895 1839 1981 quis
1895 1895 2068 1961 iactu
2126 1895 2224 1961 vel

198 1985 455 2050 minimi
518 1984 727 2069 lapilli
789 1985 1156 2087 prohibitus
1219 1987 1432 2051 facere
1495 1985 1934 2070 perseveravit
1994 1985 2222 2070 facere,

198 2075 371 2139 hunc
436 2095 688 2159 quoque
752 2076 815 2139 vi
874 2074 1101 2139 fecisse
1156 2075 1361 2139 videri
1416 2074 1648 2139 Pedius
1706 2078 1772 2139 et
1825 2072 2224 2158 Pomponius

202 2163 515 2228 scribunt.

819 2266 909 2322 De
943 2268 1059 2323 doli
1092 2270 1229 2322 mali
1264 2268 1594 2337 eaeeeptimse.
1586 2266 1614 2307 9

388 2376 495 2442 46.
560 2373 639 2440 D.
680 2376 787 2458 44,
823 2376 884 2460 4,
922 2376 985 2456 5,
1020 2378 1080 2440 4.
1180 2377 1421 2442 Paulus
1486 2377 1653 2441 libro
1711 2375 2229 2460 septuagensimo

203 2464 423 2549 primo
473 2464 552 2529 ad
602 2464 879 2529 edietum
920 2463 1019 2549 (P.
1042 2463 1216 2567 792).
1256 2503 1338 2511 --
1381 2464 1450 2530 Si
1496 2488 1718 2529 servus
1767 2464 1968 2528 veniit
2012 2464 2094 2528 ab
2136 2485 2233 2548 eo,

208 2554 313 2619 cui
368 2554 496 2618 hoc
552 2553 850 2618 dominus
906 2554 1227 2637 permisit,
1281 2556 1349 2617 et
1403 2554 1760 2617 redhibitus
1813 2554 1900 2616 sit
1946 2552 2232 2636 domine,

200 2642 480 2795 333333.
491 2641 955 2809 Ϊθῗέῗὲἷοῗωῗῖ
986 2644 1216 2795 &²2³3
1274 2644 1569 2795 ῖὶἰῗὲἓέἳ
1622 2641 1970 2794 Zssffiffur
2000 2641 2234 2793 ,ἓῖῗὲζ

211 2819 507 2902 solverim
570 2840 721 2884 nam
783 2820 979 2885 etiam
1047 2753 1278 2885 mircis
1341 2840 1470 2883 non
1527 2818 1800 2883 fitaditae
1858 2752 2234 2901 echeptione

211 2911 655 2972 summovetur
710 2912 777 2973 et
833 2910 940 2993 qui
996 2909 1335 2993 pecuniam
1393 2908 1654 2972 domino
1709 2908 1838 2972 iam
1897 2907 2114 2989 solvit,
2168 2912 2234 2971 et

209 2995 359 3062 ideo
405 2998 463 3061 is
509 2996 621 3081 qui
668 2996 957 3063 vendidit
1003 2999 1139 3083 agit
1185 2997 1490 3063 adversus
1539 2996 1881 3063 dominum.
1966 2996 2231 3061 eandem

208 3108 475 3151 causam
532 3107 671 3149 esse
726 3086 959 3151 Pedius
1017 3088 1108 3151 ait
1162 3088 1325 3166 ciue,
1385 3086 1496 3171 qui
1549 3085 1881 3173 negotium
1936 3090 2233 3150 nostrum

207 3195 441 3260 gerens
490 3174 789 3239 vendidit.

600 3348 664 3403 Sa·
699 3351 792 3405 cui
824 3352 952 3419 plus
988 3368 1151 3420 quam
1182 3368 1281 3420 per
1318 3352 1480 3421 leqem
1516 3350 1850 3406 Falcidiam.

392 3457 497 3522 47.
552 3455 632 3523 D.
670 3459 775 3543 35,
811 3460 871 3534 3,
907 3460 967 3538 3,
1005 3462 1065 3525 2.
1138 3459 1459 3545 Ulpianus
1505 3460 1672 3525 libro
1711 3460 2232 3546 septuagensimo

212 3568 389 3612 nono
422 3546 504 3611 ad
534 3546 811 3613 edictum
842 3545 941 3635 (Ρ.
967 3545 1215 3635 171512).
1250 3586 1327 3597 —
1363 3547 1480 3613 Si
1461 3572 1528 3613 1n
1557 3549 1773 3633 plures
1804 3548 1938 3613 dies
1964 3547 2235 3632 pecnnia
