2575 3900
330 210 455 276 182
489 210 585 267 111.
606 210 756 266 GAII
774 210 1068 267 CLAUDII
1084 209 1358 267 NERON.
1379 208 1668 265 GALBAE
1689 208 1906 265 ΤΕΜΡ.
1925 208 2119 265 IURIS
2141 207 2346 265 CONS.

322 375 576 456 fuisset,
631 375 993 459 quaesitum
1042 376 1166 459 est,
1212 373 1366 457 quia
1410 373 1598 437 heres
1643 373 1804 437 furti
1851 374 2171 437 actionem
2215 394 2350 438 non

320 464 610 546 haberet,
657 485 741 528 an
787 463 1051 547 usucapi
1097 462 1325 546 possit.
1405 459 1684 527 Sabinus
1731 462 2066 545 respondit
2101 460 2348 526 nullam

323 554 457 616 eius
523 553 617 616 rei
681 552 1143 635 usucapionem
1208 573 1377 635 esse,
1454 550 1635 616 cuius
1696 551 1956 616 nomine
2020 550 2176 615 furti
2240 551 2350 636 agi

322 641 560 725 possit3
607 660 799 723 agere
838 645 1056 705 autem
1094 639 1250 704 furti
1291 662 1455 723 eum,
1502 640 1614 724 qui
1651 638 1780 703 frui
1818 640 2096 723 deberet,
2139 661 2348 724 posse.

503 729 701 804 ‘Quod
746 734 831 793 sic
877 734 1283 810 accipiendum
1331 738 1440 810 est,
1487 737 1558 792 ut
1592 734 1959 793 fructuarius
1994 734 2222 809 poterit
2255 734 2352 793 uti

322 822 470 899 frui3
526 823 704 882 aliter
759 823 919 881 enim
972 824 1148 883 homo
1204 823 1270 881 in
1315 841 1496 882 causa
1540 841 1661 882 non
1705 821 2151 897 perduceretur.
2243 822 2350 882 sed

323 912 376 971 si
421 912 620 971 utenti
664 913 787 970 iam
832 914 896 971 et
942 912 1167 971 fruenti
1201 912 1493 971 abductus
1530 911 1708 971 homo
1746 912 1952 990 fuerit,
1996 930 2114 972 non
2151 912 2350 971 solum

319 1002 467 1080 ipse,
516 1001 621 1061 sed
665 1001 851 1060 etiam
895 1002 1069 1061 heres
1113 1001 1263 1060 furti
1311 1019 1490 1079 agere
1535 995 1800 1076 poterit’.

921 1153 1023 1220 De
1066 1157 1366 1239 emptione
1406 1156 1762 1221 venditione.

500 1263 631 1327 29⁶?
688 1262 765 1327 D.
799 1264 899 1345 18,
932 1265 987 1341 l,
1016 1263 1123 1345 41,
1166 1265 1221 1328 1.
1312 1262 1602 1327 Iulianus
1648 1262 1814 1327 libro
1861 1262 2053 1326 tertio
2103 1262 2183 1325 ad
2228 1261 2348 1327 Ur-

325 1350 529 1415 seium
558 1350 863 1417 Ferocem
892 1350 992 1440 (P.
1021 1352 1197 1435 907).
1224 1388 1315 1397 —
1342 1350 1635 1415 Mensam
1675 1354 1945 1435 argento
1975 1355 2349 1435 coopertam

326 1438 486 1503 mihi
531 1440 861 1523 ignoranti
899 1462 1016 1523 pro
1066 1440 1276 1505 solida
1322 1439 1673 1506 vendidisti
1709 1440 2097 1524 imprudens.
2169 1440 2349 1504 nulla

322 1532 424 1592 est
472 1530 715 1611 emptio
761 1528 1160 1614 pecuniaque
1207 1551 1282 1594 eo
1329 1529 1592 1594 nomine
1639 1529 1792 1594 data
1838 1528 2224 1594 condicetur.

498 1618 629 1682 30?
677 1617 752 1683 D.
772 1618 880 1701 40,
898 1618 961 1697 4,
985 1618 1085 1682 19.
1150 1616 1329 1682 Idem
1360 1617 1474 1703 (sc.
1493 1614 1816 1701 Iulianus)
1845 1617 2015 1683 libro
2043 1618 2239 1683 tertio
2267 1616 2348 1680 ad

328 1704 629 1770 Urseium
672 1705 979 1772 Ferocem
1026 1704 1126 1792 (P.
1153 1702 1332 1793 908).
1367 1744 1450 1753 —
1495 1705 1768 1783 Quidam
1815 1706 2110 1772 heredem
2161 1728 2348 1771 suum

322 1798 697 1879 rogaverat,
741 1799 814 1859 ut
862 1817 1118 1860 servum
1170 1796 1670 1860 manumitteret.
1754 1795 2012 1878 deinde,
2057 1795 2116 1859 si
2157 1795 2346 1861 heres

324 1904 469 1947 eum
507 1905 637 1947 non
674 1885 1144 1970 manumiserit,
1180 1884 1457 1950 liberum
1497 1907 1644 1950 eum
1681 1906 1818 1953 esse
1855 1884 2133 1950 iusserat
2163 1885 2346 1970 eique

318 1974 669 2058 legaverat.
741 1974 928 2038 heres
976 1995 1122 2038 eum
1170 1974 1564 2038 manumisit.
1644 1975 1936 2061 plerique
1973 1974 2348 2039 existimant

321 2062 491 2126 hunc
557 2083 635 2126 ex
689 2065 1079 2126 testamento
1135 2061 1507 2127 libertatem
1564 2065 1889 2147 consequi.
1997 2063 2347 2128 secundum

320 2150 445 2215 hoc
490 2151 779 2235 legatum
827 2173 1083 2236 quoque
1130 2151 1189 2214 ei
1235 2151 1521 2216 debetur.

500 2245 688 2303 Lenel
732 2247 907 2304 notat
952 2239 1287 2323 ‘quaeritur
1332 2244 1406 2304 de
1443 2264 1635 2322 servo,
1683 2246 1785 2324 qui
1820 2247 1932 2305 hac
1967 2247 2105 2323 lege
2138 2244 2345 2322 veniit,

322 2336 394 2392 ut
438 2332 983 2394 manumitteretur.
1076 2335 1149 2393 cf.
1194 2334 1267 2394 D.
1313 2336 1411 2411 18,
1454 2338 1509 2408 7,
1548 2329 1634 2395 3’.
1706 2337 1772 2394 at
1825 2335 2050 2411 nescio,
2105 2354 2183 2394 an
2235 2353 2346 2410 pro

321 2422 476 2481 libro
523 2422 617 2480 III
668 2423 871 2498 potius
915 2423 980 2482 II
1035 2423 1416 2482 scribendum
1463 2425 1985 2502 fragmentumque
2033 2424 2218 2500 capiti
2272 2423 2347 2484 de

323 2510 888 2572 manumissionibus
934 2512 1386 2571 attribuendum
1432 2512 1525 2572 sit.

987 2649 1087 2714 De
1130 2649 1679 2714 intercessionibus.

501 2758 604 2822 31.
652 2755 732 2820 D.
755 2757 857 2834 16,
884 2758 938 2838 1,
961 2757 1042 2820 16
1056 2779 1150 2840 pr.
1213 2755 1395 2820 Idem
1428 2754 1545 2842 (so.
1565 2752 1882 2840 Iulianus)
1912 2755 2081 2821 libro
2112 2758 2344 2839 quarto

326 2843 405 2907 ad
432 2843 736 2908 Urseium
764 2843 1070 2908 Ferocem
1102 2843 1200 2929 (P.
1230 2842 1410 2931 924).
1446 2881 1519 2892 —-
1555 2842 1621 2908 Si
1650 2843 1883 2908 mulier
1912 2847 2140 2908 contra
2167 2865 2346 2908 sena-

324 2935 428 2994 tus
476 2933 846 2997 consultum
884 2931 1298 2996 Velleianum
1344 2954 1463 3016 pro
1510 2954 1613 2996 me
1658 2932 2128 2997 intercessisset
2170 2931 2345 2998 Titio

326 3039 571 3103 egoque
621 3021 878 3085 mulieri
914 3021 978 3084 id
1017 3020 1352 3084 solvissem
1393 3025 1459 3084 et
1494 3021 1577 3085 ab
1616 3042 1690 3084 ea
1728 3020 1938 3085 Titius
1977 3043 2120 3086 eam
2157 3043 2348 3105 pecu-

322 3111 500 3172 niam
544 3113 812 3194 peteret,
859 3109 1149 3194 exceptio
1195 3108 1386 3174 huius
1437 3114 1699 3174 senatus
1747 3110 2028 3174 consulti
2072 3132 2205 3175 non
2250 3115 2348 3175 est

323 3196 665 3281 profutura
706 3197 984 3282 mulieri;
1028 3219 1235 3282 neque
1274 3199 1447 3262 enim
1487 3220 1629 3262 eam
1664 3199 2035 3284 periclitari,
2078 3221 2159 3264 ne
2199 3221 2344 3264 eam

323 3286 660 3368 pecuniam
709 3288 964 3371 perdat,
1012 3308 1155 3351 cum
1201 3287 1334 3352 iam
1382 3310 1523 3352 eam
1571 3286 1824 3367 habeat.

502 3379 853 3440 Triboniani
894 3397 1115 3440 manus
1162 3385 1429 3458 apparet.

503 3483 605 3548 32.
660 3482 824 3549 Ibid.
870 3487 909 3564 ξ
943 3486 1000 3549 1.
1043 3520 1108 3530 -
1180 3481 1249 3548 Si
1307 3484 1388 3548 ab
1438 3506 1514 3548 ea
1560 3484 1856 3568 muliere,
1909 3507 2072 3569 quae
2120 3488 2345 3551 contra

325 3573 587 3636 senatus
661 3574 1025 3640 consultum
1094 3573 1588 3658 intercessisset,
1659 3573 2105 3640 fideiussorem
2169 3595 2347 3639 acce-
