2575 3900
740 198 791 248 4.
830 193 889 250 C.
918 193 1211 250 CASSIUS
1248 193 1616 250 LONGINUS
2113 196 2196 260 75

835 383 1136 450 Man-dati
1178 385 1271 450 vel
1313 390 1544 451 contra.

970 505 1067 566 De
1106 506 1400 565 mandato.

351 614 458 680 14.
504 613 641 680 Gai.
661 616 721 694 3,
744 616 889 681 161.
919 649 1002 662 —-
1033 613 1197 681 Cum
1229 665 1243 680 .
1264 664 1277 679 .
1308 615 1364 680 is
1393 616 1496 681 cui
1525 619 1700 681 recte
1737 615 2198 703 mandaverim,

171 723 473 787 egressus
528 703 723 768 fuerit
776 704 1178 787 mandatum,
1240 723 1362 788 ego
1419 704 1675 789 quidem
1732 709 1996 770 eatenus
2053 727 2198 770 cum

173 813 244 856 eo
312 791 525 857 habeo
590 793 878 857 mandati
940 792 1289 877 actionem,
1352 796 1669 878 quatenus
1732 814 1878 858 mea
1930 793 2203 860 interest

170 880 458 964 inplesse
506 901 651 945 eum
696 881 1094 967 mandatum,
1139 882 1195 946 si
1239 881 1432 947 modo
1479 879 1728 966 inplere
1767 881 2083 967 potuerit,
2131 886 2202 949 at

169 969 279 1032 ille
339 989 594 1033 mecum
650 990 839 1054 agere
893 992 1023 1035 non
1070 974 1302 1055 potest.
1395 971 1609 1052 itaque
1657 970 1713 1035 si
1758 971 2198 1037 mandaverim

170 1058 315 1142 tibi,
360 1061 437 1122 ut
480 1058 661 1122 verbi
708 1060 919 1144 gratia
966 1059 1234 1123 fundum
1281 1057 1443 1125 mihi
1492 1059 1805 1124 sestertiis
1845 1057 1894 1124 G
1938 1081 2202 1139 emeres,

167 1149 239 1210 tu
286 1147 607 1211 sestertiis
654 1144 761 1212 CL
808 1149 1062 1233 emeriS,
1116 1169 1250 1213 non
1297 1146 1568 1212 habebis
1613 1169 1864 1212 mecum
1909 1147 2198 1213 mandati

170 1235 514 1319 actionem,
561 1235 818 1300 etiamsi
855 1237 1024 1301 tanti
1061 1236 1219 1302 velis
1257 1234 1420 1300 mihi
1459 1234 1611 1300 dare
1647 1234 1935 1321 fundum,
2019 1237 2204 1302 nanti

168 1323 510 1389 emendum
527 1322 651 1388 tibi
671 1325 1103 1409 mandassem,
1121 1325 1314 1409 idque
1336 1325 1616 1389 maxime
1633 1323 1874 1390 Sabino
1895 1332 1960 1391 et
2027 1326 2200 1390 assio

166 1413 430 1496 placuit

903 1525 999 1584 De
1042 1525 1464 1584 ratihabitione.

358 1642 459 1708 15.
506 1642 587 1709 D.
615 1644 721 1729 43,
753 1645 855 1728 16,
889 1647 944 1727 1,
974 1644 1073 1709 14.
1165 1641 1487 1727 Ulpianus
1534 1643 1702 1708 libro
1751 1646 2200 1732 sexagensimo

169 1753 343 1796 nono
392 1732 471 1796 ad
520 1733 797 1798 edictum
844 1729 1187 1820 (P.1524).
1234 1768 1320 1779 -
1491 1733 1837 1798 secundum
1886 1732 2201 1800 Sabinum

172 1825 240 1884 et
276 1817 595 1905 Cassium,
632 1821 743 1906 qui
780 1820 1312 1887 ratihabitionem
1351 1821 1658 1886 mandato
1698 1827 2075 1906 comparant
2113 1871 2130 1888 .
2150 1874 2164 1889 .
2185 1874 2201 1889 .

951 2024 1158 2099 Empti
1198 2027 1431 2085 venditi.

353 2144 453 2208 16.
518 2142 657 2208 Gai.
688 2144 746 2222 3,
780 2143 925 2209 147.
975 2179 1051 2190 —
1103 2193 1118 2208 .
1148 2192 1163 2208 .
1217 2143 1575 2227 quaeritur,
1630 2144 1687 2209 si
1740 2167 1882 2210 cum
1942 2144 2200 2208 aurifice

167 2230 331 2295 mihi
395 2232 797 2316 convenerit,
862 2235 936 2296 ut
996 2232 1053 2296 is
1120 2254 1197 2296 ex
1262 2253 1421 2297 auro
1488 2254 1605 2297 suo
1671 2234 1831 2299 certi
1894 2231 2200 2318 ponderis

168 2323 511 2405 certaeque
582 2320 832 2386 formae
896 2320 1126 2386 anulos
1190 2320 1351 2386 mihi
1413 2320 1681 2406 faceret,
1754 2325 1820 2387 et
1883 2322 2203 2404 acceperit

166 2409 351 2474 verbi
397 2408 614 2494 gratia
651 2409 945 2475 denarios
984 2407 1105 2493 CO,
1143 2415 1361 2474 utrum
1401 2410 1646 2493 emptio
1691 2415 1756 2475 et
1793 2409 2077 2475 venditio
2117 2432 2202 2474 an

166 2498 411 2564 locatio
451 2500 518 2561 et
554 2498 896 2564 conductio
934 2499 1371 2563 contrahatur.
1451 2495 1718 2563 Cassius
1756 2498 1850 2563 ait
1888 2498 2199 2563 materiae

164 2586 429 2671 quidem
466 2588 858 2671 emptionem
899 2584 1460 2670 venditionemque
1498 2586 1818 2670 contrahi,
1856 2607 2198 2670 operarum

164 2678 390 2741 autem
436 2675 824 2740 locationem
871 2679 938 2740 et
983 2674 1494 2739 conductionem.

921 2875 1131 2935 Locati
1176 2875 1455 2935 conducti.

354 2996 453 3059 17.
501 2992 581 3059 D.
612 2994 714 3078 19,
742 2995 803 3075 2,
835 2994 935 3078 19,
966 2997 1023 3060 1.
1102 2992 1424 3076 Ulpianus
1459 2994 1630 3060 libro
1675 2995 2058 3081 trigensimo
2107 3017 2200 3060 se-

168 3082 381 3149 cundo
440 3083 521 3148 ad
577 3082 857 3147 edictum
912 3081 1015 3171 (P.
1052 3080 1231 3167 951).
1283 3118 1370 3130 —
1417 3082 1486 3148 Si
1541 3084 1684 3169 quis
1739 3084 1912 3149 dolia
1964 3085 2202 3150 vitiosa

168 3172 442 3255 ignarus
483 3171 814 3255 locaverit,
860 3170 1089 3235 deinde
1126 3172 1348 3237 vinum
1387 3171 1722 3255 effluxerit,
1765 3173 2096 3238 tenebitur
2129 3174 2201 3239 in

169 3260 236 3325 id
285 3260 458 3344 quod
500 3260 773 3324 interest
816 3280 934 3324 nec
980 3260 1350 3344 ignorantia
1395 3260 1531 3326 eius
1580 3263 1707 3326 erit
1753 3265 2080 3346 excusata3
2136 3266 2202 3327 et

162 3348 261 3413 ita
306 3345 572 3413 Cassius
619 3348 894 3433 scripsit.

349 3468 721 3546 Fragmenta
784 3468 856 3527 de
911 3468 1195 3527 mandato
1262 3472 1323 3527 et
1385 3470 1841 3549 ratihabitione,
1911 3471 2056 3529 item
2127 3470 2200 3529 de

167 3557 475 3633 emptione
540 3560 602 3617 et
654 3556 950 3617 locatione
1004 3558 1263 3616 fortasse
1309 3556 1456 3617 iuris
1528 3559 1721 3619 civilis
1783 3558 1952 3618 libris
2027 3558 2201 3617 attri-
