2575 3900
360 182 494 246 468
571 182 638 238 V.
676 180 979 237 NERVAE
1017 180 1111 234 ET
1147 179 1453 234 'I'RAIANI
1488 179 1701 236 TEMP.
1740 179 1932 236 IURIS
1967 177 2347 234 CONSULTI

955 343 1055 409 De
1098 344 1394 426 emptione
1436 344 1789 409 venditione.

540 459 600 524 9.
647 458 725 522 D.
759 459 858 541 18,
889 460 948 542 1,
975 459 1077 524 64.
1150 458 1329 523 Idem
1364 455 1478 544 (se.
1508 455 1879 546 Iavolenus)
1906 458 2073 522 libro
2104 458 2411 522 secundo

362 548 825 631 Epistularum.
888 585 963 593 —
1024 547 1294 613 Fundus
1346 548 1451 612 iile
1496 553 1583 613 est
1623 548 1780 613 mihi
1822 553 1880 612 et
1924 546 2089 612 Titio
2132 551 2413 628 emptus.

362 657 616 722 quaero,
658 641 866 701 utrum
911 639 984 702 in
1019 642 1263 718 partem
1309 657 1395 701 an
1438 637 1510 700 in
1555 640 1744 701 totam
1787 637 2052 701 venditio
2097 635 2415 700 consistat

365 746 454 790 an
495 725 657 790 nihil
699 730 904 790 actum
945 727 1044 790 sit.

543 813 856 897 Respondi
865 835 888 878 .·
938 834 1276 897 personam
1333 813 1490 878 Titii
1546 834 1915 895 supervacuo
1970 814 2409 894 accipiendam

353 908 512 988 puto
556 905 802 986 ideoque
848 907 1031 969 totius
1070 903 1258 983 fundi
1303 905 1661 986 emptionem
1706 905 1792 967 ad
1833 923 1927 967 me
1958 903 2286 985 pertinere.

1090 1079 1190 1145 De
1233 1081 1668 1145 communione.

550 1194 653 1261 10.
695 1194 775 1260 D.
809 1196 908 1280 10,
938 1196 996 1280 3,
1028 1195 1128 1260 18.
1208 1194 1551 1260 Iavolenus
1597 1195 1763 1260 libro
1812 1195 2091 1260 seeundo
2128 1194 2405 1277 Epistu-

370 1285 599 1350 larum.
644 1321 728 1331 —
789 1283 869 1350 Ut
904 1283 1142 1364 fundus
1185 1283 1591 1349 hereditarius
1630 1285 1827 1364 fundo
1861 1305 1987 1349 non
2020 1283 2403 1349 hereditario

369 1376 613 1453 serviat,
662 1373 894 1437 arbiter
936 1375 1252 1456 disponere
1296 1394 1424 1437 non
1457 1379 1671 1458 potest,
1715 1375 1865 1456 quia
1908 1373 2080 1438 ultra
2106 1374 2191 1436 'id
2231 1374 2406 1454 quod

369 1465 441 1529 in
492 1464 794 1528 iudicium
845 1463 1164 1527 deductum
1216 1467 1307 1526 est
1355 1463 1630 1527 excedere
1669 1467 1941 1544 potestas
1997 1462 2217 1527 iudicis
2266 1481 2402 1525 non

361 1556 576 1635 potest.

936 1639 1036 1704 De
1077 1639 1396 1704 verborum
1442 1640 1818 1723 obliyatione.

557 1754 655 1818 11.
712 1752 793 1820 D.
819 1753 927 1839 45,
958 1755 1014 1834 1,
1046 1753 1191 1819 105.
1280 1753 1459 1819 Idem
1504 1751 1621 1840 (se.
1666 1751 2038 1840 Iavolenus)
2084 1753 2252 1819 libro
2299 1776 2399 1819 se-

376 1842 585 1908 eundo
650 1842 1112 1925 Epistularum.
1183 1879 1257 1889 —
1326 1842 1675 1927 Stipulatus
1744 1864 1883 1909 sum
1944 1843 2223 1909 Damam
2280 1849 2401 1908 aut

374 1931 632 1997 Erotem
664 1952 907 1997 servum
941 1932 1102 1998 dari.
1173 1953 1314 1999 cum
1348 1931 1629 1998 Damam
1664 1933 1859 2019 dares,
1894 1955 1996 2016 eyo
2032 1954 2149 2016 quo
2185 1933 2398 1999 minus

374 2023 724 2106 acciperem,
757 2022 826 2085 in
862 2041 1038 2085 mora
1069 2022 1203 2103 fui;
1241 2028 1521 2088 mortuus
1555 2027 1645 2088 est
1665 2022 1897 2088 Dama.
1970 2044 2057 2087 an
2080 2028 2274 2105 putas
2300 2043 2399 2087 me

376 2132 451 2176 ex
493 2110 794 2191 stipulatu
836 2112 1134 2175 actionem
1176 2110 1439 2176 habere?

553 2198 922 2281 Respondit:
992 2201 1323 2265 secundum
1388 2201 1701 2265 Massurii
1761 2199 1986 2265 Sabini
2048 2201 2396 2282 opinionem

365 2293 523 2373 puto
570 2292 624 2352 te
659 2308 734 2353 ex
767 2288 1071 2371 stipulatu
1105 2309 1281 2371 ayere
1316 2310 1442 2354 non
1464 2310 1677 2372 posse;
1723 2309 1873 2353 nam
1908 2291 1967 2354 is
1998 2294 2151 2355 recte
2185 2289 2393 2353 existi·

377 2377 610 2461 mabat,
664 2378 722 2441 si
761 2398 878 2459 per
935 2377 1256 2443 debitorem
1301 2398 1479 2443 mora
1521 2398 1647 2443 non
1690 2382 1861 2460 esset,
1914 2399 2031 2460 quo
2076 2379 2286 2443 minus
2328 2378 2397 2443 id

377 2467 540 2548 quod
579 2466 825 2531 debebat
867 2467 1135 2551 solveret,
1178 2468 1465 2533 continuo
1509 2487 1649 2531 eum
1692 2467 1883 2531 debito
1931 2467 2201 2532 liberari.

562 2556 660 2620 12.
718 2554 798 2619 D.
851 2556 959 2635 16,
989 2556 1057 2640 2,
1090 2555 1188 2620 15.
1278 2554 1457 2621 Idem
1507 2552 1623 2643 (se.
1661 2555 2033 2640 Iavolenus)
2081 2555 2251 2620 libro
2298 2576 2389 2620 se-

379 2643 606 2709 cundo·
650 2644 1114 2727 Epistularum.
1174 2680 1251 2690 —
1319 2643 1657 2710 Pecuniam
1718 2650 1874 2710 certo
1938 2645 2062 2711 loco
2125 2666 2167 2709 a
2232 2644 2390 2709 Titio

378 2734 524 2798 dari
575 2734 910 2817 stipulatus
961 2754 1116 2799 sum.
1189 2734 1247 2798 is
1286 2735 1448 2817 petit
1499 2754 1542 2797 a
1592 2752 1689 2798 me
1738 2755 1928 2816 quam
1984 2736 2041 2798 ei
2084 2734 2257 2799 debeo
2288 2754 2391 2817 pe-

379 2823 648 2887 cuniam.
710 2842 962 2904 quaero,
1023 2843 1111 2886 an
1162 2821 1272 2886 hoc
1322 2843 1555 2905 quoque
1584 2823 1978 2905 pensandum
2018 2823 2126 2906 sit,
2179 2824 2392 2904 quanti

379 2930 518 2974 mea
561 2911 846 2991 interfuit
885 2916 1042 2976 certo
1087 2910 1211 2975 loco
1255 2912 1417 2976 dari.

557 2998 925 3081 Respondit:
987 3000 1045 3064 si
1102 2998 1310 3065 Titius
1358 3001 1532 3083 petit,
1588 3020 1723 3065 eam
1775 3021 2010 3083 quoque
2048 3001 2386 3084 pecaniam,

361 3107 568 3169 ,quam
596 3093 752 3153 certo
781 3088 904 3153 loco
919 3088 1227 3170 promisit,
1254 3089 1326 3153 in
1351 3090 1893 3172 compensationem
1920 3090 2133 3155 deduci
2154 3094 2385 3171 oportet,

380 3178 489 3241 sed
530 3198 668 3242 cum
710 3198 828 3242 sua
865 3198 1072 3255 causa,
1117 3178 1187 3241 id
1218 3182 1308 3241 est
1338 3182 1408 3242 ut
1440 3180 1603 3243 ratio
1636 3178 1946 3256 habeatur,
1990 3179 2208 3261 quanti
2245 3178 2387 3242 Titii

381 3266 733 3348 interfuerit
754 3287 819 3331 eo
847 3266 972 3331 loco
997 3286 1117 3349 quo
1141 3268 1485 3331 convenerit
1494 3268 1827 3349 pecuniam
1854 3268 1997 3331 dari
2013 3266 2195 3350 (datu
2218 3266 2385 3352 iri.2).

560 3368 803 3427 Perniee
830 3361 919 3426 112
946 3388 1004 3445 p.
1035 3370 1160 3428 306
1191 3387 1247 3426 n.
1281 3371 1346 3426 1:
1384 3363 1524 3427 ‘Mir
1561 3369 1793 3428 seheint
1826 3369 1993 3427 nicht
2020 3368 2383 3443 zweifelhaft,

386 3452 516 3513 dass
564 3455 723 3515 diese
760 3456 1136 3533 Erfirterung
1172 3456 1299 3515 sich
1334 3457 1445 3515 auf
1476 3456 1572 3516 die
1606 3457 2380 3535 Argentarierverhffltnisse

385 3542 621 3602 bezieht
667 3590 680 3603 .
709 3590 721 3604 .
754 3539 791 3604 .'
