2575 3900
818 208 868 258 6.
912 199 1334 258 IAVOLENUS
1372 201 1667 258 PRISCUS
1902 202 1906 243 ἶ
2033 203 2037 207 ’
2119 200 2253 267 433

998 383 1098 450 De
1141 383 1480 449 mandato?

409 500 554 565 129.
608 498 685 563 Ι).
717 500 777 584 3,
814 499 877 584 5,
912 499 1018 565 42.
1108 496 1329 564 Labeo
1375 497 1541 563 libro
1590 503 1772 564 sexto
1819 500 2249 583 posteriorum

227 587 730 670 epitomatorum
759 610 797 652 a
823 587 1146 653 Iavoleno.
1180 623 1256 634 -—
1292 586 1449 653 Oum
1475 589 1804 670 pecuniam
1840 589 1971 653 eins
2006 588 2253 654 nomine

223 679 478 751 solveres
491 727 506 755 ,
550 678 659 759 qui
704 677 815 741 tibi
857 677 1020 741 nihil
1064 678 1485 760 mandaverat,
1531 679 1905 761 neqotiornm
1944 682 2251 760 qestorum

221 769 383 833 aetio
439 766 548 831 tibi
591 768 894 848 competit,
951 786 1090 831 cnm
1147 787 1220 830 ea
1263 766 1561 831 solutione
1605 766 1835 831 debitor
1876 786 1921 830 a
1964 767 2253 831 creditore

225 854 521 921 liberatus
564 856 698 938 sit[,
741 856 870 920 nisi
913 856 973 920 si
1009 856 1162 937 qnid
1193 855 1483 919 debitoris
1516 856 1803 936 interfuit
1834 875 1970 919 eam
1998 856 2251 937 pecnni-

226 966 335 1012 am
378 965 505 1009 non
547 944 703 1009 solvi
692 946 752 1024 ].

1004 1030 1104 1097 De
1146 1031 1470 1098 societate?

407 1148 552 1215 130.
589 1147 667 1213 D.
701 1149 798 1231 17,
825 1147 887 1230 2,
916 1148 1020 1213 84.
1083 1146 1301 1212 Labeo
1338 1146 1506 1212 libro
1536 1150 1717 1213 sexto
1746 1147 2180 1231 posteriorum
2212 1171 2251 1213 a

223 1236 532 1303 Iavoleno
562 1236 1074 1322 epitomatorum.
1099 1271 1182 1283 --
1205 1236 1494 1317 Quotiens
1520 1237 1694 1301 iussu
1720 1237 1987 1302 alieuius
2002 1238 2095 1303 vel
2112 1259 2249 1303 oum

222 1328 356 1409 filio
383 1327 513 1392 eins
537 1325 630 1391 vel
657 1346 796 1391 eum
821 1330 1108 1391 extraneo
1132 1326 1385 1391 societas
1411 1326 1624 1409 coitur,
1659 1326 1882 1390 directo
1910 1346 2051 1391 enm
2076 1328 2251 1393 illins

208 1436 484 1501 persona
527 1415 634 1498 ayi
667 1434 862 1500 posse,
906 1416 1084 1480 onius
1117 1434 1388 1496 persona
1424 1415 1494 1478 in
1528 1413 1941 1545 contrahenda
1974 1416 2251 1482 societate

223 1508 492 1588 spectata
533 1505 632 1569 sit.

950 1591 1050 1658 De
1095 1592 1231 1657 inre
1273 1592 1525 1656 dotium.

405 1707 552 1773 131.
615 1704 694 1771 D.
721 1707 828 1789 23,
857 1706 915 1791 3,
947 1707 1028 1771 79
1058 1730 1152 1792 pr.
1241 1704 1459 1771 Labeo
1518 1706 1687 1771 libro
1746 1710 1927 1771 sexto
1978 1710 2248 1791 posteri-

225 1819 409 1863 orum
451 1817 490 1859 a
525 1796 827 1861 Iavoleno
875 1795 1394 1880 epitomatorum.
1434 1832 1516 1842 —
1555 1797 1733 1861 Avus
1768 1797 1966 1877 neptis
2000 1798 2251 1864 nomine

219 1887 355 1972 filio
399 1890 586 1952 natae
621 1906 842 1968 yenero
885 1886 1082 1952 dotem
1127 1885 1291 1950 dedit
1332 1889 1390 1950 et
1421 1885 1701 1950 moritur.
1780 1890 1963 1969 neyat
1995 1885 2249 1954 Servius

222 1975 420 2041 dotem
475 1974 562 2040 ad
597 1980 848 2057 patrem
891 1975 1107 2040 reverti
1150 1979 1208 2039 et
1251 1995 1354 2057 eqo
1398 1995 1536 2040 eum
1581 1973 1793 2040 Servio
1838 1977 2047 2059 sentio,
2097 1978 2248 2058 qnia

220 2085 348 2130 non
381 2069 581 2147 potest
622 2065 819 2130 videri
861 2063 940 2128 ab
984 2084 1050 2128 eo
1089 2063 1384 2147 profecta,
1426 2064 1577 2146 qnia
1610 2063 1769 2128 nihil
1803 2084 1876 2128 ex
1908 2064 2009 2129 his
2045 2061 2110 2150 (ἓ
2138 2067 2249 2149 qni

219 2152 384 2219 nihil
425 2153 668 2218 exheres
677 2152 744 2230 ,9)
787 2153 891 2217 sni
931 2151 1256 2218 habuisset.
1301 2196 1306 2201 -

403 2243 548 2308 132.
611 2241 691 2306 D.
728 2241 881 2305 ibid.
902 2243 950 2321 ’ξ
992 2242 1047 2305 1.
1109 2278 1184 2287 —
1243 2240 1437 2306 Pater
1487 2241 1659 2323 filiae
1709 2243 1956 2307 nomine
2008 2247 2247 2308 centum

215 2331 353 2397 'doti
386 2332 480 2396 ita
515 2327 709 2395 dixit²
745 2329 906 2395 ‘oum
939 2330 1497 2395 commodissimum
1530 2328 1719 2394 esset’.
1794 2331 2017 2397 Ateius
2050 2333 2245 2414 scrip-

220 2422 306 2486 sit
357 2417 644 2486 Servium
694 2418 1099 2502 respondisse,
1163 2439 1303 2482 eum
1343 2419 1629 2500 primum
1680 2419 1814 2483 sine
1866 2421 2246 2503 turpitudine

222 2513 281 2573 et
322 2509 598 2588 infamia
641 2509 787 2573 dari
816 2509 1045 2592 possit,
1089 2506 1307 2572 deberi.

401 2620 580 2695 Apud
607 2619 950 2679 Labeonem
977 2638 1212 2696 quoque
1239 2617 1302 2676 II
1335 2619 1391 2693 1,
1417 2638 1475 2694 p.
1502 2619 1629 2678 203
1660 2618 1732 2676 de
1761 2619 1873 2678 hoe
1900 2619 2241 2697 fragmento

223 2707 540 2768 dicendum
587 2710 734 2769 erat.

408 2808 554 2874 133.
599 2809 678 2874 D.
707 2809 812 2890 23,
841 2809 900 2894 3,
930 2809 1032 2874 80.
1092 2808 1431 2873 Iavolenus
1460 2807 1625 2872 libro
1656 2810 1838 2873 sexto
1867 2830 1944 2872 ex
1971 2809 2241 2892 posteri·

225 2899 446 2964 oribus
501 2896 837 2962 Labeonis.
899 2934 975 2944 -—
1033 2897 1108 2963 Si
1162 2897 1389 2962 debitor
1440 2897 1722 2965 mulieris
1775 2898 1971 2962 dotem
2024 2917 2242 2980 sponso

211 2987 576 3072 promiserit
607 2987 884 3071 (dixerit
875 2987 956 3070 2),
986 3007 1159 3068 posse
1194 2985 1511 3050 mulierem
1546 2991 1689 3050 ante
1722 2989 1973 3070 nuptias
2004 3008 2047 3052 a
2082 2989 2239 3054 debi

223 3081 348 3142 tore
397 3097 536 3141 eam
575 3077 910 3158 pecuniam
957 3080 1154 3158 petere
1197 3095 1389 3157 neque
1430 3095 1496 3140 eo
1540 3076 1789 3140 nomine
1819 3081 2037 3159 postea
2079 3077 2239 3142 debi-

223 3169 412 3231 torem
473 3166 606 3231 viro
665 3165 1000 3248 obliyatnm
1047 3164 1337 3246 futurum
1389 3165 1485 3228 ait
1535 3164 1754 3229 Labeo.
1849 3165 2085 3268 falsum
2138 3171 2239 3246 est,

221 3255 372 3338 qnia
414 3274 487 3320 ea
512 3255 846 3336 promissio
883 3255 952 3318 in
973 3253 1268 3336 pendenti
1302 3257 1465 3337 esset,
1496 3254 1694 3319 donec
1729 3245 2014 3337 obliyat'io
2052 3256 2144 3319 in
2161 3275 2236 3320 ea

217 3363 413 3410 eausa
455 3347 561 3410 est

398 3447 476 3510 of.
515 3446 598 3524 11,
648 3447 681 3505 1
730 3465 786 3521 p.
831 3446 976 3505 164.

364 3584 394 3632 1
438 3579 590 3634 Trib.
628 3577 903 3648 promisit.

326 3677 519 3727 lurum.
548 3675 784 3718 antehadr.
811 3676 908 3718 rell.
937 3675 1006 3718 ed.
1033 3677 1232 3717 Bremer.
1277 3676 1342 3728 ΙΙ,
1370 3677 1409 3718 2.
1746 3673 1813 3721 28
