2575 3900
463 205 560 264 IV·
599 206 792 274 QUAE
832 205 1164 262 RECEPTA
1201 205 1411 276 SUNT,
1446 204 1932 262 PLAOUERUNT
1967 206 2118 263 ETC.
2159 208 2304 272 .579

947 393 1040 452 De
1082 393 1397 465 usufructu
1442 394 1640 467 leqatO.

459 512 564 576 22.
625 509 704 577 D.
764 512 822 596 7,
888 513 941 595 1,
1000 513 1059 593 3,
1097 513 1157 578 2.
1220 509 1422 576 Gaius
1488 512 1657 576 libro
1724 511 1999 577 secundo
2062 513 2301 579 Rerum

283 597 799 665 Cottidianarum
847 601 946 664 vel
993 599 1373 668 Aureorum.
1421 636 1505 647 —
1559 599 1659 664 Ne
1705 650 1720 665 .
1760 653 1772 666 .
1819 601 1890 664 in
1936 602 2304 668 universum

281 689 537 754 inutiles
604 693 819 753 essent
880 689 1309 773 proprietates
1384 710 1635 774 semper
1709 688 2087 755 abscedente
2154 714 2303 756 usu-

281 777 512 861 fructu,
581 778 824 862 placuit
887 778 1077 842 certis
1132 778 1307 843 modi
1362 777 1651 864 extingui
1706 778 2174 845 usumfructum
2240 784 2305 844 et

283 865 363 930 ad
411 866 876 950 proprietatem
920 867 1178 931 reverti.

461 953 563 1020 23.
623 953 700 1019 D.
754 957 812 1036 7,
861 954 917 1036 1,
964 955 1066 1020 56.
1135 954 1334 1020 Gaius
1390 955 1556 1021 libro
1606 957 1880 1040 septimo
1928 955 2172 1022 decimo
2221 957 2302 1026 ad

289 1044 568 1108 edictum
626 1042 1042 1127 provinciale.
1095 1065 1169 1090 -—·
1223 1044 1327 1109 An
1374 1045 1776 1110 ususfructus
1822 1046 2085 1110 nomine
2132 1047 2302 1111 actio

284 1132 722 1216 municipibus
780 1132 918 1196 dari
966 1132 1228 1215 debeat,
1296 1135 1656 1218 quaesitum
1732 1137 1831 1198 est
1894 1184 1907 1198 .
1937 1183 1952 1200 .
1983 1183 1996 1198 .
2060 1135 2305 1219 placuit

283 1219 557 1284 dandam
612 1242 755 1286 esse
810 1221 1148 1286 actionem.
1224 1221 1392 1285 unde
1457 1243 1732 1307 sequens
1799 1222 2119 1288 dubitatio
2184 1227 2304 1309 est,

281 1331 608 1393 quousque
654 1310 876 1374 tuendi
924 1313 1141 1374 essent
1183 1311 1251 1374 in
1320 1333 1393 1375 eo
1449 1333 1570 1375 usu
1630 1311 1843 1376 fructu
1912 1313 2301 1397 municipes3

281 1404 348 1462 et
399 1399 646 1482 placuit
701 1401 956 1463 centum
1015 1420 1219 1463 annos
1266 1399 1543 1464 tuendos
1592 1421 1731 1464 esse
1778 1400 2131 1484 municipes
2179 1451 2194 1466 .
2234 1453 2247 1465 .
2286 1450 2303 1467 .

1016 1572 1112 1630 De
1155 1589 1319 1631 servo
1365 1573 1564 1647 legato,

459 1689 561 1753 24.
622 1689 701 1754 D.
746 1691 852 1769 30,
899 1690 1002 1774 69,
1048 1690 1110 1756 5.
1154 1726 1240 1736 —
1296 1689 1477 1755 Idem
1538 1687 1650 1776 (sc.
1700 1688 1926 1774 Gaius)
1990 1690 2158 1756 libro
2204 1714 2300 1757 se-

287 1782 489 1842 cundo
538 1779 615 1843 de
662 1779 897 1863 legatis
947 1779 1030 1844 ad
1069 1779 1350 1845 edictum
1385 1779 1721 1863 praetoris.
1760 1815 1844 1826 -
1888 1777 1956 1842 Si
1993 1802 2096 1845 res
2134 1801 2299 1864 quae

280 1866 502 1952 legata
559 1871 658 1932 est
722 1890 803 1932 an
849 1868 919 1931 in
967 1890 1179 1932 rerum
1226 1873 1461 1932 natura
1507 1868 1593 1932 sit
1640 1867 1981 1951 dubitetur,
2027 1868 2195 1934 forte
2242 1872 2298 1934 si

279 1956 545 2021 dubium
593 1958 696 2038 sit,
717 1972 722 1979 ·
744 1978 826 2021 an
872 1958 1068 2023 homo
1095 1958 1352 2042 legatus
1392 1958 1586 2035 vivat,
1623 1958 1865 2040 placuit
1901 1956 2008 2042 agi
2045 1959 2299 2041 quidem

281 2067 358 2109 ex
422 2048 814 2111 testamento
869 2068 1087 2130 posse,
1143 2046 1255 2111 sed
1302 2046 1518 2111 officio
1563 2046 1792 2112 iudicis
1840 2047 2177 2132 contineri,
2222 2055 2300 2112 ut

279 2134 495 2199 cautio
569 2135 1104 2219 interponeretur,
1170 2158 1297 2220 qua
1370 2136 1555 2201 heres
1630 2138 1884 2200 caveret
1948 2157 2089 2199 eam
2162 2156 2297 2200 rem
2385 2200 2403 2222 ,

279 2227 762 2306 persecuturum
809 2228 891 2307 et,
937 2224 992 2289 si
1036 2229 1266 2288 nactus
1316 2225 1419 2308 sit,
1465 2224 1782 2308 legatario
1829 2223 2297 2290 restituturum.
2370 2201 2403 2255 ⁸·

923 2396 1017 2455 De
1062 2398 1395 2456 liberatione
1438 2398 1643 2471 leyata.

323 2558 329 2564 .
457 2505 586 2571 25?
633 2506 710 2571 D.
743 2506 846 2591 34,
884 2506 944 2585 3,
973 2506 1125 2589 3pr.
1173 2504 1494 2589 Ulpianus
1531 2506 1696 2570 libro
1727 2506 2073 2571 vicensimo
2101 2509 2294 2573 tertio

283 2594 364 2659 ad
431 2591 758 2659 Sabinum.
814 2631 901 2641 —
963 2592 1438 2659 Liberationem
1507 2594 1783 2659 debitori
1837 2616 2027 2677 posse
2091 2596 2296 2682 legari

279 2683 410 2747 iam
457 2688 704 2748 certum
752 2687 868 2748 est.
1199 2748 1202 2753 .

968 2807 1070 2873 De
1110 2809 1606 2890 fideicommissis.

458 2923 560 2987 26.
637 2920 778 2987 Gai.
825 2923 883 3006 2,
930 2923 1078 2988 288.
1126 2959 1211 2969 -
1260 2973 1274 2987 .
1305 2973 1318 2988 .
1366 2944 1609 3006 poenae
1664 2922 1924 2987 nomine
1979 2923 2109 2987 iam
2161 2947 2295 2990 non

282 3011 618 3076 dubitatur
651 3033 770 3076 nec
815 3034 929 3096 per
973 3012 1543 3077 fideicommissum
1572 3063 1585 3076 .
1616 3062 1631 3077 .
1678 3011 1950 3096 relinqui
1997 3034 2205 3097 posse.

946 3179 1047 3246 De
1093 3181 1363 3247 libertate
1404 3181 1629 3246 relicta.

339 3338 347 3345 -
456 3296 560 3361 27.
626 3295 704 3360 D.
760 3296 865 3381 40,
918 3297 981 3377 4,
1040 3296 1136 3360 16.
1191 3332 1266 3344 -
1334 3296 1514 3361 Idem
1580 3292 1695 3381 (sc.
1739 3294 2059 3381 Iulianus)
2124 3297 2288 3361 libro

278 3385 656 3470 trigensimo
698 3389 877 3450 sexto
907 3384 1344 3469 Digestorum.
1376 3421 1459 3434 —
1489 3384 1556 3450 Si
1592 3386 1686 3450 ita
1723 3387 2033 3469 scriptum
2070 3385 2289 3449 fuerit:

278 3470 446 3537 ‘cum
530 3472 754 3538 Titius
815 3495 1130 3538 annorum
1223 3475 1495 3559 triginta
1568 3475 1708 3557 erit,
1790 3472 2045 3539 Stichus
2127 3474 2291 3537 liber

281 3563 420 3625 esto
467 3610 481 3624 .
513 3610 526 3623 .
556 3560 594 3625 .’
646 3566 710 3626 et
757 3561 988 3647 Titius,
1023 3566 1382 3646 antequam
1432 3564 1510 3627 ad
1564 3584 1800 3627 annum
1837 3560 2287 3646 trigensimum

1758 3664 1865 3717 37*
