2575 3900
587 178 639 227 4.
675 170 1047 228 PLAUTIUS.
1086 202 1151 213 —
1190 170 1618 248 &nummus
1657 171 1869 229 CHIUS
2129 172 2257 237 237

234 336 301 402 N
304 358 461 402 erva
488 334 839 403 Atilicinus
878 336 1078 420 aiunt,
1115 336 1410 421 quamvis
1446 336 1514 401 id
1551 336 1926 403 mandatum
1963 336 2044 401 ad
2081 338 2264 401 tuam

235 446 375 491 rem
420 425 760 510 pertineat.

648 585 725 652 Si
763 585 1021 667 familia
1059 585 1307 667 furtum
1345 586 1558 667 fecisse
1599 587 1848 651 dicetur.

418 692 526 757 59.
569 690 650 756 D.
679 691 740 776 9,
764 692 830 773 4,
858 692 963 757 31.
1034 690 1279 757 Paulus
1315 692 1483 757 libro
1522 692 1799 777 septimo
1829 692 1910 757 ad
1937 692 2265 759 Plautium

238 778 342 869 (P.
385 776 609 867 1142).
661 816 737 828 -
788 779 975 857 Quod
1031 780 1127 846 ait
1181 784 1468 865 praetor,
1521 802 1668 846 cum
1720 780 1970 846 familia
2023 780 2268 847 furtum

239 870 471 953 faciat,
528 870 611 935 ad
657 892 803 935 eum
849 870 1111 936 modum
1158 890 1227 935 se
1274 871 1597 935 actionem
1643 870 1965 955 daturum,
2009 874 2084 934 ut
2126 874 2266 934 tan·

238 962 383 1024 tum
430 961 612 1024 actor
658 963 1118 1043 consequatur,
1163 962 1483 1044 quantum
1529 960 1586 1024 si
1632 959 1816 1025 liber.
1843 958 2074 1025 fuisset
2118 979 2269 1024 con-

244 1052 641 1133 sequeretur,
679 1048 1033 1132 quaeritur,
1066 1051 1283 1113 utrum
1314 1048 1394 1114 ad
1422 1048 1732 1133 pecuniae
1759 1046 2268 1132 praestationem

239 1134 557 1221 respiciat
608 1158 692 1201 an
737 1137 936 1201 etiam
982 1136 1065 1201 ad
1106 1158 1316 1202 noxae
1362 1135 1778 1220 deditionem,
1831 1141 1908 1203 ut
1951 1138 2163 1221 [puta]
2210 1135 2269 1201 si

240 1247 323 1290 ex
350 1224 579 1309 pretiis
604 1247 813 1291 noxae
841 1224 1205 1291 deditorum
1233 1226 1499 1310 duplum
1525 1226 1890 1312 colligatur,
1924 1227 2268 1312 sequentes

242 1315 536 1379 actiones
582 1314 1015 1380 inhibeantur.
1098 1312 1379 1380 Sabinus
1425 1319 1492 1381 et
1535 1310 1800 1381 Cassius
1844 1318 2082 1399 putant
2125 1336 2268 1399 pre-

240 1402 411 1469 tium
458 1423 711 1488 quoque
754 1424 962 1468 noxae
1009 1403 1376 1470 deditorum
1417 1402 1730 1489 imputari
1776 1402 2023 1470 debere.

545 1580 656 1646 De
699 1581 995 1647 bonorum
1027 1583 1406 1665 possessione
1439 1587 1654 1647 contra
1699 1582 1957 1647 tabulas.

424 1686 553 1753 60?
601 1688 678 1753 D.
707 1688 813 1770 37,
845 1688 949 1773 12,
974 1688 1036 1754 3.
1089 1687 1330 1753 Paulus
1367 1687 1536 1753 libro
1568 1692 1798 1754 octavo
1827 1688 1908 1753 ad
1935 1686 2269 1753 Plautium

242 1773 345 1864 (P.
381 1776 603 1862 1150).
653 1813 728 1824 —-
780 1776 1107 1843 Paconius
1154 1778 1271 1842 ait:
1321 1778 1375 1842 si
1419 1780 1642 1862 turpes
1687 1797 2025 1862 personas,
2070 1776 2271 1842 veluti

244 1865 675 1950 meretricem,
748 1888 787 1931 a
859 1870 1127 1952 parente
1196 1866 1641 1952 emancipatus
1707 1870 1774 1931 et
1837 1866 2269 1931 manumissus

242 1955 513 2021 heredes
585 1954 876 2040 fecisset,
952 1960 1243 2021 totorum
1317 1957 1633 2022 bonorum
1711 1958 1940 2022 contra
2010 1955 2268 2020 tabulas

242 2045 574 2128 possessio
619 2045 875 2128 parenti
919 2045 1125 2110 datur.

424 2138 669 2198 Paeonii
749 2139 1051 2198 sententia
1130 2139 1386 2199 fortasse
1469 2158 1506 2198 a
1577 2140 1821 2200 Plautio
1893 2139 2088 2199 relata
2157 2140 2270 2200 est.

244 2227 521 2304 Krueger
563 2247 621 2303 p.
652 2228 799 2288 157.

935 2328 1034 2394 De
1077 2331 1306 2396 damno
1350 2329 1588 2412 infecto.

427 2437 532 2502 61.
587 2435 664 2501 D.
701 2435 809 2513 39,
845 2435 907 2518 2,
938 2436 1044 2517 22,
1074 2436 1129 2500 1.
1220 2434 1400 2500 Idem
1456 2433 1570 2523 (sc.
1617 2433 1887 2521 Paulus)
1940 2436 2108 2501 libro
2167 2435 2270 2500 de·

250 2525 417 2590 cimo
474 2525 557 2590 ad
600 2523 930 2589 Plautium
974 2521 1073 2612 (P.
1118 2520 1338 2611 1179).
1385 2561 1468 2571 —
1516 2523 1828 2590 Plautius.
1917 2522 1990 2589 Si
2046 2525 2127 2588 ab
2176 2547 2273 2609 e0,

250 2635 440 2698 quem
502 2613 841 2680 dominum
903 2633 1046 2678 esse
1108 2633 1444 2698 negarem,
1505 2612 1739 2677 vellem
1804 2613 1925 2678 sub
1986 2612 2111 2678 hac
2166 2635 2271 2677 ex—

252 2703 548 2788 ceptione
595 2701 677 2768 ‘si
722 2701 1023 2767 dominus
1068 2722 1200 2766 non
1246 2700 1439 2766 esset'
1487 2700 1809 2786 satisdari,
1855 2701 1938 2767 ab
1985 2723 2062 2767 eo
2098 2722 2271 2786 vero,

252 2813 444 2876 quem
481 2791 815 2857 dominum
854 2811 994 2855 esse
1032 2789 1326 2874 dicerem,
1361 2812 1519 2874 pure
1551 2790 1938 2877 repromitti,
1974 2790 2274 2856 constitit

251 2902 385 2946 non
442 2880 673 2946 debere
726 2902 832 2945 me
886 2879 1262 2964 impetrare,
1319 2880 1432 2944 sed
1489 2879 1718 2945 debere
1765 2902 1866 2945 me
1914 2879 2178 2966 eligere,
2231 2902 2272 2945 a

252 2990 378 3052 quo
428 2969 621 3034 velim
666 2969 827 3034 mihi
874 2968 1101 3034 caveri.

804 3213 886 3298 5.
940 3220 1386 3314 ,summus
1442 3221 1723 3296 omns

430 3365 779 3427 Flaviorum
836 3365 1053 3426 aetatis
1114 3366 1269 3426 iuris
1331 3366 1562 3443 peritus
1623 3366 1890 3427 moribus
1943 3366 2272 3427 infamatus

253 3446 543 3536 (Martial.
576 3456 633 3534 5,
663 3457 766 3532 61,
796 3457 881 3515 10
926 3448 1145 3515 ‘acrior
1179 3449 1316 3516 hoc'
1355 3487 1437 3498 -
1477 3455 1831 3516 describitur
1866 3457 2065 3515 autem
2103 3475 2160 3515 a.
2188 3458 2270 3516 89

254 3547 609 3620 procurator
652 3544 961 3604 cuiusdam
998 3544 1284 3619 mulieris,
1323 3544 1428 3622 qui
1461 3563 1557 3604 res
1596 3545 1815 3618 uxoriS,
1851 3545 2032 3604 immo
2069 3544 2274 3604 mariti
