2575 3900
329 195 460 261 566
1061 193 1617 252 ΔΠΒῙΤΑΜΕΝΤΔ.

253 408 270 428 .
327 380 542 442 posse,
608 358 759 442 quia
815 357 1206 424 venditionis
1266 363 1369 424 est
1426 359 1737 425 resolutio
1806 358 2183 445 redhibiti03
2244 361 2367 423 alii

329 451 688 531 emptorem
735 446 1088 513 venditoris
1135 448 1501 514 accessione
1538 469 1805 514 usurum
1844 452 1910 513 et
1947 448 2367 514 venditorem

331 537 657 620 emptoris,

930 702 991 772 3.
1047 699 1513 773 Incertorum
1566 700 1758 772 libri.

507 861 596 920 De
657 865 928 921 veterum
982 861 1152 920 libris
1211 881 1266 920 v.
1325 881 1511 938 supra
1568 881 1623 938 p.
1670 862 1814 922 505.
1872 861 2222 936 fragmentis
2284 881 2361 920 ea

330 948 550 1022 addidi,
597 969 748 1027 quae
783 950 1041 1010 incertos
1079 949 1153 1009 de
1187 950 1339 1010 iuris
1368 951 1784 1011 consultorum
1816 951 2129 1010 sententiis
2159 953 2354 1009 rettu-

328 1038 469 1098 lisse
514 1038 813 1097 dicuntur.

997 1141 1052 1196 1.
1101 1135 1199 1195 De
1245 1137 1403 1196 iure
1450 1155 1672 1196 sacre.

903 1245 1002 1311 De
1046 1247 1456 1312 sacerdotibus
1487 1245 1769 1330 publicis.

516 1362 570 1426 1.
639 1359 800 1426 Gen.
870 1362 978 1444 10,
1046 1360 1159 1445 15,
1233 1365 1287 1427 1.
1354 1399 1430 1410 —
1500 1361 1949 1428 Gaerimoniae
2014 1361 2358 1446 impositae

330 1449 578 1514 flamini
624 1450 798 1515 Diali
846 1451 1107 1532 multae,
1153 1451 1310 1515 item
1360 1456 1576 1516 castus
1614 1450 2026 1536 multiplices,
2074 1471 2238 1534 quos
2286 1451 2357 1514 in

332 1538 534 1622 libris,
588 1539 697 1624 qui
745 1539 820 1604 de
867 1540 1309 1605 sacerdotibus
1348 1541 1628 1624 publicis
1666 1539 2014 1623 compositi
2050 1544 2203 1603 sunt
2251 1588 2265 1602 .
2296 1589 2312 1603 .
2342 1589 2358 1602 .

332 1629 607 1713 scriptos
655 1630 953 1715 legimus.

506 1741 577 1800 cf.
626 1741 849 1801 Fabius
894 1741 1120 1800 Pictor:
1169 1740 1215 1799 Ι.
1261 1761 1320 1816 p.
1371 1743 1471 1801 10.

1024 1894 1122 1961 De
1157 1896 1295 1962 iure
1332 1896 1664 1979 pontificio,

508 2011 566 2075 2.
615 2009 775 2076 Gen.
826 2013 927 2095 16,
974 2012 1032 2092 6,
1082 2012 1182 2077 12.
1239 2048 1315 2058 -
1368 2061 1382 2075 .
1416 2062 1428 2075 .
1460 2061 1475 2075 .
1522 2010 1832 2095 scriptum
1880 2009 2245 2074 invenimus
2292 2010 2361 2074 in

331 2100 808 2164 commentariis
856 2099 1240 2181 quibusdam
1300 2102 1379 2165 ad
1436 2101 1536 2166 ius
1582 2098 1987 2184 pontificium
2033 2098 2365 2183 pertinen—

329 2189 504 2253 tibus
553 2186 906 2252 ‘bidennes'
953 2190 1162 2272 primo
1208 2189 1415 2253 dictas
1463 2188 1501 2252 d
1550 2188 1768 2252 littera
1813 2188 2107 2271 inmissa,
2174 2188 2365 2271 quasi

334 2275 666 2358 ‘biennes',
721 2280 860 2341 tum
916 2278 1109 2362 longo
1165 2299 1285 2341 usu
1352 2277 1657 2361 loquendi
1710 2280 2077 2360 corruptam
2138 2297 2366 2341 vocem

335 2386 474 2429 esse
522 2374 586 2429 et
632 2389 709 2431 ex
753 2364 1189 2431 ‘bidennibus'
1237 2364 1578 2430 ‘bidentes’
1628 2365 1891 2451 factum,
1947 2365 2252 2451 quoniam
2296 2365 2364 2429 id

329 2454 667 2520 videbatur
714 2477 850 2519 esse
898 2456 1071 2519 dictu
1118 2455 1374 2520 facilius
1422 2454 1773 2538 leniusque.

971 2641 1025 2698 2.
1074 2639 1171 2695 De
1218 2638 1375 2697 iure
1413 2638 1721 2714 privatO.

1005 2779 1060 2821 a.
1105 2761 1206 2821 De
1251 2762 1409 2821 iure
1460 2762 1683 2822 civili.

1155 2872 1255 2937 De
1301 2873 1532 2956 leyatis.

511 2989 569 3053 3.
608 2988 685 3053 D.
715 2992 819 3074 33,
855 2990 918 3071 4,
956 2990 1014 3073 6,
1047 2990 1104 3053 1.
1167 2987 1385 3053 Labeo
1418 2988 1585 3053 libro
1616 2987 1893 3052 secundo
1923 2986 2364 3071 posteriorum

334 3100 372 3140 a
444 3075 749 3142 Iavoleno
824 3079 1345 3161 epitomatorum.
1417 3115 1491 3124 —
1563 3124 1577 3139 .
1615 3127 1629 3142 .
1680 3127 1695 3142 .
1762 3075 1968 3142 Servii
2034 3074 2365 3140 auditores

334 3166 724 3230 rettulerunt
770 3171 834 3229 et
882 3189 939 3251 q.
990 3188 1036 3231 s,

553 3315 565 3328 .
612 3268 643 3325 I
733 3315 742 3326 .
787 3271 931 3327 171.

509 3288 570 3435 Σ.
617 3288 845 3454 D.p29,
894 3371 952 3452 7,
1007 3371 1087 3434 14
1134 3392 1228 3454 pr.
1306 3368 1613 3473 Scaejrola
1659 3368 1826 3432 libro
1874 3372 2104 3435 octavo
2152 3368 2365 3445 Quae-

335 3458 639 3525 stionum.

510 3583 564 3621 v.
613 3562 690 3640 Π,
743 3566 773 3620 1
824 3568 880 3639 p.
932 3564 1076 3622 355.
