2575 3900
817 182 866 232 6.
913 174 1333 232 IAVOLENUS
1370 176 1665 234 PRISCUS
2116 178 2249 243 403

222 393 237 407 .
267 391 279 405 .
312 390 327 405 .
355 346 565 406 eodem
609 365 858 406 numero
905 348 998 405 est
1041 345 1314 422 pecunia,
1362 364 1545 421 quam
1589 346 1722 423 quis
1768 346 1832 404 in
1868 347 1980 407 hoc
2016 347 2247 423 accipit,

219 438 296 495 ut
340 436 437 496 vel
481 434 660 495 adeat
704 434 1102 494 hereditatem
1146 435 1243 494 vel
1287 453 1409 494 non
1453 434 1632 494 adeat
1658 479 1674 529 .·
1704 480 1717 493 .
1750 482 1763 495 .

967 571 1068 637 De
1101 576 1268 637 statu
1306 571 1505 637 libem.

403 679 491 744 3?
548 677 848 763 D.35‚1‚
881 680 1024 763 112,
1061 680 1121 745 3.
1210 676 1392 743 Idem
1447 675 1562 763 (sc.
1609 676 2035 764 Pomponius)
2079 679 2248 744 libro

225 767 603 833 duodecimo
658 767 1129 852 Epistularum.
1190 803 1264 813 -—
1326 766 1583 832 Priscus
1649 768 1983 851 respondit
2045 771 2246 833 statu·

223 855 501 922 liberum
548 878 678 921 non
725 856 949 942 utique
994 856 1090 921 ibi
1134 856 1245 920 ubi
1284 860 1469 939 pater
1502 856 1786 921 familias
1826 855 2102 921 decessit
2136 863 2251 921 aut

222 945 335 1011 ubi
393 946 534 1029 ipse
600 946 863 1010 relictus
927 945 1012 1011 sit
1067 946 1182 1010 aut
1233 944 1347 1009 ubi
1399 944 1582 1030 velit,
1645 946 1928 1011 rationes
1985 945 2249 1011 reddere

223 1034 455 1099 debere
529 1034 669 1117 [sed
732 1033 988 1099 interim
1059 1033 1380 1116 proficisci
1445 1033 1526 1099 ad
1582 1055 1754 1115 eum,
1818 1034 1921 1099 cui
1986 1034 2249 1099 reddere

224 1123 485 1206 debeat,
529 1123 752 1209 utique
797 1122 855 1188 si
899 1123 957 1187 is
1004 1122 1098 1187 rei
1143 1123 1439 1205 publicae
1486 1143 1681 1187 causa
1726 1124 1983 1204 aberit}

405 1218 761 1277 Extremum
797 1236 1028 1279 comma
1057 1216 1407 1276 Triboniani
1440 1234 1569 1278 esse
1597 1216 1843 1277 Pernice
1869 1216 2002 1277 iure
2029 1219 2251 1280 censet.

1039 1352 1139 1419 De
1181 1354 1435 1436 nuptiis.

402 1470 462 1534 4.
528 1468 604 1534 D.
643 1471 748 1554 23,
789 1470 851 1553 2,
884 1470 991 1534 46.
1102 1467 1303 1533 Gaius
1366 1468 1535 1534 libro
1601 1473 1831 1535 octavo
1897 1470 1977 1534 ad
2040 1470 2249 1555 legem

225 1556 461 1623 Iuliam
518 1562 587 1624 et
631 1558 900 1641 Papiam
949 1555 1048 1646 (P.
1084 1554 1264 1645 456).
1319 1595 1395 1606 —
1446 1555 1615 1622 Illud
1662 1556 2085 1623 dubitationis
2133 1562 2250 1642 est,

226 1668 311 1711 an
357 1650 423 1712 et
469 1647 580 1731 qui
626 1668 1032 1712 communem
1069 1647 1369 1711 libertam
1408 1668 1672 1712 uxorem
1712 1647 1967 1712 duxerit
2006 1647 2087 1713 ad
2123 1647 2248 1713 hoc

223 1735 325 1800 ius
382 1735 768 1802 admittatur
823 1734 939 1820 (sc.
977 1734 1172 1821 ‘quod
1231 1736 1416 1818 dicit,
1469 1735 1677 1802 invito
1730 1740 2007 1820 patrono
2054 1736 2247 1801 liber-

223 1827 379 1911 tam,
426 1846 589 1910 quae
628 1826 688 1890 ei
721 1828 928 1910 nupta
967 1827 1083 1909 est,
1125 1824 1240 1889 alii
1277 1824 1516 1890 nubere
1552 1845 1684 1890 non
1722 1824 1986 1911 posse').
2065 1825 2249 1891 Iavo-

223 1914 408 1980 lenus
461 1914 751 1999 negavit,
805 1912 957 1999 quia
1010 1934 1139 1980 non
1194 1914 1457 2000 proprie
1510 1913 1765 1980 videtur
1810 1914 1947 1980 eius
1995 1914 2251 2000 liberta,

226 2024 388 2088 quae
435 2005 632 2069 etiam
679 2003 944 2069 alterius
993 2003 1095 2068 sit.

436 2185 546 2248 ΠΙ.
606 2187 706 2245 Ex
751 2186 1293 2261 posterioribus
1340 2185 1697 2247 Labeonis
1742 2187 1917 2247 libri
1961 2188 2033 2247 X.

401 2301 592 2360 Unam
608 2347 624 2379 ,
677 2320 799 2362 non
853 2301 1002 2362 duas
1060 2301 1352 2378 epitomas
1410 2319 1447 2358 a
1498 2300 1779 2363 Iavoleno
1835 2321 1907 2362 ex
1950 2302 2245 2362 Labeonis

222 2390 394 2449 libris
457 2390 650 2451 factas
714 2409 844 2450 esse
908 2390 971 2448 in
1023 2390 1304 2450 Labeone
1359 2391 1669 2450 tractando
1736 2393 1983 2467 exposui
2046 2387 2163 2473 (II,
2207 2393 2240 2451 1

223 2499 280 2554 p.
314 2480 438 2538 164
457 2474 631 2559 sqq.),
669 2497 851 2556 quam
887 2480 1090 2539 decem
1125 2478 1418 2539 librorum
1452 2478 1639 2539 fuisse
1677 2482 1739 2539 et
1773 2479 1967 2540 indice
2003 2480 2246 2540 Floren-

223 2567 353 2626 tino
399 2567 462 2625 id
508 2587 656 2644 opus
703 2568 856 2628 falso
902 2587 1022 2628 non
1065 2567 1369 2646 Iavoleno,
1416 2567 1519 2626 sed
1560 2566 1827 2628 Labeoni
1871 2567 2244 2628 adscribente

225 2648 604 2738 (Λαβεῶνος
665 2657 1066 2732 posteriorum
1127 2655 1328 2735 βιβλία
1391 2647 1584 2736 ὃέκοι’)
1648 2657 1912 2716 traditur
1972 2661 2033 2716 et
2085 2657 2247 2734 frag-

223 2745 441 2805 mentis
485 2745 548 2803 in
594 2744 916 2805 Iustiniani
960 2745 1224 2822 Digestis
1273 2745 1527 2805 servatis
1573 2745 2015 2820 comprobatur.

402 2834 595 2893 Notae
642 2853 679 2892 a
712 2833 992 2896 Iavoleno
1039 2835 1278 2894 additae
1316 2834 1672 2910 plerumque
1703 2833 1878 2893 facile
1914 2851 2245 2911 agnoscun-

223 2925 348 2999 tur3
395 2923 618 2983 adiecit
661 2927 974 3000 praeterea
1008 2923 1566 2983 iurisconsultorum
1602 2923 1708 2998 qui
1742 2927 1880 2998 post
1904 2923 2246 2984 Labeonem

223 3012 296 3071 de
369 3011 579 3071 iisdem
650 3013 828 3072 rebus
901 3012 1202 3088 dixerunt,
1282 3011 1636 3073 sententias·
1718 3012 1965 3072 Masurii
2037 3011 2245 3073 Sabini

223 3093 326 3183 (D.
360 3102 460 3176 19,
490 3104 548 3179 2,
577 3093 710 3179 55),
755 3100 995 3161 Proculi
1041 3094 1141 3184 (D.
1175 3058 1276 3177 24,
1311 3105 1367 3176 1,
1398 3103 1498 3162 64.
1547 3103 1650 3176 26,
1682 3104 1738 3177 2,
1769 3103 1872 3164 33.
1920 3103 2022 3179 29,
2054 3104 2109 3181 2,
2140 3103 2243 3162 62.

225 3191 328 3266 32,
370 3147 514 3267 100,
532 3146 610 3248 2.
666 3192 769 3265 36,
806 3191 866 3268 4,
885 3182 1048 3300 14),
1113 3146 1302 3250 Caelii
1352 3147 1563 3251 ’Sabini
1616 3181 1719 3272 (D.
1751 3192 1853 3268 24,
1886 3192 1943 3271 1,
1969 3185 2083 3268 64,
2138 3191 2244 3250 ubi

220 3297 498 3355 perverse
562 3236 906 3339 Caecilius'
979 3271 1299 3360 traditur),
1372 3297 1507 3339 cum
1574 3281 1903 3340 sententias
1963 3236 2245 3341 coll’ectas

225 3370 288 3427 et
334 3367 704 3428 examinaret
749 3371 811 3427 et
852 3367 1369 3444 interpretaretur.

399 3455 600 3533 Atque
672 3454 967 3516 Labeonis
1051 3457 1381 3516 sententias
1462 3475 1638 3533 saepe
1714 3456 1892 3533 plane
1962 3456 2245 3533 probavit

224 3536 326 3627 (D.
358 3546 458 3621 35,
492 3548 548 3619 1,
580 3546 679 3604 39.
767 3544 839 3604 D.
869 3547 970 3616 32,
1006 3546 1148 3622 100,
1180 3547 1234 3604 1.
1318 3546 1388 3605 D.
1420 3547 1523 3623 33,
1554 3547 1611 3623 6,
1645 3547 1779 3621 7pr.
1872 3543 1912 3621 ἓ
1947 3549 1979 3605 1
2034 3539 2108 3606 D.
2140 3547 2243 3619 33,

1705 3643 1815 3697 26*
