2575 3900
790 951 793 954 .
824 880 1584 953 ADDITAMENTA.

411 1075 460 1140 Ι.
515 1072 946 1140 VETERUM
990 1071 1548 1138 SENTENTIAE
1594 1073 1709 1137 ET
1756 1071 2009 1138 LIBRI.

384 1238 512 1309 Quo
548 1239 726 1299 modo
764 1243 1034 1298 veterum
1070 1239 1307 1298 nomine
1346 1239 1441 1297 usi
1477 1241 1617 1297 sunt
1653 1239 2027 1315 posteriores»,
2068 1238 2213 1297 satis

203 1328 474 1388 indicant
519 1347 589 1387 ea
633 1347 784 1404 quae
833 1329 1076 1387 subieci.

378 1410 648 1476 ‘Veteres
678 1419 1052 1493 interpreteS,
1082 1417 1140 1475 S.
1167 1415 1378 1475 Aelius
1404 1416 1475 1475 L.
1503 1416 1732 1475 Acilius
1761 1460 1775 1473 .
1807 1463 1820 1476 .
1851 1461 1865 1475 .
1894 1409 2215 1474 dixerunt'.

202 1503 320 1564 Cic.
371 1505 442 1563 de
481 1505 596 1582 leg.
636 1506 694 1577 2,
732 1507 835 1583 23,
877 1509 975 1565 59.

380 1587 602 1653 ‘Labeo
652 1639 665 1652 .
694 1641 706 1652 .
740 1637 753 1650 .
801 1595 965 1653 acria
1009 1596 1072 1652 et
1117 1610 1325 1652 severa
1378 1591 1601 1650 iudicia
1654 1593 1726 1650 de
1781 1592 1961 1652 furtis
2010 1592 2219 1652 habita

199 1699 329 1742 esse
385 1681 542 1757 apud
590 1684 822 1741 veteres
879 1681 1119 1757 scripsit
1162 1680 1339 1757 idque
1384 1680 1643 1739 Brutum
1689 1680 1932 1740 solitum
1980 1675 2214 1740 dicere'.

205 1769 357 1830 Gell.
408 1772 464 1847 6,
515 1771 614 1847 15,
648 1773 703 1829 1.

380 1851 618 1918 ‘Ateius
665 1857 876 1934 Capito
925 1901 940 1918 .
968 1901 983 1918 .
1015 1905 1026 1918 .
1064 1861 1240 1933 putat
1267 1857 1495 1917 dictum
1525 1858 1667 1934 quia
1706 1862 1936 1917 veteres
1975 1877 2052 1916 an
2107 1877 2217 1934 pro

201 1947 422 2007 circum
461 1966 682 2023 ponere
721 1948 1011 2026 solebant,
1055 1950 1128 2006 ut
1163 1940 1353 2007 Cato'.
1442 1946 1698 2007 Macrob.
1748 1946 1873 2008 Sat.
1912 1951 1977 2024 1,
2020 1948 2121 2022 14,
2160 1950 2217 2007 5.

381 2031 678 2113 ‘VetereS,
743 2038 939 2115 inquit
1004 2028 1108 2117 (sc.
1174 2037 1392 2095 Ateius
1455 2028 1722 2117 Capito),
1786 2056 1904 2097 non
1970 2039 2218 2096 ornatus

200 2143 382 2185 causa
473 2173 484 2186 .
533 2171 547 2185 .
595 2174 608 2187 .
701 2129 946 2186 anulum
1031 2144 1228 2185 seeum
1302 2120 1835 2185 circumferebant'.
1962 2124 2217 2184 Macrob.

205 2214 328 2273 Sat.
380 2219 436 2290 7,
489 2216 587 2291 13,
639 2217 737 2274 11.

382 2297 493 2361 ‘ait
548 2296 653 2383 (sc.
719 2302 1021 2362 Masurius
1079 2294 1363 2382 Sabinus)
1421 2303 1735 2379 plerosque
1790 2302 1938 2361 iuris
2001 2302 2221 2362 veteris

206 2394 480 2450 auctores
529 2433 544 2448 .
575 2438 586 2451 .
619 2438 632 2449 .
679 2384 1027 2466 scripsisse'.
1117 2388 1266 2449 Gen.
1316 2392 1374 2465 5,
1426 2393 1523 2461 19,
1574 2394 1671 2448 14.

378 2478 662 2553 Pompon.
710 2479 779 2539 D.
822 2481 924 2555 35,
973 2480 1030 2551 2,
1080 2479 1156 2537 31
1209 2472 1558 2537 ‘seeundum
1606 2476 1797 2537 Cassii
1844 2481 1903 2537 et
1949 2482 2222 2537 veterum

204 2560 584 2642 opinionem'.

384 2648 518 2715 ‘hoe
562 2659 797 2715 veteres
837 2654 1207 2714 existimasse
1242 2654 1603 2731 Pomponius
1631 2654 1843 2731 refert3
1892 2655 1995 2713 sed
2034 2652 2221 2713 Gaius

203 2742 446 2803 Cassius
645 2737 828 2802 dicit'.
920 2743 993 2804 D.
1043 2744 1102 2817 2,
1146 2746 1205 2820 4,
1253 2743 1311 2817 4,
1360 2744 1397 2800 2
1446 2742 1583 2819 Ulp.

385 2830 512 2892 Gai.
564 2834 627 2915 1,
682 2834 804 2892 188
863 2826 1117 2892 ‘veteres
1175 2831 1604 2894 dubitaverunt
1750 2878 1762 2891 .
1818 2830 2059 2909 quidam
2120 2880 2132 2892 .
2163 2875 2176 2890 .
2206 2876 2221 2892 .

204 2922 502 2995 dixerunt,
547 2924 620 2979 ut
666 2920 732 2991 Q.
767 2920 1016 2997 MuciuS,
1063 2920 1166 2978 alii
1205 2965 1218 2978 .
1251 2966 1264 2979 .
1294 2962 1309 2977 .
1347 2924 1416 2979 ut
1454 2919 1577 2979 Ser.
1620 2919 1938 2998 Sulpiciae,
1974 2920 2079 2979 alii
2120 2967 2131 2979 .
2160 2966 2177 2983 .
2206 2966 2221 2981 .

203 3013 275 3069 ut
309 3004 552 3070 Labeo?

382 3098 520 3175 Ulp.
565 3099 636 3157 D.
689 3102 747 3174 7,
795 3100 853 3176 8,
904 3100 1003 3177 10,
1045 3100 1079 3157 2
1130 3092 1315 3173 ‘apud
1360 3101 1590 3159 veteres
1630 3098 1969 3175 quaesitum
2006 3102 2119 3173 est,
2162 3102 2223 3158 et

203 3187 470 3248 Rutilius
517 3233 531 3248 .
563 3235 575 3247 .
605 3232 619 3246 .
667 3182 794 3247 ait’.

383 3276 521 3353 Ulp.
584 3276 656 3336 D.
711 3278 808 3354 12,
857 3279 915 3349 5,
966 3279 1001 3337 6
1065 3270 1348 3336 ‘Sabinus
1394 3276 1674 3351 probavit
1720 3279 1988 3336 veterum
2035 3274 2221 3351 opini-

205 3360 420 3424 onem’.

384 3452 524 3530 Ulp.
605 3454 679 3513 D.
741 3457 837 3527 17,
899 3455 954 3531 2,
1004 3456 1103 3525 52,
1147 3456 1227 3513 18
1276 3447 1462 3527 ‘apud
1506 3457 1737 3513 veteres
1782 3455 2077 3513 tractatur
2114 3497 2127 3511 .
2160 3498 2172 3511 .
2204 3496 2219 3510 .

210 3544 274 3600 et
319 3540 640 3603 Atilicinus
688 3542 940 3602 Sabinus
988 3541 1228 3602 Cassius
1274 3536 1744 3617 responderunt’.
