2575 3900
328 141 461 206 258
503 140 582 194 IV
584 184 597 196 .
625 123 1055 196 VESPASIANI
1084 140 1234 195 ΤΙΤΙ
1260 140 1651 196 DOMITIANI
1675 140 1890 196 TEMP.
1918 140 2112 198 IURIS
2141 141 2346 199 CONS.

330 310 501 370 esset
558 305 626 369 in
682 304 949 370 consilio
1006 304 1255 369 Duceni
1301 304 1459 369 Veri
1516 305 1826 389 consulis,
1888 306 2054 370 itum
2108 306 2178 371 in
2231 327 2349 370 sen

326 395 599 459 tentiam
646 415 856 476 suam,
898 397 1000 477 ut,
1044 415 1188 458 cum
1227 392 1541 458 Otacilius
1579 392 1847 460 Catulus
1896 395 2032 458 filia
2076 415 2154 458 ex
2202 417 2350 458 asse

328 483 563 548 herede
620 483 925 547 instituta
979 483 1213 548 liberto
1279 483 1557 547 ducenta
1608 483 1896 567 legasset
1951 475 2349 567 petissetque

330 573 414 638 ab
462 593 565 656 eo,
610 575 684 636 ut
728 593 803 636 ea
849 571 1245 638 concubinae
1288 572 1492 655 ipsius
1529 570 1738 654 daret,
1783 575 1852 637 et
1887 572 2160 637 libertus
2197 573 2347 636 vivo

328 663 640 726 testatore
704 660 1084 726 decessisset
1142 663 1209 723 et
1270 660 1441 745 quod
1506 660 1564 724 ei
1625 660 1924 726 relictum
1980 665 2118 724 erat
2177 661 2350 745 apud

328 750 532 814 filiam
586 751 1032 832 remansisset,
1088 753 1428 833 cogeretur
1480 748 1616 813 filia
1672 747 1737 812 id
1784 747 2350 814 fideicommissum

328 838 725 903 concubinae
771 837 1053 901 reddere.

508 947 679 1019 Quod
708 949 916 1008 Celsus
948 941 1314 1026 ‘referebat',
1351 967 1486 1008 eum
1523 967 1638 1008 non
1679 948 1850 1027 libro,
1889 949 1996 1008 sed
2031 951 2170 1011 viva
2204 969 2350 1010 voce

328 1038 540 1098 fecisse
568 1039 838 1113 apparet.
900 1056 1020 1096 non
1046 1041 1219 1097 caute
1242 1037 1517 1115 Krueger
1541 1058 1600 1114 p.
1625 1038 1747 1098 156
1779 1039 1852 1097 de
1882 1036 2042 1098 Celsi
2069 1039 2350 1115 operibus

327 1127 499 1188 nobis
543 1145 664 1186 non
706 1125 949 1185 traditis
995 1126 1099 1187 ait.

992 1296 1093 1363 De
1138 1298 1410 1363 libertate
1452 1299 1678 1364 relicta.

508 1422 567 1486 3.
614 1421 693 1485 D.
732 1423 833 1504 12,
859 1423 920 1506 4,
949 1422 1009 1502 3,
1040 1423 1097 1486 7.
1178 1421 1502 1506 Ulpianus
1548 1423 1715 1486 libro
1763 1423 2114 1488 vicensimo
2162 1427 2349 1489 sexto

332 1510 413 1574 ad
460 1510 737 1575 edictum
786 1509 885 1596 (P.
928 1508 1135 1597 772b).
1180 1547 1265 1557 -
1313 1560 1329 1576 .
1357 1562 1373 1575 .
1404 1511 1460 1575 si
1505 1533 1754 1595 servuS,
1800 1513 1911 1595 qui
1956 1515 2349 1577 testamento

329 1598 553 1665 heredi
599 1599 811 1664 iussus
860 1603 1001 1663 erat
1047 1600 1267 1665 decem
1316 1600 1466 1664 dare
1514 1604 1580 1663 et
1624 1600 1790 1664 liber
1827 1621 1985 1684 esse,
2032 1601 2350 1666 codicillis

329 1710 489 1772 pure
540 1688 909 1753 libertatem
958 1689 1205 1772 accepit
1252 1690 1319 1752 et
1362 1688 1432 1753 id
1475 1689 1786 1774 ignorans
1834 1689 2082 1754 dederit
2124 1688 2352 1754 heredi

331 1777 575 1860 decem,
640 1798 723 1840 an
786 1780 1073 1862 repetere
1134 1775 1386 1860 possit?
1476 1782 1542 1841 et
1595 1777 1793 1843 refert
1845 1781 2099 1864 patrem
2161 1800 2352 1842 suum

332 1864 591 1932 Celsum
639 1864 1037 1930 existimasse
1084 1870 1373 1950 repetere
1420 1887 1567 1930 eum
1613 1889 1742 1931 non
1787 1888 1998 1952 posse.

914 2041 1015 2108 De
1058 2044 1320 2128 deposito
1364 2049 1422 2109 et
1461 2046 1770 2110 mandato.

507 2168 569 2231 4.
621 2166 697 2231 D.
730 2168 831 2247 17,
864 2168 919 2251 1,
946 2166 1048 2231 39.
1138 2165 1448 2232 Neratius
1492 2168 1662 2233 libro
1710 2169 1986 2252 septimo
2031 2168 2354 2233 Membra-

332 2277 563 2319 narum
611 2252 707 2339 (P.
746 2252 878 2341 52).
927 2292 1007 2301 —
1056 2255 1147 2319 Et
1192 2256 1488 2322 Aristoni
1535 2260 1600 2321 et
1645 2254 1836 2322 Celso
1882 2257 2057 2342 patri
2100 2258 2352 2342 placuit

332 2365 524 2429 posse
575 2365 711 2407 rem
757 2344 879 2409 hac
925 2344 1300 2410 condicione
1347 2345 1579 2427 deponi
1624 2346 2124 2429 mandatumque
2172 2343 2354 2433 (con-

330 2431 584 2498 dicione
638 2433 908 2498 fiduciae
968 2433 1231 2517 causa‘P)
1291 2434 1556 2517 suscipi,
1611 2439 1685 2497 ut
1729 2456 1832 2499 res
1877 2435 2164 2519 periculo
2212 2436 2350 2501 eius

336 2522 421 2585 sit
467 2522 575 2606 qui
614 2522 977 2607 depositum
1017 2523 1117 2587 vel
1154 2523 1531 2586 mandatum
1571 2519 1879 2609 (depositi
1914 2523 2019 2588 vel
2056 2525 2352 2590 mandati

326 2608 597 2697 causa‘P)
644 2612 944 2695 suscepit.

504 2722 751 2782 Pei-nice
797 2722 919 2799 111,
971 2724 1092 2782 139
1142 2742 1199 2780 n.
1231 2724 1285 2781 2.

508 2935 645 2993 Non
672 2936 847 3009 plane
874 2937 1345 3010 praetereundus
1372 2936 1610 2997 videtur
1636 2938 2015 3015 Pompeius
2043 2939 2350 3017 Auctus,

332 3024 405 3082 de
454 3041 573 3100 quo
618 3022 878 3082 Martial.
922 3025 977 3099 7,
1014 3026 1117 3103 51,
1160 3028 1332 3085 2—6
1381 3026 1492 3084 ait:
1540 3020 1917 3103 ‘Pompeium
1962 3048 2212 3106 quaeres
2258 3023 2351 3109 (et

330 3112 491 3171 nosti
552 3102 833 3193 forsitan)
898 3111 1187 3189 Auctum3
1250 3113 1481 3174 Ultoris
1544 3115 1738 3191 prima
1800 3117 2012 3177 Martis
2074 3120 2139 3179 in
2201 3123 2348 3180 aede

333 3200 524 3259 sedet:
587 3199 726 3259 Iure
789 3200 1034 3260 madens
1097 3202 1383 3278 varioque
1445 3207 1623 3282 togae
1677 3205 1922 3266 limatus
1976 3207 2040 3266 in
2096 3229 2301 3272 usu..
2333 3258 2346 3271 .

338 3282 508 3347 Hunc
570 3288 713 3348 licet
774 3308 811 3348 a
874 3289 1103 3349 decima
1166 3284 1386 3370 (neque
1450 3293 1608 3351 enim
1673 3296 1820 3355 satis
1883 3300 2021 3356 ante
2080 3293 2348 3382 vacabit)

324 3371 661 3437 sollicites&
752 3379 825 3438 cf.
870 3379 1294 3440 Friedlaender
1331 3379 1431 3438 III
1466 3402 1523 3457 p.
1555 3384 1684 3444 450
1713 3402 1798 3460 sq.
