<?xml version="1.0" encoding="UTF-8"?>
<!DOCTYPE html PUBLIC "-//W3C//DTD XHTML 1.0 Transitional//EN"
    "http://www.w3.org/TR/xhtml1/DTD/xhtml1-transitional.dtd">
<html xmlns="http://www.w3.org/1999/xhtml" xml:lang="en" lang="en">
 <head>
  <title>
</title>
<meta http-equiv="Content-Type" content="text/html;charset=utf-8" />
  <meta name='ocr-system' content='tesseract 3.04.00' />
  <meta name='ocr-capabilities' content='ocr_page ocr_carea ocr_par ocr_line ocrx_word'/>
</head>
<body>
  <div class='ocr_page' id='page_1' title='image "./iurisprudentiae00unkngoog_0623.png"; bbox 0 0 2575 3900; ppageno 0'>
   <div class='ocr_carea' id='block_1_1' title="bbox 524 183 2264 249">
    <p class='ocr_par' dir='ltr' id='par_1_1' title="bbox 524 183 2264 249">
     <span class='ocr_line' id='line_1_1' title="bbox 524 183 2264 249; baseline 0.002 -10"><span class='ocrx_word' id='word_1_1' title='bbox 524 186 590 242; x_wconf 89' lang='lat' dir='ltr'>H.</span> <span class='ocrx_word' id='word_1_2' title='bbox 630 184 1108 241; x_wconf 84' lang='lat' dir='ltr'>INCERTORUM</span> <span class='ocrx_word' id='word_1_3' title='bbox 1146 184 1602 240; x_wconf 81' lang='lat' dir='ltr'>SENTENTIAE</span> <span class='ocrx_word' id='word_1_4' title='bbox 1639 184 1733 239; x_wconf 87' lang='lat' dir='ltr'>ET</span> <span class='ocrx_word' id='word_1_5' title='bbox 1766 184 1978 241; x_wconf 80' lang='lat' dir='ltr'>LIBRJ.</span> <span class='ocrx_word' id='word_1_6' title='bbox 2133 183 2264 249; x_wconf 80' lang='lat'>565</span> 
     </span>
    </p>
   </div>
   <div class='ocr_carea' id='block_1_2' title="bbox 1117 367 1407 436">
    <p class='ocr_par' dir='ltr' id='par_1_2' title="bbox 1117 367 1407 436">
     <span class='ocr_line' id='line_1_2' title="bbox 1117 367 1407 436; baseline -0.017 0"><span class='ocrx_word' id='word_1_7' title='bbox 1117 367 1286 436; x_wconf 79' lang='lat' dir='ltr'>Unde</span> <span class='ocrx_word' id='word_1_8' title='bbox 1328 368 1407 432; x_wconf 83' lang='lat' dir='ltr'>vi.</span> 
     </span>
    </p>
   </div>
   <div class='ocr_carea' id='block_1_3' title="bbox 241 489 2267 1089">
    <p class='ocr_par' dir='ltr' id='par_1_3' title="bbox 241 489 2267 1001">
     <span class='ocr_line' id='line_1_3' title="bbox 425 489 2267 575; baseline -0.002 -18"><span class='ocrx_word' id='word_1_9' title='bbox 425 492 572 557; x_wconf 87' lang='lat'>181.</span> <span class='ocrx_word' id='word_1_10' title='bbox 661 491 740 557; x_wconf 92' lang='lat' dir='ltr'>D.</span> <span class='ocrx_word' id='word_1_11' title='bbox 801 492 907 570; x_wconf 86' lang='lat'>43,</span> <span class='ocrx_word' id='word_1_12' title='bbox 975 491 1076 575; x_wconf 86' lang='lat'>16,</span> <span class='ocrx_word' id='word_1_13' title='bbox 1143 492 1198 574; x_wconf 90' lang='lat'>1,</span> <span class='ocrx_word' id='word_1_14' title='bbox 1264 492 1365 555; x_wconf 90' lang='grc'>14.</span> <span class='ocrx_word' id='word_1_15' title='bbox 1472 489 1793 575; x_wconf 84' lang='lat' dir='ltr'><strong>Ulpianus</strong></span> <span class='ocrx_word' id='word_1_16' title='bbox 1859 491 2027 554; x_wconf 92' lang='lat' dir='ltr'>libro</span> <span class='ocrx_word' id='word_1_17' title='bbox 2093 510 2267 554; x_wconf 88' lang='lat' dir='ltr'>sexa-</span> 
     </span>
     <span class='ocr_line' id='line_1_4' title="bbox 245 578 2265 665; baseline -0.001 -21"><span class='ocrx_word' id='word_1_18' title='bbox 245 580 536 665; x_wconf 84' lang='lat' dir='ltr'>gensimo</span> <span class='ocrx_word' id='word_1_19' title='bbox 609 601 783 646; x_wconf 92' lang='lat' dir='ltr'>nono</span> <span class='ocrx_word' id='word_1_20' title='bbox 857 580 936 644; x_wconf 89' lang='lat' dir='ltr'>ad</span> <span class='ocrx_word' id='word_1_21' title='bbox 1007 579 1303 644; x_wconf 87' lang='lat' dir='ltr'>edictum.</span> <span class='ocrx_word' id='word_1_22' title='bbox 1373 616 1463 628; x_wconf 94' lang='lat'>—-</span> <span class='ocrx_word' id='word_1_23' title='bbox 1545 629 1558 642; x_wconf 94' lang='lat'>.</span> <span class='ocrx_word' id='word_1_24' title='bbox 1598 629 1613 644; x_wconf 93' lang='lat'>.</span> <span class='ocrx_word' id='word_1_25' title='bbox 1660 630 1674 644; x_wconf 89' lang='lat'>.</span> <span class='ocrx_word' id='word_1_26' title='bbox 1741 581 1796 643; x_wconf 87' lang='lat' dir='ltr'>si</span> <span class='ocrx_word' id='word_1_27' title='bbox 1865 578 2033 663; x_wconf 89' lang='lat' dir='ltr'>quod</span> <span class='ocrx_word' id='word_1_28' title='bbox 2100 579 2265 643; x_wconf 89' lang='lat' dir='ltr'>alius</span> 
     </span>
     <span class='ocr_line' id='line_1_5' title="bbox 245 667 2267 752; baseline -0.001 -19"><span class='ocrx_word' id='word_1_29' title='bbox 245 669 503 750; x_wconf 90' lang='lat' dir='ltr'>deiecit,</span> <span class='ocrx_word' id='word_1_30' title='bbox 567 673 781 734; x_wconf 87' lang='lat' dir='ltr'>ratum</span> <span class='ocrx_word' id='word_1_31' title='bbox 846 669 1165 748; x_wconf 83' lang='lat' dir='ltr'>habuerO,</span> <span class='ocrx_word' id='word_1_32' title='bbox 1227 672 1379 733; x_wconf 85' lang='lat' dir='ltr'>sunt</span> <span class='ocrx_word' id='word_1_33' title='bbox 1452 669 1563 752; x_wconf 90' lang='lat' dir='ltr'>qui</span> <span class='ocrx_word' id='word_1_34' title='bbox 1626 672 1855 752; x_wconf 92' lang='lat' dir='ltr'>putent</span> <span class='ocrx_word' id='word_1_35' title='bbox 1918 667 2267 733; x_wconf 88' lang='lat' dir='ltr'>secundum</span> 
     </span>
     <span class='ocr_line' id='line_1_6' title="bbox 243 754 2266 842; baseline -0.001 -19"><span class='ocrx_word' id='word_1_36' title='bbox 243 756 556 823; x_wconf 86' lang='lat' dir='ltr'>Sabinum</span> <span class='ocrx_word' id='word_1_37' title='bbox 631 763 696 822; x_wconf 92' lang='lat' dir='ltr'>et</span> <span class='ocrx_word' id='word_1_38' title='bbox 777 755 1074 822; x_wconf 83' lang='lat' dir='ltr'>Cassium</span> <span class='ocrx_word' id='word_1_39' title='bbox 1148 759 1260 842; x_wconf 91' lang='lat' dir='ltr'>qui</span> <span class='ocrx_word' id='word_1_40' title='bbox 1351 756 1879 822; x_wconf 76' lang='lat' dir='ltr'>ratihabitionem</span> <span class='ocrx_word' id='word_1_41' title='bbox 1959 754 2266 821; x_wconf 89' lang='lat' dir='ltr'>mandato</span> 
     </span>
     <span class='ocr_line' id='line_1_7' title="bbox 244 845 2265 931; baseline -0.001 -20"><span class='ocrx_word' id='word_1_42' title='bbox 244 851 654 931; x_wconf 87' lang='lat' dir='ltr'>comparant,</span> <span class='ocrx_word' id='word_1_43' title='bbox 736 869 842 912; x_wconf 87' lang='lat' dir='ltr'>me</span> <span class='ocrx_word' id='word_1_44' title='bbox 916 847 1119 911; x_wconf 83' lang='lat' dir='ltr'>videri</span> <span class='ocrx_word' id='word_1_45' title='bbox 1194 845 1501 912; x_wconf 89' lang='lat' dir='ltr'>deiecisse</span> <span class='ocrx_word' id='word_1_46' title='bbox 1591 845 2059 930; x_wconf 88' lang='lat' dir='ltr'>interdictoque</span> <span class='ocrx_word' id='word_1_47' title='bbox 2137 846 2265 909; x_wconf 90' lang='lat' dir='ltr'>isto</span> 
     </span>
     <span class='ocr_line' id='line_1_8' title="bbox 241 936 468 1001; baseline -0.005 0"><span class='ocrx_word' id='word_1_48' title='bbox 241 936 468 1001; x_wconf 91' lang='lat' dir='ltr'>teneri.</span> 
     </span>
    </p>

    <p class='ocr_par' dir='ltr' id='par_1_4' title="bbox 1092 1023 1405 1089">
     <span class='ocr_line' id='line_1_9' title="bbox 1092 1023 1405 1089; baseline 0.003 -1"><span class='ocrx_word' id='word_1_49' title='bbox 1092 1023 1192 1089; x_wconf 84' lang='lat' dir='ltr'>De</span> <span class='ocrx_word' id='word_1_50' title='bbox 1235 1025 1405 1089; x_wconf 81' lang='lat' dir='ltr'>rivis.</span> 
     </span>
    </p>
   </div>
   <div class='ocr_carea' id='block_1_4' title="bbox 240 1138 2268 1580">
    <p class='ocr_par' dir='ltr' id='par_1_5' title="bbox 240 1138 2268 1580">
     <span class='ocr_line' id='line_1_10' title="bbox 426 1138 2268 1224; baseline -0.002 -19"><span class='ocrx_word' id='word_1_51' title='bbox 426 1141 568 1206; x_wconf 94' lang='lat'>182.</span> <span class='ocrx_word' id='word_1_52' title='bbox 659 1138 738 1204; x_wconf 90' lang='lat' dir='ltr'>D.</span> <span class='ocrx_word' id='word_1_53' title='bbox 802 1140 912 1222; x_wconf 85' lang='lat'>43,</span> <span class='ocrx_word' id='word_1_54' title='bbox 971 1141 1075 1220; x_wconf 88' lang='lat'>21,</span> <span class='ocrx_word' id='word_1_55' title='bbox 1145 1141 1200 1217; x_wconf 91' lang='lat'>1,</span> <span class='ocrx_word' id='word_1_56' title='bbox 1266 1141 1323 1204; x_wconf 83' lang='lat'>7.</span> <span class='ocrx_word' id='word_1_57' title='bbox 1414 1138 1730 1224; x_wconf 81' lang='lat' dir='ltr'>Ulpianus</span> <span class='ocrx_word' id='word_1_58' title='bbox 1793 1139 1959 1204; x_wconf 91' lang='lat' dir='ltr'>libro</span> <span class='ocrx_word' id='word_1_59' title='bbox 2016 1141 2268 1222; x_wconf 89' lang='lat' dir='ltr'>septua-</span> 
     </span>
     <span class='ocr_line' id='line_1_11' title="bbox 243 1225 2267 1314; baseline -0.001 -21"><span class='ocrx_word' id='word_1_60' title='bbox 243 1231 535 1314; x_wconf 86' lang='lat' dir='ltr'>gensimo</span> <span class='ocrx_word' id='word_1_61' title='bbox 597 1229 676 1293; x_wconf 88' lang='lat' dir='ltr'>ad</span> <span class='ocrx_word' id='word_1_62' title='bbox 739 1228 1036 1293; x_wconf 88' lang='lat' dir='ltr'>edictum.</span> <span class='ocrx_word' id='word_1_63' title='bbox 1098 1265 1180 1275; x_wconf 92' lang='lat'>—-</span> <span class='ocrx_word' id='word_1_64' title='bbox 1239 1225 1540 1314; x_wconf 85' lang='lat' dir='ltr'>(Praetor</span> <span class='ocrx_word' id='word_1_65' title='bbox 1595 1228 1713 1293; x_wconf 88' lang='lat' dir='ltr'>ait:</span> <span class='ocrx_word' id='word_1_66' title='bbox 1777 1228 1984 1292; x_wconf 85' lang='lat' dir='ltr'>rivwm</span> <span class='ocrx_word' id='word_1_67' title='bbox 2044 1248 2267 1312; x_wconf 81' lang='lat' dir='ltr'><strong>specus</strong></span> 
     </span>
     <span class='ocr_line' id='line_1_12' title="bbox 243 1315 2265 1404; baseline -0.001 -23"><span class='ocrx_word' id='word_1_68' title='bbox 243 1322 427 1402; x_wconf 89' lang='lat' dir='ltr'>septa</span> <span class='ocrx_word' id='word_1_69' title='bbox 497 1318 756 1382; x_wconf 89' lang='lat' dir='ltr'>reficere</span> <span class='ocrx_word' id='word_1_70' title='bbox 827 1338 1108 1404; x_wconf 86' lang='lat' dir='ltr'>purgare</span> <span class='ocrx_word' id='word_1_71' title='bbox 1174 1338 1380 1401; x_wconf 88' lang='lat' dir='ltr'>aquae</span> <span class='ocrx_word' id='word_1_72' title='bbox 1464 1317 1785 1382; x_wconf 80' lang='lat' dir='ltr'>ducendae</span> <span class='ocrx_word' id='word_1_73' title='bbox 1858 1339 2053 1381; x_wconf 88' lang='lat' dir='ltr'>causa</span> <span class='ocrx_word' id='word_1_74' title='bbox 2117 1365 2183 1381; x_wconf 91' lang='lat'>..</span> <span class='ocrx_word' id='word_1_75' title='bbox 2222 1315 2265 1399; x_wconf 92' lang='lat'>.)</span> 
     </span>
     <span class='ocr_line' id='line_1_13' title="bbox 240 1404 2266 1491; baseline -0.001 -21"><span class='ocrx_word' id='word_1_76' title='bbox 240 1405 565 1491; x_wconf 87' lang='lat' dir='ltr'>purgandi</span> <span class='ocrx_word' id='word_1_77' title='bbox 623 1407 892 1471; x_wconf 82' lang='lat' dir='ltr'>verbum</span> <span class='ocrx_word' id='word_1_78' title='bbox 947 1407 1237 1490; x_wconf 86' lang='lat' dir='ltr'>plerique</span> <span class='ocrx_word' id='word_1_79' title='bbox 1296 1454 1354 1470; x_wconf 92' lang='lat'>..</span> <span class='ocrx_word' id='word_1_80' title='bbox 1410 1411 1643 1490; x_wconf 89' lang='lat' dir='ltr'>putant</span> <span class='ocrx_word' id='word_1_81' title='bbox 1699 1404 1778 1470; x_wconf 88' lang='lat' dir='ltr'>ad</span> <span class='ocrx_word' id='word_1_82' title='bbox 1844 1428 1991 1470; x_wconf 88' lang='lat' dir='ltr'>eum</span> <span class='ocrx_word' id='word_1_83' title='bbox 2053 1405 2266 1469; x_wconf 85' lang='lat' dir='ltr'>rivum</span> 
     </span>
     <span class='ocr_line' id='line_1_14' title="bbox 241 1495 1174 1580; baseline 0 -21"><span class='ocrx_word' id='word_1_84' title='bbox 241 1497 560 1579; x_wconf 88' lang='lat' dir='ltr'>pertinere</span> <span class='ocrx_word' id='word_1_85' title='bbox 607 1495 718 1580; x_wconf 91' lang='lat' dir='ltr'>qui</span> <span class='ocrx_word' id='word_1_86' title='bbox 763 1496 1014 1579; x_wconf 87' lang='lat' dir='ltr'>integer</span> <span class='ocrx_word' id='word_1_87' title='bbox 1061 1498 1174 1559; x_wconf 90' lang='lat' dir='ltr'>est.</span> 
     </span>
    </p>
   </div>
   <div class='ocr_carea' id='block_1_5' title="bbox 693 1670 1813 1754">
    <p class='ocr_par' dir='ltr' id='par_1_6' title="bbox 693 1670 1813 1754">
     <span class='ocr_line' id='line_1_15' title="bbox 693 1670 1813 1754; baseline -0.002 -17"><span class='ocrx_word' id='word_1_88' title='bbox 693 1670 770 1737; x_wconf 70' lang='lat' dir='ltr'>Si</span> <span class='ocrx_word' id='word_1_89' title='bbox 814 1692 967 1754; x_wconf 75' lang='lat' dir='ltr'>opus</span> <span class='ocrx_word' id='word_1_90' title='bbox 1011 1692 1237 1736; x_wconf 77' lang='lat' dir='ltr'>novum</span> <span class='ocrx_word' id='word_1_91' title='bbox 1279 1672 1638 1736; x_wconf 73' lang='lat' dir='ltr'>nuntiatum</span> <span class='ocrx_word' id='word_1_92' title='bbox 1681 1672 1813 1736; x_wconf 77' lang='lat' dir='ltr'>erit.</span> 
     </span>
    </p>
   </div>
   <div class='ocr_carea' id='block_1_6' title="bbox 241 1795 2269 2415">
    <p class='ocr_par' dir='ltr' id='par_1_7' title="bbox 241 1795 2269 2415">
     <span class='ocr_line' id='line_1_16' title="bbox 426 1795 2267 1879; baseline -0.001 -19"><span class='ocrx_word' id='word_1_93' title='bbox 426 1796 568 1860; x_wconf 85' lang='lat'>183.</span> <span class='ocrx_word' id='word_1_94' title='bbox 669 1796 746 1861; x_wconf 91' lang='lat' dir='ltr'>D.</span> <span class='ocrx_word' id='word_1_95' title='bbox 808 1796 913 1878; x_wconf 85' lang='lat'>39,</span> <span class='ocrx_word' id='word_1_96' title='bbox 974 1798 1029 1879; x_wconf 94' lang='lat'>1,</span> <span class='ocrx_word' id='word_1_97' title='bbox 1085 1796 1188 1879; x_wconf 89' lang='lat'>20,</span> <span class='ocrx_word' id='word_1_98' title='bbox 1245 1797 1304 1861; x_wconf 91' lang='grc'>8.</span> <span class='ocrx_word' id='word_1_99' title='bbox 1396 1795 1713 1879; x_wconf 82' lang='lat' dir='ltr'>Ulpianus</span> <span class='ocrx_word' id='word_1_100' title='bbox 1776 1795 1942 1860; x_wconf 90' lang='lat' dir='ltr'>libro</span> <span class='ocrx_word' id='word_1_101' title='bbox 2015 1799 2267 1878; x_wconf 87' lang='lat' dir='ltr'>septua-</span> 
     </span>
     <span class='ocr_line' id='line_1_17' title="bbox 243 1883 2269 1970; baseline 0 -23"><span class='ocrx_word' id='word_1_102' title='bbox 243 1885 533 1969; x_wconf 85' lang='lat' dir='ltr'>gensimo</span> <span class='ocrx_word' id='word_1_103' title='bbox 592 1887 800 1969; x_wconf 93' lang='lat' dir='ltr'>primo</span> <span class='ocrx_word' id='word_1_104' title='bbox 850 1885 930 1950; x_wconf 90' lang='lat' dir='ltr'>ad</span> <span class='ocrx_word' id='word_1_105' title='bbox 977 1885 1272 1951; x_wconf 88' lang='lat' dir='ltr'>edictum.</span> <span class='ocrx_word' id='word_1_106' title='bbox 1317 1921 1407 1931; x_wconf 90' lang='lat'>—</span> <span class='ocrx_word' id='word_1_107' title='bbox 1453 1935 1509 1950; x_wconf 90' lang='lat'>..</span> <span class='ocrx_word' id='word_1_108' title='bbox 1560 1885 1615 1951; x_wconf 87' lang='lat' dir='ltr'>si</span> <span class='ocrx_word' id='word_1_109' title='bbox 1661 1888 2025 1970; x_wconf 73' lang='lat' dir='ltr'>quaeratur,</span> <span class='ocrx_word' id='word_1_110' title='bbox 2072 1905 2155 1948; x_wconf 89' lang='lat' dir='ltr'>an</span> <span class='ocrx_word' id='word_1_111' title='bbox 2200 1883 2269 1948; x_wconf 92' lang='lat' dir='ltr'>in</span> 
     </span>
     <span class='ocr_line' id='line_1_18' title="bbox 241 1974 2267 2059; baseline -0.001 -20"><span class='ocrx_word' id='word_1_112' title='bbox 241 1974 541 2039; x_wconf 90' lang='lat' dir='ltr'>heredem</span> <span class='ocrx_word' id='word_1_113' title='bbox 576 1976 711 2040; x_wconf 89' lang='lat' dir='ltr'>eius</span> <span class='ocrx_word' id='word_1_114' title='bbox 752 1976 861 2059; x_wconf 91' lang='lat' dir='ltr'>qui</span> <span class='ocrx_word' id='word_1_115' title='bbox 901 1996 1062 2058; x_wconf 90' lang='lat' dir='ltr'>opus</span> <span class='ocrx_word' id='word_1_116' title='bbox 1098 1974 1272 2053; x_wconf 87' lang='lat' dir='ltr'>fecit,</span> <span class='ocrx_word' id='word_1_117' title='bbox 1310 1974 1723 2039; x_wconf 89' lang='lat' dir='ltr'>interdictum</span> <span class='ocrx_word' id='word_1_118' title='bbox 1760 1975 1884 2040; x_wconf 90' lang='lat' dir='ltr'>hoc</span> <span class='ocrx_word' id='word_1_119' title='bbox 1922 1976 2267 2059; x_wconf 86' lang='lat' dir='ltr'>competat,</span> 
     </span>
     <span class='ocr_line' id='line_1_19' title="bbox 244 2062 2267 2147; baseline -0 -21"><span class='ocrx_word' id='word_1_120' title='bbox 244 2063 571 2129; x_wconf 89' lang='lat' dir='ltr'>sciendum</span> <span class='ocrx_word' id='word_1_121' title='bbox 601 2068 703 2129; x_wconf 85' lang='lat' dir='ltr'>est</span> <span class='ocrx_word' id='word_1_122' title='bbox 730 2062 1099 2129; x_wconf 91' lang='lat' dir='ltr'>Labeonem</span> <span class='ocrx_word' id='word_1_123' title='bbox 1138 2064 1545 2129; x_wconf 85' lang='lat' dir='ltr'>existimasse</span> <span class='ocrx_word' id='word_1_124' title='bbox 1582 2064 1650 2128; x_wconf 92' lang='lat' dir='ltr'>in</span> <span class='ocrx_word' id='word_1_125' title='bbox 1687 2063 1754 2128; x_wconf 90' lang='lat' dir='ltr'>id</span> <span class='ocrx_word' id='word_1_126' title='bbox 1793 2063 1962 2147; x_wconf 90' lang='lat' dir='ltr'>quod</span> <span class='ocrx_word' id='word_1_127' title='bbox 2002 2062 2082 2126; x_wconf 87' lang='lat' dir='ltr'>ad</span> <span class='ocrx_word' id='word_1_128' title='bbox 2120 2083 2267 2126; x_wconf 90' lang='lat' dir='ltr'>eum</span> 
     </span>
     <span class='ocr_line' id='line_1_20' title="bbox 241 2150 2265 2236; baseline -0.001 -20"><span class='ocrx_word' id='word_1_129' title='bbox 241 2154 534 2235; x_wconf 83' lang='lat' dir='ltr'>pervenit</span> <span class='ocrx_word' id='word_1_130' title='bbox 570 2153 906 2218; x_wconf 84' lang='lat' dir='ltr'>dumtaxat</span> <span class='ocrx_word' id='word_1_131' title='bbox 948 2153 1088 2217; x_wconf 88' lang='lat' dir='ltr'>dari</span> <span class='ocrx_word' id='word_1_132' title='bbox 1134 2157 1432 2236; x_wconf 90' lang='lat' dir='ltr'>oportere</span> <span class='ocrx_word' id='word_1_133' title='bbox 1479 2154 1580 2217; x_wconf 82' lang='lat' dir='ltr'>vel</span> <span class='ocrx_word' id='word_1_134' title='bbox 1621 2154 1677 2217; x_wconf 93' lang='lat' dir='ltr'>si</span> <span class='ocrx_word' id='word_1_135' title='bbox 1715 2152 1867 2236; x_wconf 90' lang='lat' dir='ltr'>quid</span> <span class='ocrx_word' id='word_1_136' title='bbox 1905 2152 2051 2217; x_wconf 89' lang='lat' dir='ltr'>dolo</span> <span class='ocrx_word' id='word_1_137' title='bbox 2090 2150 2265 2214; x_wconf 84' lang='lat' dir='ltr'>malo</span> 
     </span>
     <span class='ocr_line' id='line_1_21' title="bbox 243 2238 2267 2327; baseline -0.001 -22"><span class='ocrx_word' id='word_1_138' title='bbox 243 2242 447 2324; x_wconf 88' lang='lat' dir='ltr'>ipsius</span> <span class='ocrx_word' id='word_1_139' title='bbox 510 2241 753 2307; x_wconf 88' lang='lat' dir='ltr'>factum</span> <span class='ocrx_word' id='word_1_140' title='bbox 817 2242 932 2321; x_wconf 90' lang='lat' dir='ltr'>sit,</span> <span class='ocrx_word' id='word_1_141' title='bbox 998 2263 1123 2327; x_wconf 91' lang='lat' dir='ltr'>quo</span> <span class='ocrx_word' id='word_1_142' title='bbox 1204 2243 1415 2306; x_wconf 91' lang='lat' dir='ltr'>minus</span> <span class='ocrx_word' id='word_1_143' title='bbox 1479 2244 1861 2325; x_wconf 78' lang='lat' dir='ltr'>perveniret.</span> <span class='ocrx_word' id='word_1_144' title='bbox 1970 2238 2267 2305; x_wconf 89' lang='lat' dir='ltr'>nonnulli</span> 
     </span>
     <span class='ocr_line' id='line_1_22' title="bbox 243 2328 2113 2415; baseline 0.001 -23"><span class='ocrx_word' id='word_1_145' title='bbox 243 2334 478 2413; x_wconf 90' lang='lat' dir='ltr'>putant</span> <span class='ocrx_word' id='word_1_146' title='bbox 523 2330 591 2393; x_wconf 91' lang='lat' dir='ltr'>in</span> <span class='ocrx_word' id='word_1_147' title='bbox 635 2330 882 2395; x_wconf 88' lang='lat' dir='ltr'>factum</span> <span class='ocrx_word' id='word_1_148' title='bbox 930 2352 1067 2394; x_wconf 89' lang='lat' dir='ltr'>esse</span> <span class='ocrx_word' id='word_1_149' title='bbox 1114 2330 1390 2394; x_wconf 84' lang='lat' dir='ltr'>dandam</span> <span class='ocrx_word' id='word_1_150' title='bbox 1440 2352 1633 2415; x_wconf 90' lang='lat' dir='ltr'>quam</span> <span class='ocrx_word' id='word_1_151' title='bbox 1684 2328 2113 2394; x_wconf 89' lang='lat' dir='ltr'>interdictum.</span> 
     </span>
    </p>
   </div>
   <div class='ocr_carea' id='block_1_7' title="bbox 828 2506 1664 2573">
    <p class='ocr_par' dir='ltr' id='par_1_8' title="bbox 828 2506 1664 2573">
     <span class='ocr_line' id='line_1_23' title="bbox 828 2506 1664 2573; baseline -0.002 -1"><span class='ocrx_word' id='word_1_152' title='bbox 828 2506 927 2572; x_wconf 82' lang='lat' dir='ltr'>De</span> <span class='ocrx_word' id='word_1_153' title='bbox 969 2506 1288 2573; x_wconf 79' lang='lat' dir='ltr'>arboribus</span> <span class='ocrx_word' id='word_1_154' title='bbox 1332 2506 1664 2571; x_wconf 58' lang='lat' dir='ltr'>caedendi&amp;</span> 
     </span>
    </p>
   </div>
   <div class='ocr_carea' id='block_1_8' title="bbox 244 2629 2268 3139">
    <p class='ocr_par' dir='ltr' id='par_1_9' title="bbox 244 2629 2268 3139">
     <span class='ocr_line' id='line_1_24' title="bbox 428 2629 2267 2716; baseline -0.001 -23"><span class='ocrx_word' id='word_1_155' title='bbox 428 2629 571 2696; x_wconf 90' lang='lat'>184.</span> <span class='ocrx_word' id='word_1_156' title='bbox 666 2630 744 2696; x_wconf 94' lang='lat' dir='ltr'>D.</span> <span class='ocrx_word' id='word_1_157' title='bbox 798 2630 903 2712; x_wconf 89' lang='lat'>43,</span> <span class='ocrx_word' id='word_1_158' title='bbox 958 2631 1062 2707; x_wconf 82' lang='lat'>27,</span> <span class='ocrx_word' id='word_1_159' title='bbox 1121 2632 1177 2713; x_wconf 94' lang='lat'>1,</span> <span class='ocrx_word' id='word_1_160' title='bbox 1234 2631 1292 2694; x_wconf 89' lang='grc'>2.</span> <span class='ocrx_word' id='word_1_161' title='bbox 1395 2629 1715 2716; x_wconf 85' lang='lat' dir='ltr'>Ulpianus</span> <span class='ocrx_word' id='word_1_162' title='bbox 1778 2630 1944 2694; x_wconf 94' lang='lat' dir='ltr'>libro</span> <span class='ocrx_word' id='word_1_163' title='bbox 2009 2633 2267 2712; x_wconf 85' lang='lat' dir='ltr'>septua-</span> 
     </span>
     <span class='ocr_line' id='line_1_25' title="bbox 247 2716 2266 2803; baseline 0 -21"><span class='ocrx_word' id='word_1_164' title='bbox 247 2718 540 2803; x_wconf 85' lang='lat' dir='ltr'>gensimo</span> <span class='ocrx_word' id='word_1_165' title='bbox 585 2718 799 2802; x_wconf 91' lang='lat' dir='ltr'>primo</span> <span class='ocrx_word' id='word_1_166' title='bbox 839 2719 919 2783; x_wconf 90' lang='lat' dir='ltr'>ad</span> <span class='ocrx_word' id='word_1_167' title='bbox 960 2719 1256 2785; x_wconf 91' lang='lat' dir='ltr'>edictum.</span> <span class='ocrx_word' id='word_1_168' title='bbox 1293 2756 1363 2766; x_wconf 93' lang='lat'>—</span> <span class='ocrx_word' id='word_1_169' title='bbox 1403 2716 1475 2785; x_wconf 87' lang='lat' dir='ltr'>Si</span> <span class='ocrx_word' id='word_1_170' title='bbox 1504 2720 1697 2785; x_wconf 89' lang='lat' dir='ltr'>arbor</span> <span class='ocrx_word' id='word_1_171' title='bbox 1735 2718 1998 2784; x_wconf 89' lang='lat' dir='ltr'>aedibus</span> <span class='ocrx_word' id='word_1_172' title='bbox 2039 2717 2266 2783; x_wconf 86' lang='lat' dir='ltr'>alienis</span> 
     </span>
     <span class='ocr_line' id='line_1_26' title="bbox 245 2807 2267 2893; baseline -0 -22"><span class='ocrx_word' id='word_1_173' title='bbox 245 2807 591 2891; x_wconf 89' lang='lat' dir='ltr'>impendet,</span> <span class='ocrx_word' id='word_1_174' title='bbox 638 2812 855 2872; x_wconf 88' lang='lat' dir='ltr'>utrum</span> <span class='ocrx_word' id='word_1_175' title='bbox 902 2811 1111 2873; x_wconf 88' lang='lat' dir='ltr'>totam</span> <span class='ocrx_word' id='word_1_176' title='bbox 1161 2808 1462 2873; x_wconf 89' lang='lat' dir='ltr'>arborem</span> <span class='ocrx_word' id='word_1_177' title='bbox 1499 2810 1721 2873; x_wconf 88' lang='lat' dir='ltr'>iubeat</span> <span class='ocrx_word' id='word_1_178' title='bbox 1757 2810 2020 2893; x_wconf 85' lang='lat' dir='ltr'>praetor</span> <span class='ocrx_word' id='word_1_179' title='bbox 2068 2807 2267 2871; x_wconf 88' lang='lat' dir='ltr'>adimi</span> 
     </span>
     <span class='ocr_line' id='line_1_27' title="bbox 246 2897 2268 2981; baseline 0 -21"><span class='ocrx_word' id='word_1_180' title='bbox 246 2919 329 2960; x_wconf 89' lang='lat' dir='ltr'>an</span> <span class='ocrx_word' id='word_1_181' title='bbox 386 2918 531 2961; x_wconf 86' lang='lat' dir='ltr'>vero</span> <span class='ocrx_word' id='word_1_182' title='bbox 579 2897 645 2960; x_wconf 91' lang='lat' dir='ltr'>id</span> <span class='ocrx_word' id='word_1_183' title='bbox 693 2898 926 2975; x_wconf 90' lang='lat' dir='ltr'>solum,</span> <span class='ocrx_word' id='word_1_184' title='bbox 986 2898 1152 2981; x_wconf 91' lang='lat' dir='ltr'>quod</span> <span class='ocrx_word' id='word_1_185' title='bbox 1203 2897 1707 2981; x_wconf 88' lang='lat' dir='ltr'>superexcurrit,</span> <span class='ocrx_word' id='word_1_186' title='bbox 1762 2898 2109 2981; x_wconf 87' lang='lat' dir='ltr'>quaeritur.</span> <span class='ocrx_word' id='word_1_187' title='bbox 2202 2900 2268 2961; x_wconf 87' lang='lat' dir='ltr'>et</span> 
     </span>
     <span class='ocr_line' id='line_1_28' title="bbox 244 2984 2267 3073; baseline 0 -24"><span class='ocrx_word' id='word_1_188' title='bbox 244 2984 530 3050; x_wconf 85' lang='lat' dir='ltr'>Rutilius</span> <span class='ocrx_word' id='word_1_189' title='bbox 569 2987 665 3050; x_wconf 85' lang='lat' dir='ltr'>ait</span> <span class='ocrx_word' id='word_1_190' title='bbox 703 3008 743 3050; x_wconf 84' lang='lat' dir='ltr'>a</span> <span class='ocrx_word' id='word_1_191' title='bbox 775 2986 976 3071; x_wconf 86' lang='lat' dir='ltr'>stirpe</span> <span class='ocrx_word' id='word_1_192' title='bbox 1006 2985 1418 3051; x_wconf 84' lang='lat' dir='ltr'>excidendam</span> <span class='ocrx_word' id='word_1_193' title='bbox 1447 2986 1637 3073; x_wconf 91' lang='lat' dir='ltr'>idque</span> <span class='ocrx_word' id='word_1_194' title='bbox 1663 2987 1987 3070; x_wconf 87' lang='lat' dir='ltr'>plerisque</span> <span class='ocrx_word' id='word_1_195' title='bbox 2014 2985 2267 3050; x_wconf 82' lang='lat' dir='ltr'>videtur</span> 
     </span>
     <span class='ocr_line' id='line_1_29' title="bbox 245 3096 472 3139; baseline 0.004 -1"><span class='ocrx_word' id='word_1_196' title='bbox 245 3096 472 3139; x_wconf 77' lang='lat' dir='ltr'>verius.</span> 
     </span>
    </p>
   </div>
   <div class='ocr_carea' id='block_1_9' title="bbox 247 3164 2264 3454">
    <p class='ocr_par' dir='ltr' id='par_1_10' title="bbox 247 3164 2264 3454">
     <span class='ocr_line' id='line_1_30' title="bbox 1143 3164 1377 3231; baseline -0.017 0"><span class='ocrx_word' id='word_1_197' title='bbox 1143 3164 1377 3231; x_wconf 76' lang='lat' dir='ltr'>Utrubi.</span> 
     </span>
     <span class='ocr_line' id='line_1_31' title="bbox 428 3278 2264 3435; baseline -0.001 -91"><span class='ocrx_word' id='word_1_198' title='bbox 428 3280 572 3346; x_wconf 83' lang='lat'>185.</span> <span class='ocrx_word' id='word_1_199' title='bbox 665 3279 740 3344; x_wconf 91' lang='lat' dir='ltr'>D.</span> <span class='ocrx_word' id='word_1_200' title='bbox 786 3280 891 3360; x_wconf 92' lang='lat'>41,</span> <span class='ocrx_word' id='word_1_201' title='bbox 938 3280 999 3362; x_wconf 86' lang='lat'>2,</span> <span class='ocrx_word' id='word_1_202' title='bbox 1048 3280 1149 3362; x_wconf 89' lang='lat'>13,</span> <span class='ocrx_word' id='word_1_203' title='bbox 1195 3281 1254 3345; x_wconf 90' lang='lat'>2.</span> <span class='ocrx_word' id='word_1_204' title='bbox 1346 3279 1522 3344; x_wconf 90' lang='lat' dir='ltr'>Idem</span> <span class='ocrx_word' id='word_1_205' title='bbox 1563 3278 1678 3363; x_wconf 92' lang='lat' dir='ltr'>(sc.</span> <span class='ocrx_word' id='word_1_206' title='bbox 1715 3278 2066 3435; x_wconf 89' lang='lat' dir='ltr'>Ulpianus)</span> <span class='ocrx_word' id='word_1_207' title='bbox 2094 3279 2264 3344; x_wconf 90' lang='lat' dir='ltr'>libro</span> 
     </span>
     <span class='ocr_line' id='line_1_32' title="bbox 247 3368 2264 3454; baseline -0.001 -23"><span class='ocrx_word' id='word_1_208' title='bbox 247 3370 772 3454; x_wconf 88' lang='lat' dir='ltr'>septuagensimo</span> <span class='ocrx_word' id='word_1_209' title='bbox 841 3369 1119 3433; x_wconf 88' lang='lat' dir='ltr'>secundo</span> <span class='ocrx_word' id='word_1_210' title='bbox 1176 3369 1259 3433; x_wconf 88' lang='lat' dir='ltr'>ad</span> <span class='ocrx_word' id='word_1_211' title='bbox 1314 3369 1607 3435; x_wconf 91' lang='lat' dir='ltr'>edictum.</span> <span class='ocrx_word' id='word_1_212' title='bbox 1664 3405 1741 3416; x_wconf 95' lang='lat'>—</span> <span class='ocrx_word' id='word_1_213' title='bbox 1857 3368 2264 3454; x_wconf 79' lang='lat' dir='ltr'>‚quaeritur,</span> 
     </span>
    </p>
   </div>
   <div class='ocr_carea' id='block_1_10' title="bbox 244 3455 2265 3631">
    <p class='ocr_par' dir='ltr' id='par_1_11' title="bbox 244 3455 2265 3631">
     <span class='ocr_line' id='line_1_33' title="bbox 248 3455 2265 3541; baseline -0 -22"><span class='ocrx_word' id='word_1_214' title='bbox 248 3456 302 3519; x_wconf 92' lang='lat' dir='ltr'>si</span> <span class='ocrx_word' id='word_1_215' title='bbox 349 3456 492 3540; x_wconf 89' lang='lat' dir='ltr'>quis</span> <span class='ocrx_word' id='word_1_216' title='bbox 541 3458 868 3522; x_wconf 90' lang='lat' dir='ltr'>hominem</span> <span class='ocrx_word' id='word_1_217' title='bbox 914 3458 1236 3523; x_wconf 81' lang='lat' dir='ltr'>venditori</span> <span class='ocrx_word' id='word_1_218' title='bbox 1282 3458 1700 3541; x_wconf 89' lang='lat' dir='ltr'>redhibuerit,</span> <span class='ocrx_word' id='word_1_219' title='bbox 1758 3480 1841 3522; x_wconf 88' lang='lat' dir='ltr'>an</span> <span class='ocrx_word' id='word_1_220' title='bbox 1903 3455 2265 3522; x_wconf 89' lang='lat' dir='ltr'>accessione</span> 
     </span>
     <span class='ocr_line' id='line_1_34' title="bbox 244 3544 2262 3631; baseline 0 -24"><span class='ocrx_word' id='word_1_221' title='bbox 244 3544 342 3608; x_wconf 87' lang='lat' dir='ltr'>uti</span> <span class='ocrx_word' id='word_1_222' title='bbox 384 3546 596 3629; x_wconf 86' lang='lat' dir='ltr'>possit</span> <span class='ocrx_word' id='word_1_223' title='bbox 641 3568 718 3610; x_wconf 91' lang='lat' dir='ltr'>ex</span> <span class='ocrx_word' id='word_1_224' title='bbox 773 3567 1053 3630; x_wconf 87' lang='lat' dir='ltr'>persona</span> <span class='ocrx_word' id='word_1_225' title='bbox 1100 3546 1256 3612; x_wconf 77' lang='lat' dir='ltr'>eiuS.</span> <span class='ocrx_word' id='word_1_226' title='bbox 1351 3551 1417 3611; x_wconf 91' lang='lat' dir='ltr'>et</span> <span class='ocrx_word' id='word_1_227' title='bbox 1476 3551 1626 3612; x_wconf 90' lang='lat' dir='ltr'>sunt</span> <span class='ocrx_word' id='word_1_228' title='bbox 1672 3548 1781 3631; x_wconf 91' lang='lat' dir='ltr'>qui</span> <span class='ocrx_word' id='word_1_229' title='bbox 1836 3548 2068 3630; x_wconf 86' lang='lat' dir='ltr'>putent</span> <span class='ocrx_word' id='word_1_230' title='bbox 2131 3564 2262 3609; x_wconf 93' lang='lat' dir='ltr'>non</span> 
     </span>
    </p>
   </div>
  </div>
 </body>
</html>
