2575 3900
810 178 858 226 6.
904 169 1327 227 [AVOLENUS
1363 170 1667 227 PRISCUS
2120 172 2255 238 413

221 334 428 401 aiebat
497 335 687 399 etiam
749 336 1024 417 pretium
1089 334 1280 415 fundi
1340 335 1487 399 dari
1547 334 1775 413 debere,
1846 333 2069 417 Ofilius
2130 336 2250 400 im-

210 442 445 508 pensae
487 423 662 490 verbo
706 429 889 507 neyat
916 426 1189 507 pretium
1231 424 1595 508 siqnificari,
1639 425 1747 489 sed
1788 444 1887 489 eos
1920 426 2251 490 dumtaxat

223 516 529 597 sumptus,
593 532 744 594 quos
804 514 876 577 in
937 533 1075 578 eum
1121 517 1529 595 posteaquam
1592 517 1827 595 emptus
1879 518 2028 578 esset
2084 513 2245 595 fecit.

227 602 414 667 idem
429 599 635 667 Cinna
669 602 882 667 scribit
913 602 1144 667 adiecto
1179 621 1264 684 eo,
1301 603 1466 683 quod
1494 622 1623 666 non
1649 602 1920 667 deductis
1940 600 2247 683 fructibus

226 693 650 774 impensarum
687 692 847 755 ratio
883 690 1095 756 haberi
1129 690 1352 768 debent,
1391 695 1449 754 et
1478 690 1589 755 hoo
1618 691 1818 773 mayis
1843 711 2055 755 verum
2074 696 2254 772 puto.-

406 779 508 845 38.
555 778 632 845 D.
655 779 763 863 32,
781 779 885 863 30,
903 780 964 843 4.
1036 778 1254 844 Labeo
1293 779 1461 844 libro
1501 779 1778 844 seeundo
1815 778 2246 861 posteriorum

227 890 266 932 a
329 866 638 932 Iavoleno
704 870 1224 952 epitomatorum.
1279 902 1367 915 —
1431 867 1555 948 Qui
1598 869 1880 950 fundum
1942 869 2249 934 mandatu

225 976 360 1022 meo
405 956 476 1021 in
518 958 794 1022 societate
837 957 994 1021 mihi
1037 962 1095 1021 et
1134 957 1256 1021 sibi
1300 960 1544 1034 emerat,
1588 958 1802 1022 deinde
1844 977 1983 1022 eum
2016 958 2249 1041 finibus

225 1047 526 1113 diviserat
575 1050 633 1111 et
673 1047 1048 1129 priusquam
1101 1045 1258 1110 mihi
1317 1045 1636 1128 mancipio
1696 1046 1869 1110 daret
1880 1044 1919 1128 ¹,
1972 1045 2063 1111 ita
2108 1067 2247 1110 eum

228 1135 342 1201 tibi
393 1134 700 1218 leyaverat
753 1134 1046 1216 ‘fundum
1099 1155 1304 1200 meum
1356 1135 1456 1199 illi
1498 1134 1617 1200 do'.
1706 1135 1923 1216 neyavi
1974 1134 2248 1217 amplius

215 1228 462 1307 partem
507 1224 720 1306 deberi,
765 1225 918 1305 quia
959 1222 1287 1289 verisimile
1332 1244 1458 1287 non
1500 1228 1649 1288 esset
1679 1224 1769 1288 ita
1806 1227 2088 1288 testatum
2124 1244 2249 1289 esse

215 1317 468 1396 patrem
509 1312 812 1393 familias,
857 1318 929 1377 ut
969 1313 1254 1378 mandati
1295 1311 1466 1377 heres
1509 1313 1642 1377 eius
1684 1313 2103 1377 damnaretur.

408 1401 512 1468 39.
567 1401 643 1465 D.
666 1401 768 1485 33,
791 1404 848 1484 7,
867 1403 924 1466 4.
985 1401 1329 1466 Iavolenus
1360 1401 1529 1465 libro
1560 1402 1835 1465 secundo
1866 1422 1943 1466 ex
1969 1401 2247 1485 posteri-

227 1489 448 1555 oribus
504 1489 845 1554 Labeonis.
893 1526 973 1535 —
1023 1489 1179 1556 Cum
1223 1491 1481 1572 quidam
1526 1491 1677 1556 duos
1725 1490 1955 1571 fundos
2008 1490 2248 1555 iunctos

226 1578 470 1644 haberet
511 1583 569 1643 et
609 1598 684 1643 ex
718 1580 909 1644 altero
945 1579 1131 1662 boves,
1175 1599 1316 1644 cum
1352 1599 1503 1661 opus
1534 1579 1831 1661 fecissent,
1875 1580 1947 1643 in
1982 1579 2247 1643 alterum

225 1672 689 1751 reverterentur,
742 1673 1066 1750 utrumque
1119 1667 1391 1749 fundum
1443 1688 1581 1732 cum
1635 1668 2040 1732 instrumento
2087 1668 2245 1751 loya-

225 1761 411 1822 verat.
499 1756 702 1821 Labeo
739 1756 1074 1822 ‘Trebatius
1127 1757 1297 1821 boves
1349 1758 1407 1820 ei
1455 1756 1651 1837 fundo
1695 1776 1964 1822 cessuros
1998 1761 2246 1841 putant,

225 1846 335 1911 ubi
361 1866 513 1927 opus
533 1844 831 1927 fecissent,
867 1866 992 1910 non
1018 1845 1126 1911 ubi
1151 1866 1400 1910 manere
1425 1846 1880 1930 consuevissent,
1916 1843 2249 1917 Cascellius

227 1939 458 2001 contra.
547 1934 853 2000 Labeonis
896 1936 1260 2000 sententiam
1293 1934 1503 2017 probo.

403 2024 512 2089 40.
561 2025 636 2090 D.
665 2024 768 2102 35,
804 2027 858 2104 1,
883 2025 989 2106 40,
1015 2025 1078 2090 4.
1149 2023 1328 2089 Idem
1378 2020 1494 2111 (so.
1531 2019 1903 2110 Iavolenus)
1943 2023 2110 2088 libro
2151 2045 2245 2088 se-

229 2112 436 2179 eundo
484 2135 562 2177 ex
607 2114 1075 2198 posterioribus
1112 2112 1450 2178 Labeonis·
1504 2148 1579 2159 —
1628 2113 1752 2192 Qui
1796 2113 2058 2178 dotalem
2098 2113 2245 2193 fun-

225 2203 377 2268 dum
411 2202 656 2267 nullum
681 2200 950 2282 habebat,
987 2204 1080 2268 ita
1106 2203 1438 2286 leyaverat:
1474 2201 1762 2283 ‘fundum
1790 2201 2248 2282 Cornelianum,

227 2311 406 2373 quem
449 2291 565 2356 illa
609 2291 766 2356 mihi
808 2293 937 2357 doti
979 2292 1160 2373 dedit,
1203 2291 1261 2355 ei
1305 2290 1475 2355 heres
1508 2289 1690 2356 dato’.
1774 2290 1979 2355 Labeo
2024 2289 2249 2371 Ofilius

234 2379 554 2445 Trebatius
616 2381 1055 2463 responderunt
1110 2379 1381 2459 fundum
1441 2379 1639 2444 nihilo
1701 2380 1911 2444 minus
1983 2379 2247 2461 leyatum

228 2487 379 2552 esse,
423 2469 599 2549 quia,
643 2489 780 2533 cum
814 2469 1050 2550 fumdus
1090 2466 1498 2533 Cornelianus
1532 2469 1601 2532 in
1637 2487 1846 2532 rerum
1880 2471 2113 2532 natura
2147 2469 2248 2549 sit,

229 2558 666 2622 demonstratio
707 2558 877 2638 falsa
924 2559 1190 2640 leyatum
1234 2577 1362 2621 non
1393 2557 1669 2639 peremit.

752 2741 844 2800 De
887 2741 1062 2815 fundi
1103 2742 1482 2800 instrumento
1527 2740 1725 2813 leyato.

410 2858 540 2938 41„
569 2858 646 2924 D.
686 2859 792 2944 33,
831 2860 888 2942 7,
924 2858 1114 2943 25pr.
1213 2856 1554 2923 Iavolenus
1609 2858 1778 2923 libro
1836 2859 2115 2925 seeundo
2170 2881 2247 2926 ex

229 2946 697 3032 posterioribus
736 2947 1072 3012 Labeonis.
1114 2984 1192 2997 -
1234 2946 1451 3012 Fundi
1495 2948 1898 3013 instrumento
1945 2949 2137 3032 leqato
2181 2951 2253 3016 id

221 3057 408 3119 pecus
466 3038 664 3102 cedere
707 3038 974 3119 putabat
1030 3036 1288 3115 Tubero,
1352 3038 1515 3119 quod
1565 3038 1620 3102 is
1668 3036 1906 3119 fundus
1948 3039 2249 3104 sustinere

217 3126 551 3210 potuisset,
603 3126 807 3190 Labeo
850 3131 1079 3191 contra.
1161 3127 1317 3208 quid
1355 3126 1520 3190 enim
1562 3127 1682 3210 fiet,
1727 3127 1945 3209 inquit,
1990 3128 2063 3207 si,
2108 3148 2247 3192 cum

229 3214 398 3279 mille
451 3235 586 3280 oves
633 3215 871 3297 fundus
925 3216 1224 3280 sustinere
1263 3216 1589 3297 potuisset,
1643 3216 1763 3280 duo
1817 3215 1999 3280 milia
2041 3218 2257 3282 ovium·

231 3303 299 3367 in
354 3323 420 3369 eo
469 3302 668 3385 fundo
717 3304 998 3386 fuerint?
1080 3323 1235 3385 quas
1287 3323 1423 3369 oves
1453 3305 1852 3386 potissimum
1896 3304 2088 3386 leyato
2132 3326 2248 3371 ces-

227 3411 411 3458 suras
462 3393 994 3458 existimabimus?
1067 3413 1174 3457 nec
1215 3394 1628 3475 quaerendum
1677 3412 1826 3478 esse,
1880 3394 2033 3476 quid
2074 3394 2248 3460 debu-

377 3554 404 3602 1
447 3549 598 3604 Trib.
633 3549 896 3605 traderet.
