2575 3900
799 217 847 265 6.
893 207 1307 264 IAVOLENUS
1344 208 1637 265 PRISCUS
2098 211 2226 274 467
2246 257 2251 264 .

959 424 1060 490 De
1090 428 1487 509 possessione.

384 549 443 614 6.
488 549 567 615 D.
597 550 703 634 41,
733 550 792 632 2,
821 549 926 614 23.
1006 548 1186 614 Idem
1233 547 1352 636 (sc.
1386 547 1759 638 Iavolenus)
1807 549 1976 615 libro
2018 551 2229 635 primo

204 637 673 723 Epistularum.

387 742 433 789 1.
507 726 664 792 Cum
725 726 967 792 heredes
1031 728 1299 792 instituti
1358 747 1573 792 sumus
1579 777 1598 811 ,
1662 729 1840 792 adita
1900 725 2230 793 hereditate

207 817 417 880 omnia
473 817 716 898 quidem
769 817 915 880 iura
968 817 1055 880 ad
1103 836 1216 881 nos
1270 821 1616 895 transeunt,
1666 818 1969 898 possessio
2024 823 2229 882 tamen
2358 878 2361 883 .

201 906 331 970 nisi
374 905 747 970 naturaliter
790 904 1215 986 comprehensa
1259 906 1347 969 ad
1387 925 1499 970 nos
1542 925 1668 969 non
1702 907 1984 986 pertinet.

380 1005 430 1054 2.
481 992 568 1058 In
605 993 718 1077 his,
763 995 870 1076 qui
908 996 976 1057 in
1010 992 1274 1058 hostium
1298 999 1657 1076 potestatem
1679 993 2105 1076 pervenerunt,
2154 996 2226 1060 in

199 1083 512 1147 retinendo
557 1085 705 1147 iura
747 1103 954 1146 rerum
994 1102 1253 1146 suarum
1287 1083 1603 1165 sinyulare
1637 1085 1739 1147 ius
1774 1089 1890 1160 est,·
1937 1103 2223 1165 corpora-

201 1170 358 1235 liter·
397 1175 596 1236 tamen
638 1172 1078 1253 possessionem
1132 1172 1458 1248 amittunt,·
1513 1192 1700 1254 neque
1752 1173 1917 1236 enim
1958 1176 2227 1255 possunt

200 1260 399 1325 videri
451 1260 694 1342 aliquid
736 1261 1075 1343 possidere,
1127 1280 1266 1324 oum
1312 1261 1435 1342 ipsi
1487 1260 1564 1325 ab
1608 1261 1735 1324 alio
1771 1262 2223 1342 possideantur.

197 1349 477 1430 sequitur
527 1369 693 1432 erqo,
747 1353 819 1413 ut
865 1349 1121 1413 reversis
1172 1347 1270 1413 his
1314 1368 1473 1413 nova
1506 1349 1885 1430 possessione
1929 1369 2080 1430 opus
2122 1351 2225 1430 sit,

195 1438 446 1502 etiamsi
489 1457 665 1502 nemo
709 1438 906 1502 medio
953 1441 1214 1518 tempore
1256 1457 1355 1502 res
1398 1457 1605 1501 eorum
1635 1438 1989 1519 possederit.

379 1537 429 1586 3.
484 1524 644 1590 Item
686 1546 930 1610 quaero,
971 1527 1031 1590 si
1073 1527 1323 1590 vinxero
1369 1525 1623 1590 liberum
1658 1526 1964 1591 hominem
2002 1527 2109 1606 ita,
2154 1531 2229 1590 ut

194 1635 339 1680 eum
369 1615 742 1700 possideam,
786 1635 873 1678 an
917 1615 1146 1697 omnia,
1188 1635 1346 1697 quae
1389 1615 1447 1678 is
1480 1614 1845 1697 possidebat,
1890 1635 1993 1697 eqo
2016 1616 2221 1698 possi-

194 1705 379 1770 deam
416 1724 531 1785 per
574 1703 772 1767 illum.

376 1799 745 1884 Respondit:
807 1801 864 1865 si
925 1801 1198 1865 vinxeris
1257 1800 1564 1865 hominem
1618 1800 1904 1884 liberum,
1967 1821 2104 1864 eum
2169 1806 2223 1864 te

189 1890 504 1974 possidere
535 1909 662 1955 non
684 1894 859 1973 puto.
921 1891 1084 1972 quod
1115 1910 1251 1955 oum
1287 1891 1382 1955 ita
1414 1908 1477 1954 se
1509 1888 1741 1973 habeat,
1784 1890 1975 1955 multo
2011 1890 2221 1955 minus

187 2000 308 2063 per
351 1979 531 2045 illum
575 1999 672 2044 res
715 1980 847 2045 eius
885 2000 927 2043 a
965 1984 1018 2044 te
1042 1980 1517 2062 possidebuntur
1550 1978 1777 2063 [neque
1810 1980 1973 2044 enim
2007 2000 2217 2043 rerum

195 2073 431 2133 natura
483 2070 720 2152 recipit,
777 2073 850 2134 ut
887 2088 1005 2150 per
1058 2089 1196 2134 eum
1249 2067 1493 2150 aliquid
1532 2070 1842 2149 possidere
1882 2069 2220 2152 possimus,

194 2177 376 2241 quem
420 2158 678 2222 civiliter
721 2158 792 2222 in
837 2178 972 2221 mea
1011 2162 1302 2240 potestate
1344 2178 1471 2222 non
1514 2156 1757 2241 habeoJ.

1038 2428 1252 2487 Liber
1297 2426 1375 2487 Π.

1023 2545 1122 2611 De
1167 2547 1396 2628 leyatis.

381 2672 436 2735 7.
492 2669 570 2734 D.
612 2672 669 2753 7,
710 2672 766 2751 1,
801 2669 904 2736 53.
994 2668 1337 2735 Iavolenus
1395 2669 1563 2734 libro
1619 2668 1895 2733 secundo
1949 2668 2215 2751 Epistu-

193 2762 426 2825 larum.
474 2796 556 2805 —
603 2759 678 2825 Si
721 2762 822 2824 eui
855 2759 1095 2824 insulae
1129 2778 1280 2823 usus
1312 2758 1553 2839 fruetus
1589 2758 1818 2841 leyatus
1850 2762 1955 2836 est,
2000 2778 2213 2839 quam-

7 2906 11 2911 ,
193 2850 309 2915 diu
343 2849 640 2931 quaelibet
661 2850 868 2931 portio
903 2850 1034 2913 eius
1067 2848 1312 2913 insulae
1344 2851 1633 2932 remanet,
1669 2848 1847 2911 totius
1880 2846 1999 2911 soli
2032 2866 2217 2911 usum

7 2954 30 2998 1³2*
190 2938 468 3018 fructum
511 2939 747 3003 retinet.

359 3035 435 3100 8.
481 3036 560 3100 D.
589 3035 692 3120 33,
719 3034 782 3117 5,
815 3034 910 3100 15.
986 3034 1161 3099 Idem
1213 3031 1327 3121 (sc.
1355 3030 1725 3120 Iavolenus)
1774 3033 1940 3098 libro
1989 3054 2209 3097 seeun-

7 3134 32 3178 θ’
197 3124 280 3189 do
324 3124 786 3208 Epistularum.
846 3160 922 3171 —
981 3123 1166 3189 Servo
1218 3126 1352 3189 sine
1406 3124 1675 3188 libertate
1724 3122 1943 3205 leyavi,
1996 3122 2213 3187 deinde

8 3214 35 3268 Ψ
196 3215 496 3300 optionem
566 3234 876 3279 servorum
947 3214 1195 3278 Maeuio
1267 3214 1408 3278 dedi
1415 3234 1437 3290 ‚·
1518 3214 1576 3277 is
1646 3213 1899 3277 eundem
1968 3230 2211 3275 servum

7 3312 36 3355 «Μ’
195 3305 441 3383 optavit.
547 3323 798 3387 quaero,
870 3324 956 3366 an
1025 3304 1095 3367 id
1163 3322 1396 3384 quoque
1456 3303 1619 3383 quod
1679 3301 1943 3384 leyatum
2006 3304 2094 3364 est
2154 3300 2214 3363 ei

196 3392 521 3456 deberetur.

375 3478 742 3561 Respondit.
786 3500 912 3545 non
942 3484 1090 3561 puto
1131 3480 1397 3562 Ieyatum
1430 3478 1617 3545 huius
1649 3480 1810 3544 servi
1843 3477 2093 3543 nomine
2129 3476 2217 3539 ad

197 3567 517 3632 dominum
555 3568 873 3649 pertinere.

1680 3678 1748 3726 30
1758 3672 1789 3707 *
