<?xml version="1.0" encoding="UTF-8"?>
<!DOCTYPE html PUBLIC "-//W3C//DTD XHTML 1.0 Transitional//EN"
    "http://www.w3.org/TR/xhtml1/DTD/xhtml1-transitional.dtd">
<html xmlns="http://www.w3.org/1999/xhtml" xml:lang="en" lang="en">
 <head>
  <title>
</title>
<meta http-equiv="Content-Type" content="text/html;charset=utf-8" />
  <meta name='ocr-system' content='tesseract 3.04.00' />
  <meta name='ocr-capabilities' content='ocr_page ocr_carea ocr_par ocr_line ocrx_word'/>
</head>
<body>
  <div class='ocr_page' id='page_1' title='image "./iurisprudentiae00unkngoog_0331.png"; bbox 0 0 2575 3900; ppageno 0'>
   <div class='ocr_carea' id='block_1_1' title="bbox 1039 175 2238 241">
    <p class='ocr_par' dir='ltr' id='par_1_1' title="bbox 1039 175 2238 241">
     <span class='ocr_line' id='line_1_1' title="bbox 1039 175 2238 241; baseline 0.008 -9"><span class='ocrx_word' id='word_1_1' title='bbox 1039 185 1088 232; x_wconf 83' lang='lat'><strong>3.</strong></span> <span class='ocrx_word' id='word_1_2' title='bbox 1124 175 1450 231; x_wconf 83' lang='lat' dir='ltr'>MINICIUS</span> <span class='ocrx_word' id='word_1_3' title='bbox 2108 176 2238 241; x_wconf 80' lang='lat'><strong>285</strong></span> 
     </span>
    </p>
   </div>
   <div class='ocr_carea' id='block_1_2' title="bbox 400 357 2242 550">
    <p class='ocr_par' dir='ltr' id='par_1_2' title="bbox 400 357 2242 550">
     <span class='ocr_line' id='line_1_2' title="bbox 808 357 1665 440; baseline -0.004 -16"><span class='ocrx_word' id='word_1_4' title='bbox 808 358 907 424; x_wconf 83' lang='lat' dir='ltr'><strong>De</strong></span> <span class='ocrx_word' id='word_1_5' title='bbox 946 359 1157 440; x_wconf 76' lang='lat' dir='ltr'><strong>fructu</strong></span> <span class='ocrx_word' id='word_1_6' title='bbox 1197 358 1386 439; x_wconf 78' lang='lat' dir='ltr'><strong>fundi</strong></span> <span class='ocrx_word' id='word_1_7' title='bbox 1431 357 1665 440; x_wconf 75' lang='lat' dir='ltr'><strong>leqato?</strong></span> 
     </span>
     <span class='ocr_line' id='line_1_3' title="bbox 400 461 2242 550; baseline -0.002 -18"><span class='ocrx_word' id='word_1_8' title='bbox 400 465 530 532; x_wconf 77' lang='lat'><strong>34?</strong></span> <span class='ocrx_word' id='word_1_9' title='bbox 588 465 667 531; x_wconf 89' lang='lat' dir='ltr'><strong>D.</strong></span> <span class='ocrx_word' id='word_1_10' title='bbox 696 466 803 548; x_wconf 84' lang='lat'><strong>22,</strong></span> <span class='ocrx_word' id='word_1_11' title='bbox 836 467 895 550; x_wconf 97' lang='grc'><strong>1,</strong></span> <span class='ocrx_word' id='word_1_12' title='bbox 920 465 1023 530; x_wconf 85' lang='lat'><strong>26.</strong></span> <span class='ocrx_word' id='word_1_13' title='bbox 1113 462 1294 528; x_wconf 88' lang='lat' dir='ltr'><strong>Idem</strong></span> <span class='ocrx_word' id='word_1_14' title='bbox 1341 462 1455 547; x_wconf 91' lang='lat' dir='ltr'><strong>(sc.</strong></span> <span class='ocrx_word' id='word_1_15' title='bbox 1482 461 1800 548; x_wconf 89' lang='lat' dir='ltr'><strong>Iulianus)</strong></span> <span class='ocrx_word' id='word_1_16' title='bbox 1846 463 2016 529; x_wconf 89' lang='lat' dir='ltr'><strong>libro</strong></span> <span class='ocrx_word' id='word_1_17' title='bbox 2065 467 2242 529; x_wconf 86' lang='lat' dir='ltr'><strong>sexto</strong></span> 
     </span>
    </p>
   </div>
   <div class='ocr_carea' id='block_1_3' title="bbox 225 551 2247 722">
    <p class='ocr_par' dir='ltr' id='par_1_3' title="bbox 225 551 2247 722">
     <span class='ocr_line' id='line_1_4' title="bbox 225 551 2247 641; baseline -0.001 -21"><span class='ocrx_word' id='word_1_18' title='bbox 225 577 303 620; x_wconf 85' lang='lat' dir='ltr'><strong>ex</strong></span> <span class='ocrx_word' id='word_1_19' title='bbox 329 553 595 620; x_wconf 88' lang='lat' dir='ltr'><strong>Minicio</strong></span> <span class='ocrx_word' id='word_1_20' title='bbox 626 551 725 641; x_wconf 92' lang='lat' dir='ltr'><strong>(P.</strong></span> <span class='ocrx_word' id='word_1_21' title='bbox 738 555 912 632; x_wconf 90' lang='grc'><strong>880).</strong></span> <span class='ocrx_word' id='word_1_22' title='bbox 934 589 1017 600; x_wconf 91' lang='lat'><strong>-—</strong></span> <span class='ocrx_word' id='word_1_23' title='bbox 1046 552 1470 618; x_wconf 84' lang='lat' dir='ltr'><strong>Venationem</strong></span> <span class='ocrx_word' id='word_1_24' title='bbox 1499 552 1744 618; x_wconf 86' lang='lat' dir='ltr'><strong>fructus</strong></span> <span class='ocrx_word' id='word_1_25' title='bbox 1772 552 1957 617; x_wconf 87' lang='lat' dir='ltr'><strong>fundi</strong></span> <span class='ocrx_word' id='word_1_26' title='bbox 1981 554 2247 638; x_wconf 83' lang='lat' dir='ltr'><strong>negavit</strong></span> 
     </span>
     <span class='ocr_line' id='line_1_5' title="bbox 225 641 1915 722; baseline -0.001 -14"><span class='ocrx_word' id='word_1_27' title='bbox 225 665 392 722; x_wconf 88' lang='lat' dir='ltr'><strong>esse,</strong></span> <span class='ocrx_word' id='word_1_28' title='bbox 439 643 568 708; x_wconf 90' lang='lat' dir='ltr'><strong>nisi</strong></span> <span class='ocrx_word' id='word_1_29' title='bbox 614 643 861 708; x_wconf 89' lang='lat' dir='ltr'><strong>fructus</strong></span> <span class='ocrx_word' id='word_1_30' title='bbox 908 641 1090 706; x_wconf 87' lang='lat' dir='ltr'><strong>fundi</strong></span> <span class='ocrx_word' id='word_1_31' title='bbox 1138 663 1214 705; x_wconf 84' lang='lat' dir='ltr'><strong>ex</strong></span> <span class='ocrx_word' id='word_1_32' title='bbox 1259 642 1598 706; x_wconf 83' lang='lat' dir='ltr'><strong>venatione</strong></span> <span class='ocrx_word' id='word_1_33' title='bbox 1643 645 1915 707; x_wconf 89' lang='lat' dir='ltr'><strong>constet.</strong></span> 
     </span>
    </p>
   </div>
   <div class='ocr_carea' id='block_1_4' title="bbox 404 753 1706 832">
    <p class='ocr_par' dir='ltr' id='par_1_4' title="bbox 404 753 1706 832">
     <span class='ocr_line' id='line_1_6' title="bbox 404 753 1706 832; baseline -0.002 -18"><span class='ocrx_word' id='word_1_34' title='bbox 404 756 477 814; x_wconf 89' lang='lat' dir='ltr'><strong>cf.</strong></span> <span class='ocrx_word' id='word_1_35' title='bbox 516 753 789 815; x_wconf 82' lang='lat' dir='ltr'><strong>Cassium</strong></span> <span class='ocrx_word' id='word_1_36' title='bbox 832 753 902 813; x_wconf 90' lang='lat' dir='ltr'><strong>D.</strong></span> <span class='ocrx_word' id='word_1_37' title='bbox 937 755 993 831; x_wconf 89' lang='grc'><strong>7,</strong></span> <span class='ocrx_word' id='word_1_38' title='bbox 1025 756 1081 830; x_wconf 90' lang='grc'><strong>1,</strong></span> <span class='ocrx_word' id='word_1_39' title='bbox 1112 756 1170 832; x_wconf 86' lang='grc'><strong>9,</strong></span> <span class='ocrx_word' id='word_1_40' title='bbox 1197 755 1236 812; x_wconf 83' lang='grc'><strong>5</strong></span> <span class='ocrx_word' id='word_1_41' title='bbox 1286 771 1471 828; x_wconf 85' lang='lat' dir='ltr'><strong>supra</strong></span> <span class='ocrx_word' id='word_1_42' title='bbox 1515 773 1572 829; x_wconf 90' lang='lat' dir='ltr'><strong>p.</strong></span> <span class='ocrx_word' id='word_1_43' title='bbox 1601 755 1706 812; x_wconf 85' lang='lat'><strong>44.</strong></span> 
     </span>
    </p>
   </div>
   <div class='ocr_carea' id='block_1_5' title="bbox 800 925 1682 991">
    <p class='ocr_par' dir='ltr' id='par_1_5' title="bbox 800 925 1682 991">
     <span class='ocr_line' id='line_1_7' title="bbox 800 925 1682 991; baseline -0.002 0"><span class='ocrx_word' id='word_1_44' title='bbox 800 925 901 991; x_wconf 84' lang='lat' dir='ltr'><strong>De</strong></span> <span class='ocrx_word' id='word_1_45' title='bbox 946 926 1237 991; x_wconf 75' lang='lat' dir='ltr'><strong>locatione</strong></span> <span class='ocrx_word' id='word_1_46' title='bbox 1279 926 1682 990; x_wconf 78' lang='lat' dir='ltr'><strong>conductione.</strong></span> 
     </span>
    </p>
   </div>
   <div class='ocr_carea' id='block_1_6' title="bbox 228 1026 2251 2089">
    <p class='ocr_par' dir='ltr' id='par_1_6' title="bbox 228 1026 2245 1381">
     <span class='ocr_line' id='line_1_8' title="bbox 403 1026 2243 1116; baseline -0.002 -17"><span class='ocrx_word' id='word_1_47' title='bbox 403 1032 533 1099; x_wconf 75' lang='lat'><strong>35?</strong></span> <span class='ocrx_word' id='word_1_48' title='bbox 592 1031 667 1097; x_wconf 94' lang='lat' dir='ltr'><strong>D.</strong></span> <span class='ocrx_word' id='word_1_49' title='bbox 695 1033 761 1116; x_wconf 84' lang='lat'><strong>2,</strong></span> <span class='ocrx_word' id='word_1_50' title='bbox 792 1034 893 1112; x_wconf 89' lang='lat'><strong>14,</strong></span> <span class='ocrx_word' id='word_1_51' title='bbox 922 1031 1025 1097; x_wconf 83' lang='lat'><strong>56.</strong></span> <span class='ocrx_word' id='word_1_52' title='bbox 1113 1030 1296 1095; x_wconf 90' lang='lat' dir='ltr'><strong>Idem</strong></span> <span class='ocrx_word' id='word_1_53' title='bbox 1341 1027 1458 1116; x_wconf 91' lang='lat' dir='ltr'><strong>(sc.</strong></span> <span class='ocrx_word' id='word_1_54' title='bbox 1484 1026 1800 1116; x_wconf 84' lang='lat' dir='ltr'><strong>Iulianus)</strong></span> <span class='ocrx_word' id='word_1_55' title='bbox 1848 1029 2014 1095; x_wconf 89' lang='lat' dir='ltr'><strong>libro</strong></span> <span class='ocrx_word' id='word_1_56' title='bbox 2062 1035 2243 1096; x_wconf 87' lang='lat' dir='ltr'><strong>sexto</strong></span> 
     </span>
     <span class='ocr_line' id='line_1_9' title="bbox 228 1117 2245 1208; baseline -0.002 -21"><span class='ocrx_word' id='word_1_57' title='bbox 228 1123 310 1188; x_wconf 87' lang='lat' dir='ltr'><strong>ad</strong></span> <span class='ocrx_word' id='word_1_58' title='bbox 365 1121 699 1186; x_wconf 74' lang='lat' dir='ltr'>Minicium</span> <span class='ocrx_word' id='word_1_59' title='bbox 748 1117 848 1208; x_wconf 92' lang='lat' dir='ltr'><strong>(P.</strong></span> <span class='ocrx_word' id='word_1_60' title='bbox 876 1117 1054 1206; x_wconf 84' lang='lat'><strong>876).</strong></span> <span class='ocrx_word' id='word_1_61' title='bbox 1104 1155 1182 1166; x_wconf 96' lang='lat'><strong>—</strong></span> <span class='ocrx_word' id='word_1_62' title='bbox 1235 1118 1306 1184; x_wconf 84' lang='lat' dir='ltr'><strong>Si</strong></span> <span class='ocrx_word' id='word_1_63' title='bbox 1361 1118 1759 1200; x_wconf 83' lang='lat' dir='ltr'><strong>convenerit,</strong></span> <span class='ocrx_word' id='word_1_64' title='bbox 1812 1140 1893 1183; x_wconf 90' lang='lat' dir='ltr'><strong>ne</strong></span> <span class='ocrx_word' id='word_1_65' title='bbox 1949 1118 2245 1184; x_wconf 88' lang='lat' dir='ltr'><strong>dominus</strong></span> 
     </span>
     <span class='ocr_line' id='line_1_10' title="bbox 229 1208 2245 1293; baseline -0.002 -16"><span class='ocrx_word' id='word_1_66' title='bbox 229 1235 269 1276; x_wconf 83' lang='lat' dir='ltr'><strong>a</strong></span> <span class='ocrx_word' id='word_1_67' title='bbox 332 1210 564 1276; x_wconf 90' lang='lat' dir='ltr'><strong>colono</strong></span> <span class='ocrx_word' id='word_1_68' title='bbox 629 1208 781 1293; x_wconf 90' lang='lat' dir='ltr'><strong>quid</strong></span> <span class='ocrx_word' id='word_1_69' title='bbox 844 1212 1118 1292; x_wconf 89' lang='lat' dir='ltr'><strong>peteret,</strong></span> <span class='ocrx_word' id='word_1_70' title='bbox 1183 1213 1249 1272; x_wconf 88' lang='lat' dir='ltr'><strong>et</strong></span> <span class='ocrx_word' id='word_1_71' title='bbox 1313 1208 1487 1272; x_wconf 85' lang='lat' dir='ltr'><strong>iusta</strong></span> <span class='ocrx_word' id='word_1_72' title='bbox 1549 1229 1743 1272; x_wconf 80' lang='lat' dir='ltr'><strong>causa</strong></span> <span class='ocrx_word' id='word_1_73' title='bbox 1800 1208 2245 1273; x_wconf 86' lang='lat' dir='ltr'><strong>conventionis</strong></span> 
     </span>
     <span class='ocr_line' id='line_1_11' title="bbox 228 1295 2245 1381; baseline -0.002 -17"><span class='ocrx_word' id='word_1_74' title='bbox 228 1299 453 1381; x_wconf 87' lang='lat' dir='ltr'><strong>fuerit,</strong></span> <span class='ocrx_word' id='word_1_75' title='bbox 506 1297 712 1363; x_wconf 88' lang='lat' dir='ltr'><strong>nihilo</strong></span> <span class='ocrx_word' id='word_1_76' title='bbox 768 1299 979 1362; x_wconf 91' lang='lat' dir='ltr'><strong>minus</strong></span> <span class='ocrx_word' id='word_1_77' title='bbox 1035 1296 1303 1361; x_wconf 89' lang='lat' dir='ltr'><strong>colonus</strong></span> <span class='ocrx_word' id='word_1_78' title='bbox 1360 1318 1399 1360; x_wconf 84' lang='lat' dir='ltr'><strong>a</strong></span> <span class='ocrx_word' id='word_1_79' title='bbox 1446 1295 1703 1361; x_wconf 88' lang='lat' dir='ltr'><strong>domino</strong></span> <span class='ocrx_word' id='word_1_80' title='bbox 1749 1299 1966 1379; x_wconf 90' lang='lat' dir='ltr'><strong>petere</strong></span> <span class='ocrx_word' id='word_1_81' title='bbox 2011 1300 2245 1380; x_wconf 85' lang='lat' dir='ltr'><strong>potest.</strong></span> 
     </span>
    </p>

    <p class='ocr_par' dir='ltr' id='par_1_7' title="bbox 229 1383 2251 2089">
     <span class='ocr_line' id='line_1_12' title="bbox 405 1383 2246 1468; baseline -0.002 -16"><span class='ocrx_word' id='word_1_82' title='bbox 405 1387 510 1453; x_wconf 86' lang='lat'><strong>36.</strong></span> <span class='ocrx_word' id='word_1_83' title='bbox 566 1385 642 1451; x_wconf 89' lang='lat' dir='ltr'><strong>D.</strong></span> <span class='ocrx_word' id='word_1_84' title='bbox 675 1386 775 1468; x_wconf 85' lang='lat'><strong>19,</strong></span> <span class='ocrx_word' id='word_1_85' title='bbox 811 1386 867 1467; x_wconf 86' lang='lat'><strong>1,</strong></span> <span class='ocrx_word' id='word_1_86' title='bbox 896 1385 955 1466; x_wconf 91' lang='grc'><strong>6,</strong></span> <span class='ocrx_word' id='word_1_87' title='bbox 982 1384 1045 1449; x_wconf 91' lang='grc'><strong>4.</strong></span> <span class='ocrx_word' id='word_1_88' title='bbox 1134 1384 1526 1468; x_wconf 82' lang='lat' dir='ltr'>Pomponius</span> <span class='ocrx_word' id='word_1_89' title='bbox 1571 1385 1738 1449; x_wconf 88' lang='lat' dir='ltr'><strong>libro</strong></span> <span class='ocrx_word' id='word_1_90' title='bbox 1782 1406 1956 1449; x_wconf 92' lang='lat' dir='ltr'><strong>nono</strong></span> <span class='ocrx_word' id='word_1_91' title='bbox 2004 1385 2085 1449; x_wconf 87' lang='lat' dir='ltr'><strong>ad</strong></span> <span class='ocrx_word' id='word_1_92' title='bbox 2132 1383 2246 1449; x_wconf 83' lang='lat' dir='ltr'><strong>Sa-</strong></span> 
     </span>
     <span class='ocr_line' id='line_1_13' title="bbox 230 1471 2247 1561; baseline -0.001 -21"><span class='ocrx_word' id='word_1_93' title='bbox 230 1476 455 1541; x_wconf 90' lang='lat' dir='ltr'><strong>binum</strong></span> <span class='ocrx_word' id='word_1_94' title='bbox 503 1471 600 1561; x_wconf 95' lang='lat' dir='ltr'><strong>(P.</strong></span> <span class='ocrx_word' id='word_1_95' title='bbox 630 1473 806 1558; x_wconf 83' lang='lat'><strong>555).</strong></span> <span class='ocrx_word' id='word_1_96' title='bbox 858 1508 935 1519; x_wconf 90' lang='lat'>—</span> <span class='ocrx_word' id='word_1_97' title='bbox 988 1522 1001 1536; x_wconf 98' lang='lat'><strong>.</strong></span> <span class='ocrx_word' id='word_1_98' title='bbox 1030 1521 1045 1537; x_wconf 91' lang='lat'><strong>.</strong></span> <span class='ocrx_word' id='word_1_99' title='bbox 1078 1522 1092 1536; x_wconf 91' lang='lat'><strong>.</strong></span> <span class='ocrx_word' id='word_1_100' title='bbox 1138 1474 1194 1536; x_wconf 91' lang='lat' dir='ltr'><strong>si</strong></span> <span class='ocrx_word' id='word_1_101' title='bbox 1240 1494 1354 1537; x_wconf 85' lang='lat' dir='ltr'><strong>vas</strong></span> <span class='ocrx_word' id='word_1_102' title='bbox 1401 1473 1560 1536; x_wconf 90' lang='lat' dir='ltr'><strong>mihi</strong></span> <span class='ocrx_word' id='word_1_103' title='bbox 1606 1473 1963 1537; x_wconf 83' lang='lat' dir='ltr'><strong>vendideris</strong></span> <span class='ocrx_word' id='word_1_104' title='bbox 2010 1475 2122 1556; x_wconf 88' lang='lat' dir='ltr'><strong>ita,</strong></span> <span class='ocrx_word' id='word_1_105' title='bbox 2171 1477 2247 1538; x_wconf 87' lang='lat' dir='ltr'><strong>ut</strong></span> 
     </span>
     <span class='ocr_line' id='line_1_14' title="bbox 232 1560 2248 1646; baseline -0.001 -16"><span class='ocrx_word' id='word_1_106' title='bbox 232 1563 603 1630; x_wconf 84' lang='lat' dir='ltr'><strong>adfirmares</strong></span> <span class='ocrx_word' id='word_1_107' title='bbox 648 1565 1004 1646; x_wconf 85' lang='lat' dir='ltr'><strong>integrum,</strong></span> <span class='ocrx_word' id='word_1_108' title='bbox 1050 1562 1105 1625; x_wconf 89' lang='lat' dir='ltr'><strong>si</strong></span> <span class='ocrx_word' id='word_1_109' title='bbox 1149 1560 1218 1624; x_wconf 90' lang='lat' dir='ltr'><strong>id</strong></span> <span class='ocrx_word' id='word_1_110' title='bbox 1262 1561 1588 1646; x_wconf 84' lang='lat' dir='ltr'><strong>integrum</strong></span> <span class='ocrx_word' id='word_1_111' title='bbox 1632 1582 1761 1624; x_wconf 94' lang='lat' dir='ltr'><strong>non</strong></span> <span class='ocrx_word' id='word_1_112' title='bbox 1808 1561 1921 1640; x_wconf 90' lang='lat' dir='ltr'><strong>sit,</strong></span> <span class='ocrx_word' id='word_1_113' title='bbox 1967 1567 2150 1627; x_wconf 87' lang='lat' dir='ltr'><strong>etiam</strong></span> <span class='ocrx_word' id='word_1_114' title='bbox 2183 1567 2248 1626; x_wconf 87' lang='lat' dir='ltr'><strong>id</strong></span> 
     </span>
     <span class='ocr_line' id='line_1_15' title="bbox 230 1649 2249 1736; baseline -0.001 -20"><span class='ocrx_word' id='word_1_115' title='bbox 230 1658 391 1736; x_wconf 86' lang='lat' dir='ltr'><strong>quod</strong></span> <span class='ocrx_word' id='word_1_116' title='bbox 437 1675 507 1716; x_wconf 88' lang='lat' dir='ltr'><strong>eo</strong></span> <span class='ocrx_word' id='word_1_117' title='bbox 551 1656 787 1716; x_wconf 89' lang='lat' dir='ltr'><strong>nomine</strong></span> <span class='ocrx_word' id='word_1_118' title='bbox 822 1654 1200 1732; x_wconf 84' lang='lat' dir='ltr'>perdiderim,</span> <span class='ocrx_word' id='word_1_119' title='bbox 1236 1653 1573 1730; x_wconf 77' lang='lat' dir='ltr'><strong>praestabis</strong></span> <span class='ocrx_word' id='word_1_120' title='bbox 1603 1654 1776 1731; x_wconf 79' lang='lat' dir='ltr'><strong>mihi3</strong></span> <span class='ocrx_word' id='word_1_121' title='bbox 1822 1649 1877 1713; x_wconf 90' lang='lat' dir='ltr'><strong>si</strong></span> <span class='ocrx_word' id='word_1_122' title='bbox 1922 1671 2073 1714; x_wconf 83' lang='lat' dir='ltr'><strong>vero</strong></span> <span class='ocrx_word' id='word_1_123' title='bbox 2118 1672 2249 1716; x_wconf 92' lang='lat' dir='ltr'><strong>non</strong></span> 
     </span>
     <span class='ocr_line' id='line_1_16' title="bbox 229 1737 2247 1824; baseline -0.002 -18"><span class='ocrx_word' id='word_1_124' title='bbox 229 1742 297 1805; x_wconf 90' lang='lat' dir='ltr'><strong>id</strong></span> <span class='ocrx_word' id='word_1_125' title='bbox 362 1744 574 1805; x_wconf 83' lang='lat' dir='ltr'><strong>actum</strong></span> <span class='ocrx_word' id='word_1_126' title='bbox 638 1740 751 1822; x_wconf 88' lang='lat' dir='ltr'><strong>sit,</strong></span> <span class='ocrx_word' id='word_1_127' title='bbox 803 1743 878 1802; x_wconf 88' lang='lat' dir='ltr'><strong>ut</strong></span> <span class='ocrx_word' id='word_1_128' title='bbox 940 1739 1266 1824; x_wconf 84' lang='lat' dir='ltr'><strong>integrum</strong></span> <span class='ocrx_word' id='word_1_129' title='bbox 1330 1741 1650 1823; x_wconf 77' lang='lat' dir='ltr'><strong>praestes,</strong></span> <span class='ocrx_word' id='word_1_130' title='bbox 1712 1737 1932 1802; x_wconf 89' lang='lat' dir='ltr'><strong>dolum</strong></span> <span class='ocrx_word' id='word_1_131' title='bbox 2005 1739 2247 1803; x_wconf 87' lang='lat' dir='ltr'><strong>malum</strong></span> 
     </span>
     <span class='ocr_line' id='line_1_17' title="bbox 232 1825 2251 1912; baseline -0.001 -18"><span class='ocrx_word' id='word_1_132' title='bbox 232 1830 570 1894; x_wconf 85' lang='lat' dir='ltr'><strong>dumtaxat</strong></span> <span class='ocrx_word' id='word_1_133' title='bbox 614 1831 944 1912; x_wconf 85' lang='lat' dir='ltr'><strong>praestare</strong></span> <span class='ocrx_word' id='word_1_134' title='bbox 990 1830 1056 1891; x_wconf 91' lang='lat' dir='ltr'><strong>te</strong></span> <span class='ocrx_word' id='word_1_135' title='bbox 1103 1827 1353 1892; x_wconf 88' lang='lat' dir='ltr'><strong>debere.</strong></span> <span class='ocrx_word' id='word_1_136' title='bbox 1435 1825 1654 1891; x_wconf 89' lang='lat' dir='ltr'><strong>Labeo</strong></span> <span class='ocrx_word' id='word_1_137' title='bbox 1698 1830 1926 1891; x_wconf 88' lang='lat' dir='ltr'><strong>contra</strong></span> <span class='ocrx_word' id='word_1_138' title='bbox 1960 1831 2149 1910; x_wconf 85' lang='lat' dir='ltr'><strong>putat</strong></span> <span class='ocrx_word' id='word_1_139' title='bbox 2185 1832 2251 1892; x_wconf 88' lang='lat' dir='ltr'><strong>et</strong></span> 
     </span>
     <span class='ocr_line' id='line_1_18' title="bbox 231 1913 2246 1999; baseline -0.001 -16"><span class='ocrx_word' id='word_1_140' title='bbox 231 1917 393 1984; x_wconf 89' lang='lat' dir='ltr'><strong>illud</strong></span> <span class='ocrx_word' id='word_1_141' title='bbox 450 1916 659 1983; x_wconf 88' lang='lat' dir='ltr'><strong>solum</strong></span> <span class='ocrx_word' id='word_1_142' title='bbox 713 1915 1212 1999; x_wconf 86' lang='lat' dir='ltr'><strong>observandum,</strong></span> <span class='ocrx_word' id='word_1_143' title='bbox 1277 1919 1352 1980; x_wconf 90' lang='lat' dir='ltr'><strong>ut</strong></span> <span class='ocrx_word' id='word_1_144' title='bbox 1413 1914 1542 1980; x_wconf 91' lang='lat' dir='ltr'><strong>nisi</strong></span> <span class='ocrx_word' id='word_1_145' title='bbox 1605 1913 1674 1979; x_wconf 92' lang='lat' dir='ltr'><strong>in</strong></span> <span class='ocrx_word' id='word_1_146' title='bbox 1732 1915 2126 1981; x_wconf 83' lang='lat' dir='ltr'><strong>contrarium</strong></span> <span class='ocrx_word' id='word_1_147' title='bbox 2182 1916 2246 1981; x_wconf 90' lang='lat' dir='ltr'><strong>id</strong></span> 
     </span>
     <span class='ocr_line' id='line_1_19' title="bbox 233 2003 2250 2089; baseline -0.001 -17"><span class='ocrx_word' id='word_1_148' title='bbox 233 2014 447 2072; x_wconf 80' lang='lat' dir='ltr'><strong>actum</strong></span> <span class='ocrx_word' id='word_1_149' title='bbox 503 2006 613 2087; x_wconf 88' lang='lat' dir='ltr'><strong>sit,</strong></span> <span class='ocrx_word' id='word_1_150' title='bbox 682 2004 1050 2069; x_wconf 89' lang='lat' dir='ltr'><strong>omnimodo</strong></span> <span class='ocrx_word' id='word_1_151' title='bbox 1103 2004 1434 2089; x_wconf 82' lang='lat' dir='ltr'><strong>integrum</strong></span> <span class='ocrx_word' id='word_1_152' title='bbox 1488 2004 1806 2089; x_wconf 89' lang='lat' dir='ltr'><strong>praestari</strong></span> <span class='ocrx_word' id='word_1_153' title='bbox 1860 2003 2113 2088; x_wconf 85' lang='lat' dir='ltr'><strong>debeat,</strong></span> <span class='ocrx_word' id='word_1_154' title='bbox 2187 2013 2250 2070; x_wconf 86' lang='lat' dir='ltr'><strong>et</strong></span> 
     </span>
    </p>
   </div>
   <div class='ocr_carea' id='block_1_7' title="bbox 233 2091 2248 2267">
    <p class='ocr_par' dir='ltr' id='par_1_8' title="bbox 233 2091 2248 2267">
     <span class='ocr_line' id='line_1_20' title="bbox 234 2091 2248 2178; baseline -0 -18"><span class='ocrx_word' id='word_1_155' title='bbox 234 2104 329 2161; x_wconf 88' lang='lat' dir='ltr'><strong>est</strong></span> <span class='ocrx_word' id='word_1_156' title='bbox 373 2118 598 2161; x_wconf 79' lang='lat' dir='ltr'><strong>verum.</strong></span> <span class='ocrx_word' id='word_1_157' title='bbox 684 2094 852 2178; x_wconf 92' lang='lat' dir='ltr'><strong>quod</strong></span> <span class='ocrx_word' id='word_1_158' title='bbox 901 2098 967 2157; x_wconf 87' lang='lat' dir='ltr'><strong>et</strong></span> <span class='ocrx_word' id='word_1_159' title='bbox 1010 2093 1079 2156; x_wconf 91' lang='lat' dir='ltr'><strong>in</strong></span> <span class='ocrx_word' id='word_1_160' title='bbox 1123 2093 1357 2159; x_wconf 87' lang='lat' dir='ltr'><strong>locatis</strong></span> <span class='ocrx_word' id='word_1_161' title='bbox 1402 2093 1592 2158; x_wconf 90' lang='lat' dir='ltr'><strong>doliis</strong></span> <span class='ocrx_word' id='word_1_162' title='bbox 1638 2093 2093 2178; x_wconf 87' lang='lat' dir='ltr'><strong>praestandum</strong></span> <span class='ocrx_word' id='word_1_163' title='bbox 2137 2091 2248 2159; x_wconf 86' lang='lat' dir='ltr'><strong>Sa-</strong></span> 
     </span>
     <span class='ocr_line' id='line_1_21' title="bbox 233 2180 1524 2267; baseline -0.001 -20"><span class='ocrx_word' id='word_1_164' title='bbox 233 2183 461 2248; x_wconf 90' lang='lat' dir='ltr'><strong>binum</strong></span> <span class='ocrx_word' id='word_1_165' title='bbox 508 2181 917 2267; x_wconf 88' lang='lat' dir='ltr'><strong>respondisse</strong></span> <span class='ocrx_word' id='word_1_166' title='bbox 965 2180 1264 2247; x_wconf 82' lang='lat' dir='ltr'><strong>Minicius</strong></span> <span class='ocrx_word' id='word_1_167' title='bbox 1311 2182 1524 2246; x_wconf 80' lang='lat' dir='ltr'><strong>refert.</strong></span> 
     </span>
    </p>
   </div>
   <div class='ocr_carea' id='block_1_8' title="bbox 902 2356 1580 2423">
    <p class='ocr_par' dir='ltr' id='par_1_9' title="bbox 902 2356 1580 2423">
     <span class='ocr_line' id='line_1_22' title="bbox 902 2356 1580 2423; baseline 0 -2"><span class='ocrx_word' id='word_1_168' title='bbox 902 2356 1002 2422; x_wconf 85' lang='lat' dir='ltr'><strong>De</strong></span> <span class='ocrx_word' id='word_1_169' title='bbox 1045 2359 1114 2422; x_wconf 81' lang='lat' dir='ltr'><strong>in</strong></span> <span class='ocrx_word' id='word_1_170' title='bbox 1158 2378 1287 2422; x_wconf 83' lang='lat' dir='ltr'><strong>rem</strong></span> <span class='ocrx_word' id='word_1_171' title='bbox 1331 2360 1580 2423; x_wconf 79' lang='lat' dir='ltr'><strong>actione.</strong></span> 
     </span>
    </p>
   </div>
   <div class='ocr_carea' id='block_1_9' title="bbox 231 2462 2249 3611">
    <p class='ocr_par' dir='ltr' id='par_1_10' title="bbox 231 2462 2249 3169">
     <span class='ocr_line' id='line_1_23' title="bbox 411 2462 2248 2545; baseline -0.001 -14"><span class='ocrx_word' id='word_1_172' title='bbox 411 2464 540 2531; x_wconf 78' lang='lat'><strong>37?</strong></span> <span class='ocrx_word' id='word_1_173' title='bbox 597 2464 673 2529; x_wconf 91' lang='lat' dir='ltr'><strong>D.</strong></span> <span class='ocrx_word' id='word_1_174' title='bbox 705 2464 764 2545; x_wconf 92' lang='grc'><strong>6,</strong></span> <span class='ocrx_word' id='word_1_175' title='bbox 797 2466 852 2543; x_wconf 90' lang='grc'><strong>1,</strong></span> <span class='ocrx_word' id='word_1_176' title='bbox 880 2463 982 2527; x_wconf 82' lang='lat'><strong>59.</strong></span> <span class='ocrx_word' id='word_1_177' title='bbox 1072 2462 1364 2527; x_wconf 85' lang='lat' dir='ltr'><strong>Iulianus</strong></span> <span class='ocrx_word' id='word_1_178' title='bbox 1420 2463 1586 2529; x_wconf 92' lang='lat' dir='ltr'><strong>libro</strong></span> <span class='ocrx_word' id='word_1_179' title='bbox 1633 2469 1814 2530; x_wconf 87' lang='lat' dir='ltr'><strong>sexto</strong></span> <span class='ocrx_word' id='word_1_180' title='bbox 1862 2488 1940 2529; x_wconf 85' lang='lat' dir='ltr'><strong>ex</strong></span> <span class='ocrx_word' id='word_1_181' title='bbox 1984 2464 2248 2531; x_wconf 91' lang='lat' dir='ltr'><strong>Minicio</strong></span> 
     </span>
     <span class='ocr_line' id='line_1_24' title="bbox 235 2550 2247 2643; baseline -0.001 -23"><span class='ocrx_word' id='word_1_182' title='bbox 235 2554 333 2643; x_wconf 91' lang='lat' dir='ltr'><strong>(P.</strong></span> <span class='ocrx_word' id='word_1_183' title='bbox 361 2553 541 2639; x_wconf 84' lang='lat'><strong>877).</strong></span> <span class='ocrx_word' id='word_1_184' title='bbox 589 2588 672 2599; x_wconf 91' lang='lat'><strong>-—</strong></span> <span class='ocrx_word' id='word_1_185' title='bbox 711 2550 1067 2615; x_wconf 84' lang='lat' dir='ltr'><strong>Habitator</strong></span> <span class='ocrx_word' id='word_1_186' title='bbox 1112 2551 1179 2614; x_wconf 91' lang='lat' dir='ltr'><strong>in</strong></span> <span class='ocrx_word' id='word_1_187' title='bbox 1226 2552 1438 2615; x_wconf 87' lang='lat' dir='ltr'><strong>aliena</strong></span> <span class='ocrx_word' id='word_1_188' title='bbox 1483 2551 1774 2617; x_wconf 84' lang='lat' dir='ltr'><strong>aedificia</strong></span> <span class='ocrx_word' id='word_1_189' title='bbox 1818 2553 2135 2618; x_wconf 88' lang='lat' dir='ltr'><strong>fenestras</strong></span> <span class='ocrx_word' id='word_1_190' title='bbox 2181 2560 2247 2619; x_wconf 86' lang='lat' dir='ltr'><strong>et</strong></span> 
     </span>
     <span class='ocr_line' id='line_1_25' title="bbox 235 2638 2248 2725; baseline -0.001 -17"><span class='ocrx_word' id='word_1_191' title='bbox 235 2644 406 2709; x_wconf 84' lang='lat' dir='ltr'><strong>ostia</strong></span> <span class='ocrx_word' id='word_1_192' title='bbox 433 2640 757 2725; x_wconf 79' lang='lat' dir='ltr'><strong>imposuit,</strong></span> <span class='ocrx_word' id='word_1_193' title='bbox 796 2638 1016 2703; x_wconf 89' lang='lat' dir='ltr'><strong>eadem</strong></span> <span class='ocrx_word' id='word_1_194' title='bbox 1042 2642 1189 2723; x_wconf 84' lang='lat' dir='ltr'><strong>post</strong></span> <span class='ocrx_word' id='word_1_195' title='bbox 1220 2660 1463 2702; x_wconf 86' lang='lat' dir='ltr'><strong>annum</strong></span> <span class='ocrx_word' id='word_1_196' title='bbox 1492 2639 1789 2704; x_wconf 89' lang='lat' dir='ltr'><strong>dominus</strong></span> <span class='ocrx_word' id='word_1_197' title='bbox 1818 2639 2248 2706; x_wconf 84' lang='lat' dir='ltr'><strong>aedificiorum</strong></span> 
     </span>
     <span class='ocr_line' id='line_1_26' title="bbox 235 2727 2246 2814; baseline -0.001 -17"><span class='ocrx_word' id='word_1_198' title='bbox 235 2732 531 2814; x_wconf 88' lang='lat' dir='ltr'><strong>dempsit.</strong></span> <span class='ocrx_word' id='word_1_199' title='bbox 578 2749 832 2814; x_wconf 85' lang='lat' dir='ltr'><strong>quaero,</strong></span> <span class='ocrx_word' id='word_1_200' title='bbox 851 2728 906 2791; x_wconf 92' lang='lat' dir='ltr'><strong>is</strong></span> <span class='ocrx_word' id='word_1_201' title='bbox 937 2727 1048 2812; x_wconf 88' lang='lat' dir='ltr'><strong>qui</strong></span> <span class='ocrx_word' id='word_1_202' title='bbox 1072 2727 1470 2811; x_wconf 87' lang='lat' dir='ltr'><strong>imposuerat</strong></span> <span class='ocrx_word' id='word_1_203' title='bbox 1486 2731 1791 2811; x_wconf 89' lang='lat' dir='ltr'><strong>possetne</strong></span> <span class='ocrx_word' id='word_1_204' title='bbox 1811 2751 1886 2794; x_wconf 84' lang='lat' dir='ltr'><strong>ea</strong></span> <span class='ocrx_word' id='word_1_205' title='bbox 1908 2729 2246 2795; x_wconf 87' lang='lat' dir='ltr'><strong>vindicare.</strong></span> 
     </span>
     <span class='ocr_line' id='line_1_27' title="bbox 231 2815 2249 2902; baseline 0 -18"><span class='ocrx_word' id='word_1_206' title='bbox 231 2816 572 2901; x_wconf 89' lang='lat' dir='ltr'><strong>respondit</strong></span> <span class='ocrx_word' id='word_1_207' title='bbox 631 2838 851 2902; x_wconf 83' lang='lat' dir='ltr'><strong>posse3</strong></span> <span class='ocrx_word' id='word_1_208' title='bbox 912 2838 1065 2881; x_wconf 86' lang='lat' dir='ltr'><strong>nam</strong></span> <span class='ocrx_word' id='word_1_209' title='bbox 1129 2836 1292 2899; x_wconf 87' lang='lat' dir='ltr'><strong>quae</strong></span> <span class='ocrx_word' id='word_1_210' title='bbox 1355 2815 1582 2880; x_wconf 84' lang='lat' dir='ltr'><strong>alienis</strong></span> <span class='ocrx_word' id='word_1_211' title='bbox 1647 2817 1954 2882; x_wconf 84' lang='lat' dir='ltr'><strong>aedificiis</strong></span> <span class='ocrx_word' id='word_1_212' title='bbox 2009 2838 2249 2884; x_wconf 84' lang='lat' dir='ltr'><strong>conexa</strong></span> 
     </span>
     <span class='ocr_line' id='line_1_28' title="bbox 233 2904 2249 2991; baseline 0 -18"><span class='ocrx_word' id='word_1_213' title='bbox 233 2909 481 2991; x_wconf 89' lang='lat' dir='ltr'><strong>essent,</strong></span> <span class='ocrx_word' id='word_1_214' title='bbox 533 2928 608 2971; x_wconf 81' lang='lat' dir='ltr'><strong>ea</strong></span> <span class='ocrx_word' id='word_1_215' title='bbox 658 2904 960 2990; x_wconf 84' lang='lat' dir='ltr'><strong>quamdiu</strong></span> <span class='ocrx_word' id='word_1_216' title='bbox 1005 2904 1225 2970; x_wconf 84' lang='lat' dir='ltr'><strong>iuncta</strong></span> <span class='ocrx_word' id='word_1_217' title='bbox 1269 2908 1635 2990; x_wconf 86' lang='lat' dir='ltr'><strong>manerent,</strong></span> <span class='ocrx_word' id='word_1_218' title='bbox 1689 2906 2031 2971; x_wconf 88' lang='lat' dir='ltr'><strong>eorundem</strong></span> <span class='ocrx_word' id='word_1_219' title='bbox 2077 2909 2249 2973; x_wconf 87' lang='lat' dir='ltr'><strong>aedi-</strong></span> 
     </span>
     <span class='ocr_line' id='line_1_29' title="bbox 231 2992 2247 3080; baseline 0 -19"><span class='ocrx_word' id='word_1_220' title='bbox 231 2997 523 3061; x_wconf 88' lang='lat' dir='ltr'><strong>ficiorum</strong></span> <span class='ocrx_word' id='word_1_221' title='bbox 560 3016 719 3080; x_wconf 89' lang='lat' dir='ltr'><strong>esse,</strong></span> <span class='ocrx_word' id='word_1_222' title='bbox 757 2994 947 3059; x_wconf 90' lang='lat' dir='ltr'><strong>simul</strong></span> <span class='ocrx_word' id='word_1_223' title='bbox 985 2997 1174 3079; x_wconf 87' lang='lat' dir='ltr'><strong>atque</strong></span> <span class='ocrx_word' id='word_1_224' title='bbox 1210 2993 1356 3058; x_wconf 90' lang='lat' dir='ltr'><strong>inde</strong></span> <span class='ocrx_word' id='word_1_225' title='bbox 1387 2992 1645 3079; x_wconf 84' lang='lat' dir='ltr'><strong>dempta</strong></span> <span class='ocrx_word' id='word_1_226' title='bbox 1673 2998 1906 3080; x_wconf 89' lang='lat' dir='ltr'><strong>essent,</strong></span> <span class='ocrx_word' id='word_1_227' title='bbox 1943 2996 2247 3063; x_wconf 85' lang='lat' dir='ltr'><strong>continuo</strong></span> 
     </span>
     <span class='ocr_line' id='line_1_30' title="bbox 233 3083 1298 3169; baseline -0.002 -20"><span class='ocrx_word' id='word_1_228' title='bbox 233 3087 306 3150; x_wconf 92' lang='lat' dir='ltr'><strong>in</strong></span> <span class='ocrx_word' id='word_1_229' title='bbox 351 3084 691 3169; x_wconf 86' lang='lat' dir='ltr'><strong>pristinam</strong></span> <span class='ocrx_word' id='word_1_230' title='bbox 741 3104 1003 3149; x_wconf 86' lang='lat' dir='ltr'><strong>causam</strong></span> <span class='ocrx_word' id='word_1_231' title='bbox 1050 3083 1298 3147; x_wconf 83' lang='lat' dir='ltr'><strong>reverti.</strong></span> 
     </span>
    </p>

    <p class='ocr_par' dir='ltr' id='par_1_11' title="bbox 236 3170 2249 3611">
     <span class='ocr_line' id='line_1_31' title="bbox 416 3170 2247 3257; baseline 0.001 -19"><span class='ocrx_word' id='word_1_232' title='bbox 416 3175 518 3239; x_wconf 89' lang='lat'><strong>38.</strong></span> <span class='ocrx_word' id='word_1_233' title='bbox 575 3172 651 3238; x_wconf 90' lang='lat' dir='ltr'><strong>D.</strong></span> <span class='ocrx_word' id='word_1_234' title='bbox 682 3173 742 3257; x_wconf 88' lang='lat'><strong>6,</strong></span> <span class='ocrx_word' id='word_1_235' title='bbox 773 3175 830 3255; x_wconf 89' lang='lat'><strong>1,</strong></span> <span class='ocrx_word' id='word_1_236' title='bbox 858 3173 960 3238; x_wconf 90' lang='lat'><strong>61.</strong></span> <span class='ocrx_word' id='word_1_237' title='bbox 1049 3170 1340 3237; x_wconf 85' lang='lat' dir='ltr'><strong>Iulianus</strong></span> <span class='ocrx_word' id='word_1_238' title='bbox 1395 3173 1563 3239; x_wconf 91' lang='lat' dir='ltr'><strong>libro</strong></span> <span class='ocrx_word' id='word_1_239' title='bbox 1619 3176 1801 3237; x_wconf 87' lang='lat' dir='ltr'><strong>sexto</strong></span> <span class='ocrx_word' id='word_1_240' title='bbox 1858 3195 1935 3238; x_wconf 86' lang='lat' dir='ltr'><strong>ex</strong></span> <span class='ocrx_word' id='word_1_241' title='bbox 1984 3173 2247 3240; x_wconf 91' lang='lat' dir='ltr'><strong>Minicio</strong></span> 
     </span>
     <span class='ocr_line' id='line_1_32' title="bbox 236 3259 2249 3349; baseline 0 -22"><span class='ocrx_word' id='word_1_242' title='bbox 236 3262 337 3349; x_wconf 86' lang='lat' dir='ltr'><strong>(P.</strong></span> <span class='ocrx_word' id='word_1_243' title='bbox 384 3259 558 3349; x_wconf 88' lang='grc'><strong>878).</strong></span> <span class='ocrx_word' id='word_1_244' title='bbox 624 3298 707 3309; x_wconf 91' lang='grc'>-</span> <span class='ocrx_word' id='word_1_245' title='bbox 773 3260 1075 3325; x_wconf 85' lang='lat' dir='ltr'><strong>Minicius</strong></span> <span class='ocrx_word' id='word_1_246' title='bbox 1147 3261 1610 3346; x_wconf 86' lang='lat' dir='ltr'><strong>interrogatus,</strong></span> <span class='ocrx_word' id='word_1_247' title='bbox 1685 3262 1741 3327; x_wconf 90' lang='lat' dir='ltr'><strong>si</strong></span> <span class='ocrx_word' id='word_1_248' title='bbox 1814 3264 1956 3347; x_wconf 89' lang='lat' dir='ltr'><strong>quis</strong></span> <span class='ocrx_word' id='word_1_249' title='bbox 2019 3285 2249 3329; x_wconf 81' lang='lat' dir='ltr'><strong>navem</strong></span> 
     </span>
     <span class='ocr_line' id='line_1_33' title="bbox 236 3348 2248 3431; baseline 0 -15"><span class='ocrx_word' id='word_1_250' title='bbox 236 3373 423 3416; x_wconf 89' lang='lat' dir='ltr'><strong>suam</strong></span> <span class='ocrx_word' id='word_1_251' title='bbox 496 3351 708 3416; x_wconf 84' lang='lat' dir='ltr'><strong>aliena</strong></span> <span class='ocrx_word' id='word_1_252' title='bbox 779 3349 1051 3414; x_wconf 87' lang='lat' dir='ltr'><strong>materia</strong></span> <span class='ocrx_word' id='word_1_253' title='bbox 1120 3348 1474 3431; x_wconf 79' lang='lat' dir='ltr'><strong>refecisset,</strong></span> <span class='ocrx_word' id='word_1_254' title='bbox 1545 3372 1701 3415; x_wconf 90' lang='lat' dir='ltr'><strong>num</strong></span> <span class='ocrx_word' id='word_1_255' title='bbox 1770 3350 1971 3416; x_wconf 88' lang='lat' dir='ltr'><strong>nihilo</strong></span> <span class='ocrx_word' id='word_1_256' title='bbox 2038 3353 2248 3417; x_wconf 90' lang='lat' dir='ltr'><strong>minus</strong></span> 
     </span>
     <span class='ocr_line' id='line_1_34' title="bbox 236 3438 2244 3524; baseline 0 -21"><span class='ocrx_word' id='word_1_257' title='bbox 236 3439 521 3503; x_wconf 88' lang='lat' dir='ltr'><strong>eiusdem</strong></span> <span class='ocrx_word' id='word_1_258' title='bbox 564 3441 747 3505; x_wconf 83' lang='lat' dir='ltr'><strong>navis</strong></span> <span class='ocrx_word' id='word_1_259' title='bbox 793 3441 1095 3504; x_wconf 88' lang='lat' dir='ltr'><strong>maneret.</strong></span> <span class='ocrx_word' id='word_1_260' title='bbox 1180 3438 1516 3524; x_wconf 88' lang='lat' dir='ltr'><strong>respondit</strong></span> <span class='ocrx_word' id='word_1_261' title='bbox 1561 3460 1832 3504; x_wconf 85' lang='lat' dir='ltr'><strong>manere.</strong></span> <span class='ocrx_word' id='word_1_262' title='bbox 1917 3439 2026 3504; x_wconf 90' lang='lat' dir='ltr'><strong>sed</strong></span> <span class='ocrx_word' id='word_1_263' title='bbox 2074 3442 2129 3504; x_wconf 89' lang='lat' dir='ltr'><strong>si</strong></span> <span class='ocrx_word' id='word_1_264' title='bbox 2177 3442 2244 3504; x_wconf 90' lang='lat' dir='ltr'><strong>in</strong></span> 
     </span>
     <span class='ocr_line' id='line_1_35' title="bbox 240 3525 1727 3611; baseline 0.001 -20"><span class='ocrx_word' id='word_1_265' title='bbox 240 3527 634 3593; x_wconf 84' lang='lat' dir='ltr'><strong>aedificanda</strong></span> <span class='ocrx_word' id='word_1_266' title='bbox 679 3549 755 3593; x_wconf 84' lang='lat' dir='ltr'><strong>ea</strong></span> <span class='ocrx_word' id='word_1_267' title='bbox 798 3526 969 3590; x_wconf 89' lang='lat' dir='ltr'><strong>idem</strong></span> <span class='ocrx_word' id='word_1_268' title='bbox 1014 3525 1304 3611; x_wconf 87' lang='lat' dir='ltr'><strong>fecisset,</strong></span> <span class='ocrx_word' id='word_1_269' title='bbox 1348 3550 1478 3592; x_wconf 91' lang='lat' dir='ltr'><strong>non</strong></span> <span class='ocrx_word' id='word_1_270' title='bbox 1522 3548 1727 3610; x_wconf 90' lang='lat' dir='ltr'><strong>posse.</strong></span> 
     </span>
    </p>
   </div>
  </div>
 </body>
</html>
