2575 3900
306 172 437 236 298
512 173 577 228 v.
615 172 913 227 NERVAE
949 173 1044 227 ET
1078 147 1378 226 TRAIANI
1415 172 1628 228 TEMP.
1664 173 1853 228 mats
1892 173 2253 229 consum

1155 392 1373 452 Liber
1419 392 1465 451 Ι.

1116 510 1217 576 De
1262 511 1492 595 leyatis.

965 623 1058 682 De
1100 625 1410 697 usufructu
1453 624 1652 697 leqato.

484 727 540 790 1.
595 722 744 788 Vat.
780 723 857 787 fr.
895 725 936 804 ξ
968 723 1051 788 75
1098 721 1277 810 (Ulp.
1323 724 1364 788 l.
1397 722 1591 789 XVII
1638 724 1717 789 ad
1767 723 1962 811 San).
1999 761 2084 772 —
2133 725 2316 791 Idem

303 811 419 966 ξε.
464 809 779 899 Iulianus)
835 812 945 896 ait,
1000 815 1065 877 et
1118 813 1176 877 si
1235 813 1559 876 communi
1614 833 1801 878 servo
1849 817 1915 877 et
1961 817 2315 900 separatim

360 901 479 967 itio
535 923 687 966 usus
744 902 990 966 fructus
1034 900 1291 985 legatus
1339 901 1452 984 sit,
1506 901 1814 965 amissam
1860 908 2112 986 partem
2159 925 2314 968 usus

300 991 549 1056 fructus
595 1011 727 1055 non
762 989 843 1053 ad
883 988 1147 1071 Titium,
1192 989 1304 1054 sed
1341 989 1422 1052 ad
1460 990 1668 1054 solum
1707 990 1951 1054 socium
1987 993 2314 1075 pertinere

302 1080 531 1144 debere
602 1079 789 1162 quasi
852 1078 1061 1142 solum
1126 1077 1558 1144 coniunctum.
1665 1099 1857 1162 quam
1922 1082 2313 1146 sententiam

299 1189 503 1253 neque
548 1166 891 1232 Marcellus
946 1187 1149 1249 neque
1196 1165 1634 1230 Mauricianus
1685 1167 1992 1252 probant3
2048 1168 2314 1253 Papini-

299 1278 460 1321 anus
519 1277 774 1341 quoque
819 1255 987 1318 libro
1033 1253 1223 1319 XVII
1271 1254 1736 1330 Quaestionum
1792 1255 1874 1320 ab
1930 1278 2007 1320 ea
2050 1257 2311 1323 recedit.

298 1367 461 1429 quae
510 1343 830 1409 sententia
865 1342 1095 1408 Nerati
1140 1342 1354 1426 fuerit,
1402 1346 1502 1407 est
1548 1343 1717 1409 libro
1757 1342 1789 1407 Ι
1825 1343 2311 1428 Responsorum

299 1432 591 1498 relatum.

474 1525 624 1586 Cum
676 1525 1039 1604 Papinianus
1091 1526 1537 1600 Responsorum
1590 1525 1743 1584 libro
1803 1525 1996 1602 primo
2043 1519 2139 1607 (P.
2181 1530 2306 1589 387

296 1607 548 1696 -407)
599 1633 717 1674 non
762 1615 833 1674 de
879 1615 1123 1693 legatis,
1180 1613 1284 1674 sed
1329 1613 1462 1672 aliis
1509 1613 1584 1672 de
1628 1615 1805 1673 rebus
1853 1617 2020 1693 agat,
2074 1617 2312 1676 Neratii

295 1704 448 1764 liber
494 1703 860 1780 designatur.

470 1807 530 1870 2.
576 1805 724 1870 Vat.
763 1804 839 1869 fr.
872 1804 955 1867 79
998 1802 1173 1888 (Ulp.
1212 1803 1255 1866 l.
1291 1801 1482 1868 XVII
1529 1802 1610 1866 ad
1657 1800 1807 1867 Sab.
1852 1801 1922 1868 P.
1951 1801 2174 1892 2564).
2220 1841 2308 1853 —

293 1892 603 1960 Neratius
640 1896 830 1978 putat
875 1912 1123 1958 cessare
1170 1891 1271 1956 ius
1311 1890 1715 1956 adcrescendi
1750 1892 1918 1957 libro
1954 1890 1988 1957 I
2025 1891 2309 1978 Respon-

293 2005 818 2151 sormgequuntur
851 2074 1022 2133 haec:
1060 2067 1253 2131 ‘cuius
1291 2073 1621 2132 sententiae
1659 2073 1935 2149 congruit
1961 2074 2117 2133 ratio
2147 2073 2308 2135 Celsi

292 2163 547 2223 dicentis
592 2163 813 2221 totiens
859 2160 954 2219 ius
1000 2161 1379 2219 adcrescendi
1425 2178 1579 2234 esse,
1631 2161 1906 2237 quotiens
1949 2161 2010 2220 in
2057 2161 2306 2239 duobuS,

295 2251 399 2329 qui
445 2250 700 2309 solidum
745 2249 1113 2323 habuerunt,
1157 2267 1447 2308 concursu
1493 2249 1720 2309 divisus
1766 2242 1897 2308 est'.

470 2338 540 2397 cf.
586 2337 659 2396 D.
692 2341 746 2415 7,
776 2339 835 2413 2,
864 2339 900 2397 3
923 2356 1009 2411 pr.
1753 2342 1757 2345 ’

468 2439 527 2503 3.
573 2437 651 2503 D.
683 2439 740 2519 7,
772 2437 829 2519 1,
857 2437 941 2502 33
958 2430 1052 2520 pr.
1125 2437 1514 2521 Papinianus
1552 2437 1720 2502 libro
1750 2436 2027 2520 septimo
2056 2437 2303 2504 decimo

292 2526 751 2601 Quaestionum
815 2523 912 2611 (P.
956 2524 1136 2609 254).
1191 2562 1275 2573 —
1343 2523 1409 2588 Si
1474 2524 1645 2589 Titio
1709 2523 1988 2609 fructuS,
2050 2524 2305 2593 Maevio

288 2615 651 2698 proprietas
707 2615 925 2699 legata
972 2613 1059 2678 sit
1105 2618 1169 2679 et
1212 2614 1362 2677 vivo
1408 2616 1720 2677 testatore
1766 2612 1974 2677 Titius
2023 2613 2303 2699 decedat,

289 2704 452 2768 nihil
500 2704 665 2789 apud
716 2703 1022 2786 scriptum
1069 2701 1369 2765 heredem
1415 2701 1828 2783 relinquetur.
1893 2706 1961 2765 et
1995 2702 2061 2765 id
2097 2700 2301 2769 Nera·

288 2792 417 2856 tius
465 2812 715 2875 quoque
761 2790 1112 2872 respondit.

463 2884 721 2943 Videtur
764 2884 1167 2959 fragmentum
1213 2883 1352 2941 huic
1398 2881 1551 2941 libro
1601 2882 2065 2942 attribuendum.

974 3052 1073 3117 De
1114 3054 1613 3135 fideicommissis,

460 3161 522 3224 4.
580 3159 655 3223 D.
685 3160 789 3241 35,
821 3159 879 3242 1,
906 3160 1011 3241 43,
1041 3160 1100 3224 3.
1190 3158 1428 3224 Paulus
1484 3160 1652 3225 libro
1709 3164 1935 3225 octavo
1983 3161 2062 3225 ad
2108 3165 2297 3231 Plau-

285 3250 446 3313 tium
489 3247 587 3335 (P.
623 3245 841 3333 1156).
878 3284 948 3293 —
994 3246 1298 3313 Neratius
1343 3248 1510 3312 libro
1557 3248 1766 3331 primo
1813 3248 2296 3334 Responsorum

287 3337 539 3420 scribit,
594 3358 671 3401 ex
726 3336 972 3401 duobus
1022 3337 1277 3420 scriptis
1324 3336 1665 3401 heredibus
1713 3338 1768 3401 si
1814 3359 1979 3403 unus
2025 3347 2295 3428 rogatus

288 3426 375 3491 sit
410 3425 531 3491 tibi
559 3425 982 3491 hereditatem
1011 3428 1370 3509 restituere,
1397 3428 1469 3489 tu
1499 3425 1670 3491 Titio
1703 3429 1943 3491 certam
1973 3450 2293 3496 summam

294 3514 463 3598 ἥτε,
512 3518 576 3579 et
622 3515 928 3580 beneficio
974 3515 1138 3600 legis
1186 3512 1507 3577 Falcidiae
1553 3514 1621 3578 in
1666 3514 2060 3583 restituendo
2107 3519 2294 3587 heres
