2575 3900
699 183 1172 240 CORRIGENDA
1208 185 1304 240 ET
1340 186 1712 242 ADDENDA.
2096 188 2224 252 603

349 363 403 414 p.
435 350 563 399 358:
602 347 732 415 post
775 346 841 398 fr.
881 353 948 399 22
993 346 1353 400 inserendum
1399 350 1486 400 est
1531 347 1595 401 D.
1626 352 1721 414 45,
1751 353 1809 415 3,
1840 353 1898 416 6,
1956 346 2235 418 fragmen-

197 418 332 470 tum
369 421 436 470 57
475 435 528 486 p.
561 422 665 470 480
704 418 1020 472 delendum.

345 506 400 556 p.
431 493 560 542 375:
601 491 794 542 contra
824 505 890 542 ea
918 505 1063 556 quae
1089 489 1359 557 proposui
1386 508 1433 543 v.
1466 489 1741 544 Giovanni
1767 489 2030 544 Buviera:
2070 489 2233 543 Arch.

197 558 412 628 giurid.
451 559 650 614 Nuova
687 559 830 613 serie
866 560 970 614 vol.
1009 559 1085 613 IV
1125 562 1306 629 (1899)
1345 578 1399 629 p.
1433 565 1551 614 154.

347 649 401 699 p.
431 635 535 683 493
572 631 634 684 in
677 631 744 685 fr.
785 637 879 684 84·
921 648 1023 700 pro
1067 629 1156 684 his
1205 631 1383 700 signis
1422 633 1441 702 (
1581 635 1601 702 )
1648 631 1788 686 haee
1826 632 1865 705 <
2014 631 2054 705 >
2094 632 2227 686 seri·

195 701 394 754 benda.
431 703 575 756 sunt.

348 791 402 841 p.
434 778 536 826 552
573 773 672 826 lin.
704 778 735 826 6
773 773 1099 843 legendum:
1139 773 1209 828 de
1248 775 1469 830 eadem.

349 862 402 913 p.
435 849 538 897 580
575 844 672 897 lin.
705 849 736 897 6
773 845 947 898 infra:
987 845 1311 900 Trebatium

417 947 482 954 —
581 915 618 968 1.
655 921 710 969 7:
751 915 1096 983 existimans,

349 1005 404 1054 p.
435 991 535 1039 581
579 987 652 1039 ad
687 987 754 1040 fr.
788 992 814 1039 1
858 986 926 1040 cf.
965 987 1016 1040 H
1053 993 1084 1040 2
1123 1007 1178 1057 p.
1210 993 1295 1041 39.

1151 1129 1291 1183 Π2.

349 1234 404 1284 p.
437 1221 468 1268 9
503 1217 602 1270 lin.
635 1223 666 1270 3
706 1218 1085 1272 scribendum:
1123 1218 1176 1271 Π
1205 1219 1236 1272 1
1275 1237 1331 1286 p.
1363 1223 1482 1272 305.

205 1359 244 1410 d
277 1358 299 1411 1
348 1306 412 1411 p(i
435 1293 504 1341 26
540 1291 671 1358 post
707 1289 772 1341 fr.
807 1294 871 1342 16
900 1289 1259 1343 inserendum
1293 1288 1357 1342 D.
1390 1295 1475 1357 45,
1506 1295 1555 1357 3,
1587 1295 1618 1342 6
1656 1291 1827 1357 atque
1855 1305 1908 1357 p.
1940 1293 2003 1340 61
2036 1286 2099 1342 fr.
2135 1292 2237 1340 100

245 1374 276 1412 e
301 1374 371 1412 en
412 1377 523 1413 um.

349 1449 403 1499 p.
435 1437 500 1484 27
541 1430 602 1483 in
636 1430 703 1484 fr.
737 1436 768 1483 2
805 1431 1129 1500 legendum:
1169 1431 1343 1484 Front
1388 1431 1668 1502 on>ianiS.

350 1519 405 1570 p.
437 1507 501 1555 31
545 1500 927 1556 scribendum:
966 1517 1024 1556 v.
1064 1501 1226 1554 Turis
1265 1501 1445 1555 civile
1482 1501 1631 1554 libri.

351 1591 406 1640 p.
437 1577 503 1625 39
543 1572 640 1626 lin.
675 1572 778 1626 ult.
819 1572 1198 1626 scribendum:
1237 1572 1288 1625 H
1319 1572 1350 1626 1
1391 1591 1444 1642 p.
1478 1575 1595 1626 581.

352 1660 406 1712 p.
438 1649 507 1696 64
543 1643 640 1696 lin.
673 1649 703 1696 3
741 1642 891 1696 infra
929 1643 1236 1713 contingen
