2575 3900
336 111 470 176 488
543 111 610 167 V.
647 110 943 166 NERVAE
981 109 1075 164 ET
1110 109 1417 164 TRAIANI
1452 107 1664 163 ΤΕΜΡ.
1702 108 1894 164 IURIS
1929 107 2330 164 CONSULTI

344 273 684 339 conductio
739 273 872 336 sive
929 271 1258 356 quaelibet
1310 271 1440 336 alia
1494 293 1688 337 causa
1740 272 2170 337 contrahendi
2233 272 2405 354 fuit,

342 362 470 428 nisi
523 361 776 426 animus
831 363 1162 445 utriusque
1219 361 1565 445 consentit,
1617 361 1880 444 perduci
1928 360 2011 426 ad
2058 363 2401 426 effectum

338 450 405 515 id
452 449 624 534 quod
669 449 1008 515 inchoatur
1051 470 1181 514 non
1228 453 1465 532 potest.

517 569 766 630 Pernice
805 570 863 629 Z.
904 570 962 629 d.
999 568 1251 630 Sam-St.
1289 569 1377 627 IX
1420 589 1476 645 p.
1514 571 1639 630 204
1684 589 1740 630 n.
1776 573 1840 629 1:
1889 565 2215 630 ‘Niemand
2270 573 2395 631 hat

344 659 440 718 die
477 658 542 720 in
571 659 744 736 jeder
770 659 1118 734 Beziehung
1153 658 1481 736 anstossige
1508 658 1906 737 Ausfflhrung
1934 661 2239 719 erlssutert
2273 705 2291 719 .
2325 707 2341 720 .
2372 706 2390 720 .

337 749 434 808 ich
489 750 650 808 muss
686 792 703 808 .
732 794 744 807 .
775 796 789 810 .
827 748 924 806 die
981 747 1166 806 Stelle
1223 748 1325 805 fiir
1375 746 1720 823 interpolirt
1774 747 2073 824 erklssren,
2136 749 2203 807 in
2269 749 2392 809 der

336 837 475 914 Art,
520 837 652 897 dass
701 837 806 896 der
849 835 1313 912 urspriingliche
1358 835 1508 895 Text
1544 837 1828 896 Javolens
1871 837 2040 897 nicht
2078 837 2266 896 mehr
2305 859 2385 896 zu

337 926 647 985 entziffern
682 927 776 984 ist.
851 925 966 984 Die
1003 924 1669 1003 Auseinandersetzung
1703 925 1841 984 fflllt
1876 944 1984 986 aus
2020 925 2159 984 dem
2198 926 2381 985 'Pone

341 1015 537 1074 seiner
580 1013 782 1072 Briefe
829 1032 980 1088 ganz
1024 1014 1268 1072 heraus:
1317 1013 1404 1073 sie
1449 1014 1597 1073 lassi
1642 1013 1767 1072 sich
1810 1013 1997 1092 nicht,
2043 1015 2160 1073 wie
2205 1019 2382 1075 etwa

335 1104 410 1162 fr.
441 1104 524 1162 18
573 1120 782 1161 comm.
829 1103 946 1163 div.
999 1105 1097 1178 10,
1129 1104 1195 1177 3,
1249 1102 1322 1162 fr.
1353 1104 1438 1162 20
1484 1102 1558 1160 de
1601 1121 1804 1178 usurp.
1840 1105 1945 1175 41,
1975 1105 2012 1162 3
2060 1123 2120 1162 u.
2170 1122 2225 1163 a.
2278 1105 2379 1162 als

335 1191 748 1267 Begrflndung
793 1191 956 1250 eines
1003 1189 1371 1250 Gutachtens
1418 1191 1667 1252 denken.
1748 1191 1858 1250 Die
1896 1191 2377 1270 Anfangsworte

339 1279 473 1339 sind
533 1298 599 1338 so
655 1279 1047 1355 unglaublich
1100 1279 1519 1358 ungeschickt‚
1583 1280 1714 1340 dass
1766 1299 1906 1339 man
1960 1281 2043 1340 sie
2098 1300 2217 1339 nur
2274 1281 2373 1339 als

336 1355 666 1444 Ruderung
721 1369 885 1427 einer
931 1366 1220 1446 Vorlage,
1273 1368 1442 1428 nicht
1492 1369 1581 1428 als
1625 1370 2084 1447 ursprungliche
2128 1367 2374 1445 Worte,

341 1457 530 1516 selbst
582 1457 749 1517 nicht
803 1459 965 1516 eines
1013 1457 1419 1534 Kompilators
1476 1457 1750 1516 erklaren
1794 1456 1971 1518 kann.
2062 1457 2187 1516 Der
2230 1457 2374 1516 hier

336 1546 526 1624 vollig
569 1546 909 1623 unpassend
953 1545 1320 1622 gebrauchte
1354 1545 1675 1605 Ausdruck
1711 1546 1775 1604 in
1809 1546 1987 1606 rebus
2024 1547 2198 1605 liesse
2236 1546 2371 1605 sich

339 1653 448 1694 aus
486 1635 682 1696 einem
716 1634 1075 1696 verdrehten
1110 1654 1238 1694 rem
1276 1629 1630 1694 contrahere
1664 1635 1957 1694 erklttren.
2028 1633 2371 1694 Jodenfans

337 1725 421 1783 ist
483 1725 577 1783 die
635 1723 1171 1801 Schlusswendung
1233 1723 1310 1782 ad
1371 1723 1645 1782 effectum
1698 1724 1946 1800 perduci
1998 1723 2364 1800 griechisch:
2546 1787 2554 1816 ΙΙ

339 1811 423 1883 εἰς
485 1809 658 1892 ἔργον
722 1808 886 1891 ἄγειν
955 1813 1077 1870 und
1140 1813 1314 1871 rfihrt
1375 1831 1495 1872 von
1557 1812 1673 1870 den
1734 1811 2189 1889 Kompilatoren
2254 1812 2369 1870 her
2549 1825 2554 1840 '¹

341 1893 746 1985 (Gradenwitz
806 1901 868 1960 Z.
914 1901 954 1960 f.
1004 1898 1155 1978 RG„
1209 1901 1280 1962 N.
1320 1901 1387 1962 F.
1436 1903 1494 1980 8,
1524 1891 1724 1981 300).'
1826 1902 2123 1961 consentit
2173 1900 2367 1961 Lenel
2544 1851 2555 2243 ἶ

336 1990 402 2051 Ρ.
429 1989 494 2050 II
537 1990 645 2050 col.
679 1991 865 2049 1262.
1360 1990 1365 1997 '
1540 2044 1545 2049 .

1138 2140 1268 2200 Lib
1280 2160 1312 2199 e
1324 2161 1356 2199 r
1398 2139 1563 2200 XIII.

1164 2259 1265 2326 De
1309 2261 1536 2343 leyatis.

519 2383 622 2447 70.
685 2383 763 2449 D.
807 2385 906 2467 19,
943 2384 1003 2468 5,
1044 2384 1144 2449 10.
1243 2384 1583 2449 Iavolenus
1639 2384 1808 2448 libro
1865 2383 2057 2449 tertio
2112 2384 2361 2449 decimo

339 2472 808 2557 Epistularum.
870 2510 945 2521 —-·
1007 2474 1226 2539 Partis
1287 2474 1501 2537 tertiae
1550 2492 1734 2537 usum
1782 2473 2057 2553 fructum
2122 2472 2356 2555 leyavit.

339 2560 574 2627 heredis
636 2563 796 2627 bona
853 2563 931 2627 ab
983 2563 1114 2627 eius
1165 2562 1559 2626 creditoribus
1610 2562 1909 2627 distracta
1941 2565 2108 2626 sunt
2158 2566 2218 2625 et
2255 2582 2355 2644 pe-

340 2652 610 2734 cuniam,
655 2672 811 2733 qnae
853 2672 927 2717 ex
971 2652 1391 2717 aestimatione
1410 2651 1621 2731 partis
1655 2652 1865 2715 tertiae
1896 2650 2093 2731 fiebat,
2137 2651 2355 2715 mulier

344 2742 572 2823 accepit
609 2738 864 2821 fruendi
906 2760 1097 2805 causa
1139 2744 1197 2804 et
1224 2760 1345 2821 per
1378 2740 1797 2822 iynorantiam
1831 2739 2152 2821 stipulatio
2174 2760 2351 2821 pra&

343 2830 626 2893 termissa
661 2833 763 2894 est.
834 2849 1075 2913 quaero,
1110 2850 1198 2893 an
1233 2828 1312 2892 ab
1348 2828 1555 2892 herede
1587 2828 1867 2893 mulieris
1890 2829 2176 2911 pecunia,
2206 2848 2355 2909 quae

338 2916 591 2997 fruendi
634 2937 822 2982 causa
865 2918 1014 2982 data
1059 2923 1168 2999 est,
1213 2916 1400 2999 repeti
1430 2918 1657 2999 possit,
1700 2922 1758 2981 et
1797 2938 1923 2999 qua
1966 2918 2216 2982 actione.

519 3004 833 3087 Respondi
875 3007 945 3069 in
983 3004 1218 3087 factum
1265 3008 1563 3071 actionem
1606 3006 1751 3070 dari
1793 3006 2010 3071 debere.

526 3110 627 3175 71.
673 3110 754 3176 D.
781 3111 886 3194 35,
921 3114 975 3194 1,
1003 3110 1107 3176 55.
1179 3109 1357 3175 Idem
1396 3109 1513 3198 (sc.
1546 3109 1921 3199 Iavolenus)
1959 3112 2127 3177 libro
2166 3112 2349 3177 tertio

345 3198 592 3264 decimo
647 3197 1117 3282 Epistularum.
1169 3238 1257 3247 —
1312 3200 1625 3286 Maevius,
1688 3203 1790 3266 cui
1841 3201 2079 3282 fundus
2132 3201 2349 3283 leyatus

345 3293 458 3363 est,
519 3289 578 3351 si
632 3287 1034 3365 Callimacho,
1097 3309 1237 3352 cum
1294 3309 1411 3370 quo
1468 3291 1807 3354 testamenti
1853 3289 2185 3370 factionem
2234 3308 2344 3353 non

346 3374 622 3453 habebat,
676 3376 932 3440 ducenta
982 3376 1258 3453 dedisset,
1315 3378 1653 3441 condicioni
1680 3397 1907 3457 parere
1949 3377 2116 3440 debet
2154 3381 2210 3441 et
2248 3377 2345 3441 du·

348 3468 522 3527 centa
585 3464 758 3546 dare,
821 3467 893 3526 ut
950 3463 1036 3526 acl
1085 3484 1221 3527 eum
1275 3464 1507 3545 leyatus
1555 3464 1791 3542 fundus
1834 3465 2165 3547 pertineat,
2227 3464 2347 3529 licet
