2575 3900
1040 157 1090 208 7.
1124 148 1503 206 PROCULUS
2151 150 2278 216 155

252 317 329 380 ut
368 336 443 380 ea
470 313 646 379 Titio
687 314 895 400 dares,
930 319 1128 400 tuque
1164 336 1299 380 non
1335 313 1604 397 dederis,
1643 314 1754 379 sed
1783 315 2278 399 consumpseris,

252 407 321 468 et
366 403 653 468 mandati
700 407 767 468 et
810 403 977 483 furti¹
1014 404 1218 468 teneri
1264 407 1331 467 te
1368 402 1682 469 Proculus
1730 403 1848 488 ait3
1897 407 2027 488 aut,
2075 404 2132 469 si
2178 403 2275 469 ita

249 492 559 572 dederim,
612 496 686 556 ut
739 513 904 578 quae
955 492 1151 558 velles
1198 492 1412 576 dareS,
1467 492 1762 558 mandati
1807 492 2278 562 tantummodo,

968 651 1071 718 De
1116 651 1247 742 leye-
1280 652 1564 739 Aquilia.

302 795 308 800 ·
428 777 531 842 66.
585 776 666 844 D.
703 777 763 860 9,
800 778 861 861 2,
901 778 959 859 7,
996 778 1056 842 3.
1147 775 1470 861 Ulpianus
1524 776 1691 843 libro
1749 781 1977 843 octavo
2026 776 2273 844 decimo

248 865 330 932 ad
391 865 672 932 edictum
729 866 833 948 (P.
872 864 1079 952 614⁸).
1127 902 1203 913 -
1268 915 1281 930 .
1321 914 1336 929 .
1375 865 1432 930 si
1478 866 1622 949 quis
1672 866 1938 932 alterius
1993 866 2279 949 impulsu

250 956 558 1020 damnum
604 954 866 1038 dederit,
912 954 1224 1021 Proculus
1272 955 1502 1020 scribit
1547 977 1754 1041 neque
1801 977 1948 1020 eum
1996 957 2108 1041 qui
2155 961 2278 1020 im-

248 1044 421 1130 pulit
456 1044 680 1126 teneri,
726 1045 881 1129 quia
915 1065 1045 1108 non
1083 1043 1338 1127 occidit,
1374 1064 1580 1127 neque
1619 1065 1765 1109 eum
1789 1044 1917 1130 qui
1952 1044 2273 1129 impulsus

249 1136 370 1216 est,
416 1133 567 1217 quia
614 1132 917 1197 damnum
965 1131 1205 1197 iniuria
1250 1153 1383 1197 non
1430 1132 1621 1197 dedit.
1705 1133 2052 1198 secundum
2099 1133 2270 1216 quod

250 1222 318 1286 in
363 1222 609 1287 factum
658 1222 829 1286 aetio
878 1221 1001 1285 erit
1046 1220 1259 1286 danda
1303 1221 1371 1285 in
1418 1241 1563 1285 eum
1610 1221 1720 1306 qui
1763 1222 2045 1307 impulit.

429 1311 532 1376 67.
587 1310 665 1376 D.
694 1310 754 1390 9,
783 1311 843 1391 2,
877 1311 954 1375 11
973 1332 1069 1393 pr.
1160 1309 1482 1394 Ulpianus
1527 1308 1696 1375 libro
1744 1316 1973 1376 octavo
2022 1310 2270 1377 decimo

249 1399 330 1464 ad
378 1398 657 1464 edietum
705 1395 804 1486 (Ρ.
842 1395 1046 1481 614⁰).
1096 1435 1173 1446 -—
1225 1398 1490 1463 ..Mela
1537 1399 1779 1479 scribit,
1826 1401 1900 1484 si,
1948 1422 2095 1465 cum
2139 1401 2275 1485 pila

248 1488 513 1574 quidam
567 1486 888 1571 luderent,
953 1487 1396 1552 vehementius
1455 1488 1596 1573 quis
1653 1488 1789 1572 pila
1842 1510 2148 1574 pereussa
2205 1491 2275 1554 in

245 1577 531 1643 tonsoris
572 1598 801 1642 manus
838 1599 983 1642 eam
1020 1576 1322 1640 deiecerit
1357 1582 1422 1640 et
1459 1577 1552 1643 sic
1591 1577 1779 1662 servi,
1817 1599 2009 1662 quem
2044 1582 2271 1643 tonsor

245 1664 580 1750 radebat1,
636 1667 789 1751 gula
845 1667 931 1730 sit
983 1665 1277 1750 praecisa
1333 1664 1581 1730 adiecto
1638 1666 1928 1745 cultello,
1993 1668 2061 1731 in
2117 1689 2273 1752 quo-

247 1776 518 1841 cumque
582 1775 803 1819 eorum
866 1755 1055 1839 culpa
1118 1755 1233 1837 sit,
1300 1775 1442 1819 eum
1507 1754 1650 1840 lege
1714 1755 1980 1840 Aquilia
2045 1756 2268 1822 teneri.

248 1841 568 1909 Proculus
614 1844 684 1906 in
728 1847 994 1909 tonsore
1042 1864 1182 1908 esse
1229 1844 1507 1925 culpam.

429 1933 558 1999 68⁸.
624 1929 861 1999 Collat.
899 1933 1002 2017 12,
1041 1934 1099 2017 7,
1137 1933 1195 1999 8.
1298 1930 1619 2018 Ulpianus
1683 1932 1850 1999 libro
1905 1931 2130 2000 XVIII
2194 1932 2276 1999 ad

249 2021 531 2087 edietum
572 2018 672 2100 (P.
702 2018 912 2109 623¹2).
956 2058 1030 2069 —
1072 2072 1086 2087 .
1118 2071 1133 2087 .
1180 2021 1349 2086 libro
1397 2019 1492 2086 VI
1541 2044 1620 2087 ex
1663 2021 1948 2088 Vibiano
1995 2024 2274 2089 relatum

248 2114 375 2175 est:
412 2111 469 2174 si
506 2115 763 2175 furnum
802 2109 1149 2176 secundum
1186 2110 1497 2191 parietem
1537 2132 1940 2176 communem
1977 2111 2273 2197 habereS,

250 2221 337 2263 an
394 2200 610 2264 damni
667 2199 904 2264 iniuria
953 2198 1238 2265 teneris?
1285 2202 1352 2263 et
1399 2200 1493 2263 ait
1535 2198 1934 2285 (Proculus)
1979 2202 2088 2286 agi
2143 2222 2277 2267 non

245 2309 441 2372 posse
465 2286 736 2374 Aquilia
771 2289 933 2373 lege,
971 2289 1123 2373 quia
1158 2310 1276 2353 nec
1315 2310 1462 2353 cum
1501 2310 1576 2353 eo
1608 2290 1717 2373 qui
1746 2289 1960 2355 focum
1987 2290 2274 2354 haberet.

244 2381 314 2441 et
357 2377 504 2442 ideo
552 2376 816 2461 aequius
861 2381 1055 2460 putat
1096 2376 1166 2441 in
1213 2377 1456 2442 factum
1506 2378 1826 2443 actionem
1874 2378 2167 2443 dandam.

424 2488 769 2567 Sequuntur
803 2489 976 2548 haee:
1017 2481 1144 2547 ‘sed
1180 2507 1300 2547 non
1335 2488 1618 2564 proponit
1653 2491 1931 2549 exustum
1962 2490 2276 2565 parietem.

251 2596 394 2638 sane
442 2578 599 2637 enim
646 2577 855 2654 quaeri
896 2578 1115 2656 potest,
1159 2569 1296 2655 (si)
1340 2575 1606 2635 nondum
1651 2577 1799 2636 mihi
1844 2578 2128 2637 damnum
2173 2577 2272 2638 de-

245 2666 404 2726 deris
460 2670 521 2726 et
574 2666 665 2724 ita
714 2665 917 2743 ignem
964 2666 1214 2741 habeas,
1267 2667 1340 2724 ut
1383 2667 1651 2725 metuam
1696 2684 1769 2725 ne
1814 2666 1966 2725 mihi
2011 2664 2141 2743 des,
2197 2686 2277 2727 an

248 2774 508 2832 aequum
563 2754 644 2815 sit
695 2774 792 2815 me
845 2754 1087 2814 interim
1143 2753 1468 2831 actionem,
1523 2754 1587 2814 id
1641 2757 1733 2814 est
1782 2755 1845 2813 in
1888 2754 2121 2815 factum
2166 2755 2276 2815 im·

247 2845 505 2921 petrare.
596 2844 871 2904 fortassis
918 2843 1081 2903 enim
1126 2844 1198 2903 de
1244 2844 1356 2903 hoc
1403 2842 1656 2903 senserit
1701 2838 2032 2904 Proculus?

432 2942 566 3013 68¹³.
612 2944 690 3011 D.
711 2946 769 3029 9,
790 2946 849 3029 2,
870 2944 1097 3032 27,10.
1178 2942 1500 3029 Ulpianus
1542 2944 1708 3010 libro
1756 2948 1983 3012 octavo
2026 2945 2273 3013 decimo

244 3034 325 3099 ad
386 3034 680 3100 edictum.
732 3070 807 3081 —
871 3032 945 3099 Si
1011 3034 1268 3099 furnum
1325 3032 1674 3099 secundum
1728 3036 2048 3119 parietem
2104 3058 2275 3102 com-

244 3144 506 3188 munem
565 3124 871 3207 habereS,
927 3145 1013 3188 an
1067 3123 1284 3188 damni
1340 3122 1575 3187 iniuria
1627 3124 1953 3189 tenearis?
2059 3129 2124 3189 et
2182 3125 2276 3190 ait

200 3277 207 3282 .
244 3210 559 3277 Proculus
615 3212 723 3299 agi
768 3234 900 3277 non
945 3232 1165 3296 posse,
1222 3211 1376 3297 quia
1420 3233 1538 3277 nec
1583 3235 1728 3279 cum
1775 3236 1850 3280 eo
1898 3214 2010 3298 qui
2055 3213 2273 3281 focum

242 3300 527 3366 haberet.
638 3307 704 3366 et
756 3300 899 3367 ideo
958 3301 1224 3385 aequius
1277 3304 1436 3385 puto
1448 3352 1466 3387 ,
1520 3302 1588 3366 in
1647 3302 1891 3367 factum
1946 3302 2271 3369 actionem

246 3389 548 3475 dandam,
595 3390 843 3455 scilicet
891 3388 947 3455 si
989 3390 1201 3474 paries
1250 3393 1510 3455 exustus
1559 3391 1663 3455 sit.

391 3533 418 3582 1
458 3528 554 3584 ΓΖ.
590 3528 855 3585 habebat.
