2575 3900
1023 164 1072 213 2.
1111 156 1438 213 PEGASUS
2107 160 2232 224 201

215 318 434 385 Latini
498 320 655 385 facti
710 341 787 385 ex
840 321 985 407 lege
1042 322 1226 387 Aelia
1281 318 1508 405 Sentia
1563 321 1954 405 habuerunt,
2020 324 2238 388 tamen

215 411 447 494 postea
502 411 1063 475 senatusconsulto
1121 408 1294 494 quod
1341 410 1427 474 Pe
1477 430 1588 475 aso
1649 412 1714 475 et
1761 410 2036 475 Pusione
2093 433 2238 477 con-

218 498 470 562 sulibus
516 497 761 563 factum
809 502 925 582 est,
972 499 1172 563 etiam
1218 430 1571 563 maior5>us
1610 498 1886 585 triginta
1924 520 2238 566 annorum

216 585 635 651 manumissis
684 585 933 652 Latinis
980 588 1172 652 factis
1220 608 1596 652 concessum
1644 594 1760 653 est.

857 824 912 883 2.
966 816 1067 883 De
1109 816 1608 899 fideicommissis·

400 943 455 1007 1.
522 939 661 1007 Gai.
701 941 770 1019 2,
806 940 954 1005 254.
1016 978 1092 988 —
1151 990 1166 1007 .
1205 991 1219 1006 .
1259 942 1411 1026 quia
1470 942 1737 1007 heredes
1801 942 2028 1026 scripti
2094 964 2240 1009 cum

216 1034 333 1095 aut
390 1034 601 1095 totam
664 1026 1117 1095 hereditatem'
1156 1036 1269 1094 aut
1327 1052 1528 1115 paene
1593 1036 1797 1096 totam
1861 1031 2240 1115 plerumque

215 1119 557 1185 restituere
595 1119 1012 1201 rogabantur,
1054 1118 1229 1183 adire
1266 1119 1689 1185 hereditatem
1727 1120 1810 1185 ob
1841 1119 2092 1184 nullum
2129 1125 2242 1186 aut

217 1208 557 1273 minimum
618 1207 868 1273 lucrum
927 1208 1344 1287 recusabant,
1399 1212 1590 1291 atque
1647 1208 1730 1272 ob
1786 1207 1854 1272 id
1907 1209 2238 1293 extingue·

218 1296 455 1361 bantur
481 1294 993 1378 fideicommissa,
1030 1299 1261 1380 postea
1287 1292 1402 1381 (sc.
1431 1302 1583 1379 post
1611 1299 2240 1363 senatusconsultum

219 1380 732 1469 Trebellianum)
770 1382 1021 1465 Pegaso
1060 1387 1127 1448 ct
1164 1385 1442 1450 Pusione
1478 1385 1939 1469 (consulibua)
1977 1390 2239 1452 senatus

217 1474 489 1556 censuit,
532 1478 604 1539 ut
650 1473 707 1539 ei
754 1473 867 1556 qui
905 1477 1175 1557 rogatus
1213 1476 1386 1537 esset
1419 1474 1844 1539 hereditatem
1882 1475 2239 1559 restituere,

218 1561 491 1646 proinde
538 1562 761 1627 liceret
806 1564 1105 1644 quartam
1150 1566 1402 1645 partem
1449 1564 1748 1648 retinere,
1793 1568 1984 1647 atque
2023 1585 2058 1628 e
2097 1565 2240 1650 lege

215 1648 505 1716 Falcidia
549 1651 617 1717 in
664 1651 899 1734 legatis
946 1650 1221 1715 retinere
1268 1651 1656 1717 conceditur.

400 1774 456 1839 2.
504 1771 641 1839 Gai.
670 1774 730 1857 2,
759 1774 907 1839 258.
960 1810 1033 1824 -
1069 1823 1085 1839 .
1115 1824 1131 1840 .
1169 1775 1223 1839 si
1260 1780 1514 1840 recuset
1543 1775 1820 1860 scriptus
1849 1776 2035 1841 heres
2065 1776 2240 1843 adire

216 1862 647 1928 hereditatem
695 1863 777 1927 ob
824 1861 890 1926 id
926 1863 1098 1948 quod
1136 1862 1309 1927 dicat
1345 1886 1486 1928 eam
1526 1864 1653 1929 sibi
1693 1869 2057 1948 suspectam
2097 1887 2240 1931 esse

218 1951 401 2036 quasi
458 1951 862 2037 damnosam,
926 1957 1191 2018 cavetur
1244 1951 1604 2038 Pegasiano
1661 1955 2239 2038 senatusconsultO,

216 2044 294 2105 ut
358 2040 763 2106 desiderante
828 2062 903 2106 eo
967 2045 1068 2106 cui
1132 2043 1469 2107 restituere
1535 2047 1802 2127 rogatus
1870 2048 1995 2127 est,
2063 2043 2243 2109 iussu

217 2129 540 2214 praetoris
602 2130 792 2194 adeat
846 2134 913 2194 et
956 2131 1279 2214 restituat,
1326 2131 1717 2217 proindeque
1766 2131 1824 2196 ei
1868 2135 1934 2196 et
1978 2133 2048 2196 in
2095 2153 2241 2199 eum

216 2220 331 2303 qui
376 2219 692 2302 receperit
734 2217 1267 2304 (hereditatem),
1316 2221 1603 2285 actiones
1651 2220 1904 2305 dentur,
1963 2241 2038 2286 ac
2081 2221 2240 2286 iuris

218 2310 321 2372 est
368 2329 445 2372 ex
493 2308 1051 2372 senatusconsulto
1099 2308 1510 2373 Trebelliano
1542 2359 1555 2375 .
1586 2359 1600 2374 .
1632 2359 1645 2372 .

396 2416 467 2476 cf.
515 2416 562 2476 I.
602 2420 659 2494 2,
699 2420 800 2494 23,
839 2421 894 2479 5.
996 2412 1035 2479 ’“’.
1065 2462 1081 2477 .
1128 2418 1480 2495 Vespasiani
1542 2418 1807 2496 Augusti
1870 2420 2240 2496 temporibus

217 2505 447 2584 Pegaso
505 2508 567 2564 et
611 2506 867 2568 Pusione
922 2507 1266 2568 consulibus
1314 2511 1555 2568 senatus
1601 2508 1832 2567 censuit
1876 2511 1949 2568 ut
1977 2555 1990 2569 .
2021 2555 2034 2568 .
2064 2503 2102 2571 .’
2153 2527 2241 2569 se-

221 2597 491 2672 quuntur
537 2593 651 2656 Gai
694 2595 881 2656 verba
924 2614 1109 2672 supra
1154 2596 1360 2656 allata.

397 2713 457 2778 3.
509 2711 645 2778 Gai.
674 2714 735 2798 2,
762 2713 939 2780 286⁸.
989 2751 1069 2762 —
1122 2763 1135 2779 .
1166 2764 1179 2778 .
1210 2713 1352 2779 orbi
1399 2714 1509 2798 qui
1554 2736 1670 2798 per
1715 2716 1927 2799 legem
1973 2715 2244 2800 Papiam

219 2801 522 2868 dimidias
644 2807 814 2867 artes
887 2802 1321 2868 hereditatum
1395 2804 1884 2888 legatorumque
1952 2803 2243 2890 perdunt,

220 2890 378 2955 olim
457 2889 579 2954 soli
627 2914 665 2957 a
737 2890 1239 2957 fideicommissa
1303 2892 1687 2957 videbantur
1750 2914 1972 2977 capere
2035 2915 2244 2977 posse.

221 2979 333 3044 sed
398 2983 627 3064 postea
691 2981 1247 3046 senatusconsulto
1306 2981 1667 3065 Pegasiano
1734 2981 2003 3066 proinde
2068 2981 2243 3047 fidei·

220 3067 568 3133 commissa
605 3089 857 3153 quoque
896 3090 969 3134 ac
1006 3070 1224 3154 legata
1250 3070 1767 3155 hereditatesque
1797 3092 2025 3155 capere
2053 3093 2243 3156 posse

220 3156 536 3241 prohibiti
590 3161 771 3242 sunt3
838 3179 1037 3242 eaque
1091 3160 1411 3224 translata
1466 3164 1617 3224 sunt
1671 3159 1752 3223 ad
1808 3181 1918 3224 eos
1975 3163 2083 3244 qui
2135 3159 2246 3243 <in

222 3246 343 3328 eo>
398 3248 790 3311 testamento
848 3245 1089 3311 liberos
1147 3247 1417 3326 habent,
1473 3251 1587 3312 aut
1641 3247 1697 3312 si
1742 3249 1959 3314 nullus
2006 3250 2243 3314 liberos

223 3334 522 3418 habebit,
580 3335 660 3398 ad
716 3335 1053 3419 populum,
1110 3336 1274 3400 sicut
1319 3335 1479 3400 iuris
1528 3340 1628 3401 est
1670 3337 1738 3401 in
1784 3336 2020 3420 legatis
2067 3340 2133 3402 et
2177 3339 2246 3402 in

223 3421 711 3507 hereditatibus,
759 3445 921 3508 quae
969 3424 1189 3488 eadem
1238 3428 1352 3488 aut
1393 3424 1587 3489 simili
1625 3447 1702 3490 ex
1738 3423 1972 3508 cau<sa
2009 3424 2246 3492 caduca

224 3509 450 3593 fiunt).
