2575 3900
762 180 812 228 4.
853 171 911 227 C.
940 170 1231 226 CASSIUS
1268 169 1638 227 LONGINUS
2131 169 2218 234 39

367 339 561 402 Cassii
607 340 969 401 definitionis
1017 359 1053 400 a
1091 338 1453 399 Triboniano
1499 339 1562 397 in
1607 338 1803 411 breve,
1851 341 1920 398 ut
1960 338 2218 415 videtur,

196 433 427 491 coactae
493 431 828 491 Mommsen
898 431 1051 488 hanc
1122 427 1249 487 fere
1322 427 1645 504 genuinam
1711 427 1968 487 formam
2031 427 2216 487 fuisse

192 519 429 579 conicit:
495 513 740 579 ‘fratres
804 520 867 578 et
929 535 1162 578 sorores
1226 536 1299 576 ex
1362 516 1571 576 eodem
1631 519 1802 593 patre
1857 510 2042 592 quia?
2143 516 2219 578 cf.

193 607 325 684 Ulp.
338 609 409 668 fr.
429 611 530 686 26,
547 611 579 668 1
610 603 1068 668 ‘Intestatorum
1094 606 1496 682 ingenuorum
1524 604 1887 665 hereditates
1915 605 2220 682 pertinent

191 698 453 772 primum
497 698 573 757 ad
622 715 761 757 suos
807 697 1058 756 heredes
1107 741 1121 754 .
1142 739 1157 756 .
1179 739 1193 754 .
1241 696 1293 754 si
1338 694 1433 753 sui
1477 694 1727 754 heredes
1770 712 1893 754 non
1939 697 2094 771 sunt,
2142 692 2220 753 ad

191 786 692 863 consanguineos,
744 785 806 844 id
854 787 947 844 est
990 785 1209 844 fratres
1257 785 1321 842 et
1366 801 1599 843 sorores
1646 802 1718 842 ex
1764 782 1974 842 eodem
2016 786 2216 860 patre3

191 874 243 933 si
284 894 394 935 nec
440 876 505 934 hi
552 879 709 951 sunt,
754 874 831 933 ad
866 873 1129 950 reliquos
1167 873 1420 949 agnatos
1466 870 1765 946 proximos
1804 917 1818 931 .
1847 917 1862 932 .
1891 865 1931 930 .'
2005 870 2220 932 Collat.

194 965 297 1038 16,
315 966 375 1041 6,
400 966 433 1022 1
486 963 653 1023 Idem
701 955 809 1044 (sc.
838 953 1024 1044 Ulp.).
1100 955 1269 1021 ‘Post
1316 979 1458 1020 suos
1506 961 1581 1019 ab
1625 959 1914 1020 intestato
1959 959 2220 1038 legitimi

188 1052 623 1130 admittuntur,
679 1052 940 1128 primum
986 1049 1414 1127 consanguinei
1460 1092 1475 1108 .
1519 1043 2031 1126 (consanguinei)
2079 1053 2222 1108 sunt

189 1140 378 1200 frater
434 1143 497 1200 et
548 1158 743 1214 soror,
796 1140 898 1217 qui
942 1139 1007 1198 in
1052 1138 1325 1198 eiusdem
1366 1139 1670 1213 potestate
1716 1137 1910 1213 patris
1955 1137 2220 1212 fuerunt,

188 1229 309 1287 etsi
371 1248 446 1289 ex
510 1229 761 1291 diversis
823 1227 1118 1288 matribus
1179 1227 1312 1286 nati
1376 1229 1534 1286 sunt.
1632 1227 2104 1302 consanguineos
2159 1228 2222 1285 et

184 1317 435 1394 adoptio
501 1318 648 1378 facit
711 1321 773 1378 et
837 1317 1149 1395 adrogatio
1211 1309 1364 1394 (et)
1431 1333 1647 1375 causae
1705 1315 1983 1392 probatio
2041 1318 2104 1374 et
2157 1315 2220 1373 in

184 1425 439 1466 manum
484 1400 838 1467 conventio?

528 1539 618 1595 De
650 1540 945 1596 hereditate
981 1544 1111 1594 ante
1145 1539 1434 1593 cretionem
1468 1538 1534 1592 in
1567 1539 1688 1592 iure
1722 1553 1884 1593 cessa.

370 1645 501 1707 Gai.
532 1648 599 1722 3,
630 1648 711 1707 85
772 1692 785 1705 .
814 1689 829 1705 .
884 1645 936 1706 si
980 1643 1316 1721 legitimam
1359 1643 1759 1702 hereditatem
1800 1643 2001 1720 heres,
2057 1645 2223 1703 ante-

182 1754 373 1812 quam
438 1738 646 1795 cernat
709 1737 831 1794 aut'
868 1753 977 1811 pro
1031 1732 1250 1793 herede
1307 1734 1506 1810 gerat,
1570 1732 1676 1790 alii
1728 1732 1791 1790 in
1844 1732 1974 1792 iure
2029 1732 2222 1806 cedat,

182 1825 369 1901 pleno
414 1823 547 1883 iure
592 1823 663 1884 fit
706 1824 808 1882 ille
853 1824 1053 1898 heres,
1106 1821 1203 1881 cui
1246 1839 1414 1880 cessa
1459 1823 1552 1880 est
1597 1820 1925 1897 hereditas,
1971 1821 2221 1897 proinde

188 1931 265 1973 ac
312 1913 365 1973 si
408 1912 540 1989 ipse
583 1930 691 1989 per
736 1914 935 1990 legem
981 1911 1057 1972 ad
1101 1909 1500 1971 hereditatem
1544 1912 1873 1971 vocaretur.

378 2015 479 2080 12.
527 2014 667 2079 Gai.
687 2015 748 2099 3,
769 2013 873 2079 87.
916 2048 991 2060 —-
1036 2011 1203 2078 Suus
1242 2016 1459 2077 autem
1497 2015 1562 2076 et
1597 2010 1998 2077 necessarius
2035 2011 2222 2076 heres

187 2126 281 2169 an
347 2103 594 2187 aliquid
658 2109 859 2189 agant
910 2102 981 2166 in
1036 2102 1175 2166 iure
1240 2100 1522 2167 cedendo
1577 2101 1923 2186 quaeritur.
2014 2101 2225 2166 nostri

185 2197 647 2278 praeceptores
692 2191 859 2256 nihil
906 2212 1016 2257 eos
1064 2212 1254 2276 agere
1303 2190 1691 2255 existimant.

620 2348 710 2404 De
743 2350 946 2405 credito
981 2365 1020 2403 α
1053 2348 1255 2403 mortui
1288 2347 1525 2403 debitore
1551 2347 1802 2417 petendo.

377 2450 478 2515 13.
534 2447 613 2514 D.
640 2448 709 2532 5,
742 2450 807 2531 1,
835 2450 947 2531 28,
975 2447 1037 2514 5.
1124 2446 1367 2512 Paulus
1422 2446 1592 2512 libro
1649 2447 1926 2531 septimo
1973 2445 2221 2511 decimo

187 2536 277 2601 ad
322 2536 657 2603 Plautium
703 2536 804 2624 (P.
838 2535 1053 2623 1232).
1099 2572 1182 2582 —
1232 2534 1303 2599 Si
1359 2538 1548 2620 pater
1595 2535 1882 2599 familias
1929 2538 2224 2599 mortuus

187 2629 374 2691 esset
423 2627 651 2693 relicto
704 2648 833 2691 uno
888 2626 1022 2690 filio
1080 2630 1146 2689 et
1189 2644 1390 2688 uxore
1436 2627 1818 2708 praegnate,
1872 2644 2006 2687 non
2050 2626 2226 2687 recte

186 2714 370 2778 filius
435 2737 475 2779 a
539 2715 939 2780 debitoribus
1005 2716 1258 2798 partem
1322 2710 1656 2775 dimidiam
1721 2710 1947 2775 crediti
2003 2714 2224 2793 petere

186 2806 436 2887 potest,
460 2805 753 2888 quamvis
772 2806 1003 2889 postea
1030 2823 1196 2866 unus
1215 2800 1392 2865 filius
1411 2803 1604 2865 natus
1627 2800 1715 2865 sit
1743 2799 1925 2884 [quia
1943 2806 2228 2881 poterant

187 2892 419 2978 plures
473 2893 681 2974 nasci,
738 2914 883 2958 cum
934 2913 1053 2976 per
1105 2912 1326 2956 rerum
1377 2892 1677 2954 naturam
1725 2894 1970 2954 certum
2026 2888 2227 2954 fuerit

188 3002 403 3045 unum
429 2980 663 3063 nasciJ.
727 2981 837 3046 sed
864 2978 1143 3047 Sabinus
1174 2977 1440 3045 Cassius
1469 2982 1720 3062 partem
1760 2981 2058 3063 quartam
2086 2979 2226 3063 peti

190 3070 514 3153 debuisse,
554 3072 707 3155 quia
748 3072 1065 3135 incertum
1106 3072 1294 3151 esset,
1332 3089 1418 3131 an
1455 3071 1589 3132 tres
1627 3071 2044 3133 nascerentur
2080 3069 2226 3148 [nec

191 3180 413 3223 rerum
459 3164 761 3224 naturam
804 3158 1201 3240 intuendam,
1246 3158 1313 3221 in
1352 3178 1480 3241 qua
1517 3157 1734 3221 omnia
1772 3160 1948 3221 certa
1986 3158 2225 3240 essent,

193 3268 347 3311 oum
403 3246 621 3313 futura
674 3248 899 3333 utique
963 3246 1221 3331 fierent,
1286 3246 1397 3310 sed
1460 3248 1752 3310 nostram
1817 3245 2222 3310 inscientiam

196 3336 408 3419 aspici
454 3334 736 3423 debere}

379 3446 544 3518 Quae
587 3450 757 3509 uncis
803 3447 1038 3526 inclusi,
1082 3465 1277 3525 neque
1313 3448 1584 3507 veterum
1628 3463 1821 3523 neque
1865 3444 2044 3504 Pauli
2090 3461 2219 3503 esse

196 3533 334 3596 iure
379 3538 584 3598 censet
627 3537 894 3598 Pernice.
977 3537 1051 3597 cf.
1097 3536 1161 3593 Π
1200 3537 1237 3594 2
1286 3555 1343 3610 p.
1385 3535 1533 3595 581.
