2575 3900
588 197 657 253 11.
695 198 1177 254 INOERTORUM
1213 198 1675 253 SENTENTIAE
1717 200 1809 254 ET
1845 200 2059 257 LIBRI.
2199 203 2328 266 557

861 380 919 445 b.
981 379 1086 444 De
1131 380 1298 445 iure
1344 379 1783 445 honorario,

711 532 764 570 α.
831 510 928 568 Ad
973 510 1234 570 edietum
1277 509 1563 570 aedilium
1610 509 1926 570 curulium.

887 618 987 685 De
1030 621 1361 702 mancepiis
1403 621 1755 686 vendundis.

495 735 640 800 139.
699 734 772 801 D.
813 736 926 819 21,
967 736 1032 818 1,
1073 735 1173 814 10,
1211 734 1269 799 4.
1355 734 1533 799 Idem
1587 732 1701 821 (sc.
1756 732 2105 822 Ulpianus)
2156 735 2330 801 libro

313 823 522 906 primo
581 823 660 888 ad
715 824 996 888 edictum
1042 822 1345 888 aedilium
1391 822 1727 888 curulium.
1764 861 1850 872 -
1892 823 2330 889 Luneitionem

314 933 457 976 eam
514 933 654 976 esse
710 912 970 997 quidam
1024 916 1286 998 putant,
1340 912 1453 976 ubi
1508 912 1703 978 homo
1750 913 1991 978 lumine
2038 912 2329 978 adhibito

312 1000 476 1065 nihil
522 1001 711 1066 videt.

495 1090 640 1155 140.
695 1087 770 1153 D.
809 1089 891 1153 21
905 1138 923 1172 ‚
965 1091 1029 1164 1,
1070 1091 1179 1170 17,
1215 1089 1279 1153 4.
1371 1088 1687 1172 Ulpianus
1747 1090 1917 1155 libro
1981 1090 2193 1174 primo
2249 1091 2330 1155 ad

314 1177 594 1243 edictum
623 1177 923 1243 aedilium
954 1177 1286 1242 curulium.
1323 1214 1398 1225 -
1433 1227 1448 1241 .
1476 1226 1492 1243 .
1520 1226 1535 1242 .
1571 1179 1947 1262 plerumque
1975 1179 2059 1243 ab
2088 1179 2328 1263 impru-

315 1266 638 1350 dentibus,
663 1267 874 1351 inquit
892 1263 1387 1352 (sc.Vivianus)‚
1416 1266 1541 1332 diei
1570 1269 1736 1332 solet
1762 1289 1908 1332 eum
1939 1289 2076 1332 esse
2104 1267 2330 1350 fugiti-

317 1377 487 1438 vum,
522 1355 634 1439 qui
659 1359 850 1420 noete
881 1355 1097 1439 aliqua
1125 1354 1262 1419 sine
1292 1355 1623 1420 voluntate
1654 1355 1899 1420 domini
1927 1357 2333 1421 emansisset.

496 1444 642 1508 141.
696 1443 775 1507 D.
813 1444 926 1526 21,
970 1447 1002 1509 1
1019 1444 1170 1526 ,31,
1197 1443 1301 1508 25.
1386 1442 1703 1527 Ulpianus
1760 1444 1928 1508 libro
1988 1445 2196 1529 primo
2254 1445 2333 1509 ad

316 1532 598 1596 edictum
645 1531 946 1596 aedilium
987 1531 1319 1596 curulium.
1360 1566 1441 1577 --
1483 1530 1666 1608 Quod
1712 1532 2027 1616 emptioni
2070 1533 2336 1617 accedit,

316 1623 567 1705 partem
615 1642 753 1685 esse
800 1619 1186 1685 venditionis
1232 1619 1655 1703 prudentibus
1702 1621 1913 1685 visum
1958 1625 2072 1686 est.

497 1709 642 1773 142.
697 1708 775 1773 D.
812 1708 916 1789 21,
945 1709 1005 1790 2,
1035 1709 1136 1773 31.
1217 1707 1539 1793 Ulpianus
1584 1710 1751 1775 libro
1800 1709 2335 1794 quadragensimo

315 1797 595 1861 secundo
654 1796 733 1861 ad
781 1794 1110 1861 Sabinum.
1163 1833 1240 1846 —
1292 1795 1361 1861 Si
1412 1798 1507 1863 ita
1560 1798 1704 1884 quis
1762 1798 2101 1882 stipulanti
2148 1821 2336 1883 spon·

316 1887 466 1951 deat
525 1908 749 1952 sanum
806 1902 972 1966 esse,
1033 1885 1243 1952 furem
1299 1907 1428 1952 non
1484 1908 1650 1973 esse,
1709 1887 2150 1972 vispellionem
2206 1909 2336 1954 non

316 1998 458 2041 esse
513 1979 579 2040 et
636 1980 876 2058 cetera,
930 1975 1177 2041 inutilis
1235 1976 1565 2061 stipulatio
1621 1976 2006 2062 quibusdam
2066 1976 2339 2059 videtur,

315 2065 468 2149 quia
525 2064 581 2129 si
638 2065 779 2149 quis
837 2068 936 2130 est
987 2065 1054 2129 in
1109 2065 1232 2130 hac
1287 2087 1505 2147 eausa,
1560 2065 1964 2150 impossibile
2020 2069 2120 2129 est
2165 2066 2337 2150 quod

316 2153 747 2235 promittitur,
793 2153 849 2219 si
896 2175 1025 2219 non
1072 2159 1196 2239 est,
1241 2155 1485 2219 frustra
1531 2159 1647 2219 est.

887 2337 944 2413 β.
1009 2336 1105 2393 Ad
1151 2335 1412 2395 edietum
1456 2335 1771 2411 praetoris,

840 2444 940 2508 De
974 2445 1176 2525 pactis
1219 2450 1276 2509 et
1318 2446 1823 2509 conventionibus.

502 2558 644 2622 143.
700 2558 780 2623 D.
819 2558 888 2641 2,
928 2558 1037 2642 14,
1078 2561 1144 2644 7,
1187 2560 1287 2623 14.
1367 2557 1680 2642 Ulpianus
1740 2559 1909 2624 libro
1968 2565 2195 2645 quarto
2254 2561 2335 2625 ad

320 2645 618 2711 edictum.
657 2683 740 2691 —-
781 2645 851 2712 Si
895 2648 1214 2732 paciscar,
1272 2670 1352 2711 ne
1400 2648 1614 2731 operis
1660 2648 1817 2712 novi
1861 2648 2333 2713 nuntiationem

323 2756 655 2819 exsequar,
702 2735 963 2820 quidam
1009 2740 1243 2820 putant
1289 2756 1418 2801 non
1465 2737 1676 2800 valere
1723 2736 2105 2819 pactionem,
2152 2739 2337 2821 quasi

321 2825 388 2888 in
435 2846 510 2889 ea
554 2846 625 2888 re
671 2825 986 2908 praetoris
1031 2825 1374 2910 imperium
1419 2828 1725 2891 versetur.

499 2926 771 3085 (114411’13.
799 2948 870 3104 {⁶
894 2930 1002 3106 134⁷,
1022 3022 1126 3103 27,
1162 3023 1214 3085 1.
1296 3019 1537 3085 Paulus
1584 3019 1754 3084 libro
1802 3020 1994 3085 tertio
2043 3020 2123 3085 ad
2170 3022 2341 3085 edic—

317 3112 478 3173 tum.
527 3145 608 3154 —
660 3106 728 3174 Si
784 3131 928 3173 cum
981 3130 1092 3174 reo
1150 3110 1227 3174 ad
1285 3112 1530 3174 certum
1586 3113 1841 3194 tempus
1894 3109 2110 3192 pactio
2166 3109 2340 3175 faeta

324 3198 440 3281 sit,
495 3197 668 3261 ultra
721 3218 926 3281 neque
986 3220 1096 3263 reo
1143 3220 1350 3283 neque
1396 3197 1755 3262 fideiussori
1799 3199 2079 3281 prodest.
2171 3198 2338 3282 quod

325 3287 380 3350 si
437 3287 574 3351 sine
642 3308 915 3370 persona
971 3308 1083 3350 sua
1141 3308 1288 3351 reus
1334 3286 1681 3371 pepigerit,
1740 3308 1819 3351 ne
1876 3309 1914 3351 a
1966 3286 2338 3350 fideiussore

323 3378 604 3457 petatur,
668 3374 833 3439 nihil
885 3375 948 3439 id
1005 3376 1310 3460 prodesse
1365 3375 1721 3440 fideiussori
1776 3375 2035 3458 quidam
2088 3376 2339 3457 putant,

324 3484 714 3547 quamquam
770 3463 836 3528 id
881 3464 976 3529 rei
1021 3463 1311 3546 intersit,
1354 3465 1506 3548 quia
1551 3486 1624 3528 ea
1674 3463 1928 3527 demum
1977 3467 2338 3546 competere

323 3551 386 3615 ei
432 3551 660 3618 debeat
706 3553 1013 3637 exceptio,
1058 3575 1220 3637 quae
1266 3556 1330 3617 et
1376 3575 1503 3619 reo.
