2575 3900
324 169 457 234 226
500 168 593 226 Π.
624 169 1055 225 VESPASIANI
1082 170 1229 224 ΤΙΤῙ
1255 168 1641 225 DOMITIANI
1669 169 1886 226 TEMP.
1913 170 2110 226 IURIS
2138 169 2284 227 CON
2290 173 2350 227 S.

1066 348 1154 404 Dc
1188 350 1300 419 lcqe
1335 348 1617 405 Falcidia.

505 459 567 523 8.
617 457 695 522 D.
716 459 821 544 35,
838 460 900 541 2,
918 460 1024 525 49.
1087 458 1270 524 Idem
1307 456 1427 547 (sc.
1460 457 1729 544 Paulus)
1764 458 1932 524 libro
1972 458 2352 525 duodecimo

331 548 412 613 ad
449 546 777 613 Plautium
801 508 910 633 (P.
946 545 1167 635 1188).
1213 585 1299 595 —
1347 546 1660 613 Plautius,
1734 546 1950 627 Serm,
1996 570 2188 634 quem
2223 549 2353 613 tibi

326 639 720 740 legaveram,
763 636 1036 701 fundum
1082 638 1318 722 legavi.
1409 638 1756 701 Atilicinus
1801 635 2022 702 Nerva
2067 635 2350 701 Sabinus

324 727 608 812 primum
661 727 732 790 in
788 747 973 791 servo
1027 727 1347 791 rationem
1403 726 1568 811 legis
1613 724 1938 791 Falcidiae
1982 726 2352 791 habendam

327 821 392 882 et
435 819 635 902 quota
677 836 833 899 pars
880 836 959 879 ex
1004 836 1081 879 eo
1130 816 1491 898 decederet,
1541 836 1684 880 eam
1727 820 1984 899 partem
2029 815 2100 880 in
2141 813 2350 879 fundo

325 906 544 990 legato
598 904 897 969 inutilem
949 902 1262 989 futuram,
1318 903 1544 969 deinde
1600 925 1678 968 ex
1730 903 1994 989 reliquis
2049 904 2350 988 partibus

326 994 509 1059 fundi
563 994 727 1079 legis
774 991 1098 1057 Falcidiae
1151 993 1517 1077 portionem
1572 993 2003 1076 decessuram,
2057 991 2229 1057 sicut
2271 1014 2352 1056 ex

327 1083 629 1148 omnibus
674 1081 929 1166 legatis.
1018 1079 1309 1165 Cassius,
1367 1081 1538 1167 quod
1586 1102 1771 1146 servo
1817 1103 1970 1166 pars
2015 1083 2158 1166 lege
2204 1080 2352 1145 Fal-

326 1172 497 1238 cidia
532 1170 814 1254 decedat,
857 1170 1142 1254 incipere
1180 1191 1434 1235 servum
1470 1171 1611 1235 fieri
1649 1191 2055 1235 communem
2089 1169 2350 1235 heredis

328 1266 393 1326 et
446 1258 776 1346 legatarii,
829 1260 1154 1324 communi
1206 1262 1426 1323 autem
1481 1281 1668 1324 servo
1716 1281 1860 1324 cum
1906 1260 2198 1345 legatum
2245 1260 2352 1340 sit,

326 1355 541 1416 totum
594 1350 921 1431 pertinere
973 1348 1055 1412 ad
1100 1350 1374 1427 socium,
1427 1349 1578 1432 quia
1621 1345 1691 1411 in
1737 1370 1815 1413 ea
1857 1369 2136 1431 persona
2177 1347 2350 1413 sola¹

326 1440 619 1524 legatum
667 1436 1013 1502 consistere
1058 1438 1296 1520 possit,
1344 1459 1470 1522 qua
1505 1438 1756 1501 ratione
1795 1437 1991 1501 semel
2029 1458 2108 1501 ex
2146 1435 2350 1501 fundo

326 1532 577 1612 partem
622 1526 784 1610 legis
830 1523 1152 1591 Falcidiae
1201 1526 1625 1591 decessuram.

913 1709 1009 1767 De
1040 1710 1504 1783 possessionibus
1549 1710 1767 1783 leyatiS.

508 1825 595 1892 9?
649 1824 729 1891 D.
758 1826 862 1911 50,
896 1828 994 1909 16,
1019 1829 1117 1893 78.
1192 1827 1434 1892 Paulus
1471 1828 1640 1891 libro
1678 1825 1871 1893 tertio
1909 1828 1989 1892 ad
2025 1826 2350 1893 Plautium

330 1914 431 2002 (P.
474 1913 690 2002 1088).
736 1953 821 1963 -
870 1914 1202 1982 Interdum
1256 1915 1722 2000 proprietatem
1780 1938 2031 2003 quoque
2085 1916 2351 1982 verbum

328 2005 756 2091 possessionis
821 2006 1169 2090 significat,
1234 2009 1403 2071 sicut
1463 2006 1531 2069 in
1599 2029 1673 2072 eo
1740 2007 1854 2090 qui
1905 2007 2350 2091 possessiones

330 2117 479 2160 suas
524 2097 835 2180 legasset,
878 2116 1257 2178 responsum
1305 2100 1422 2160 est.

1071 2278 1165 2337 De
1207 2282 1357 2337 veste
1402 2279 1607 2352 leyata.

509 2398 611 2462 10.
656 2394 736 2461 D.
767 2397 872 2480 34,
899 2397 961 2476 2,
989 2398 1048 2463 8.
1129 2396 1307 2461 Idem
1358 2393 1471 2481 (sc.
1507 2393 1783 2481 Paulus)
1831 2396 2001 2462 libro
2047 2419 2221 2463 nono
2269 2397 2352 2462 ad

330 2485 660 2551 Plautium
706 2484 806 2574 (P.
846 2485 1067 2572 1171).
1115 2522 1199 2532 —
1247 2485 1568 2550 Plautius·
1649 2485 1882 2550 Mulier
1935 2486 2030 2550 ita
2077 2486 2348 2572 legavit.

330 2574 644 2662 quisquis
662 2576 846 2641 .mihi
883 2574 1068 2639 heres
1105 2575 1247 2660 erit,
1284 2573 1497 2639 Titiae
1525 2579 1771 2638 vestem
1799 2596 2010 2639 meam
2037 2576 2353 2640 mundum

331 2670 833 2748 ornamentaque
889 2663 1233 2729 muliebria
1287 2663 1557 2728 damnas
1613 2666 1751 2728 esto
1804 2663 1996 2728 dare'.
2089 2661 2352 2729 Cassius

332 2757 450 2839 ait,
508 2757 562 2820 si
619 2775 751 2818 non
805 2756 1144 2837 appareret
1197 2750 1349 2836 quid
1407 2750 1742 2830 sensisset,
1803 2774 2060 2816 omnem
2106 2757 2354 2818 vestem

332 2843 681 2908 secundum
728 2844 929 2906 verba
973 2841 1350 2907 testamenti
1395 2842 1684 2925 legatam
1728 2840 1948 2905 videri.

513 2948 640 3013 11?
690 2948 767 3013 D.
796 2949 900 3030 34,
929 2950 987 3033 2,
1018 2950 1077 3013 7.
1159 2948 1399 3013 Paulus
1433 2947 1600 3012 libro
1639 2950 1868 3012 octavo
1908 2947 1989 3012 ad
2023 2946 2355 3013 Plautium

332 3037 433 3124 (P.
473 3035 695 3124 1155).
752 3073 835 3082 -
884 3000 987 3100 ''Si
1026 3038 1121 3101 ita
1183 3041 1357 3102 esset
1417 3037 1733 3122 legatum.
1800 3035 2068 3102 vestem
2125 3059 2355 3118 meam,

335 3131 679 3212 argentum
717 3148 931 3190 meum
969 3126 1239 3191 damnas
1278 3132 1419 3191 esto
1454 3123 1649 3208 dare’,
1684 3125 1751 3190 id
1777 3128 2067 3212 legatum
2095 3121 2355 3208 viderit

335 3216 505 3302 quod
544 3216 917 3280 testamenti
953 3217 1245 3301 tempore
1282 3215 1531 3297 fuisset,
1568 3215 1719 3298 quia
1754 3237 2062 3301 praesens
2098 3219 2354 3299 tempus

334 3328 590 3390 semper
618 3305 1122 3389 intellegeretur,
1157 3306 1213 3370 si
1242 3305 1415 3370 aliud
1446 3305 1978 3387 comprehensum
2007 3326 2141 3369 non
2168 3308 2354 3369 esset.

478 3488 505 3534 1
546 3479 644 3534 Fl.
680 3480 739 3534 in
779 3497 904 3535 eam
939 3496 1254 3550 personam.

477 3557 509 3605 2
552 3552 701 3606 Trib.
740 3551 976 3607 videtur.
