2575 3900
816 196 866 245 6.
911 188 1331 245 IAVOLENUS
1366 188 1662 245 PRISCUS
2113 190 2244 253 417

211 373 513 419 vasorum
558 352 788 417 habuit.
882 352 1186 418 Proculus
1228 373 1367 419 vero
1410 358 1563 418 recte
1607 354 1713 432 ait,
1748 354 1809 419 si
1852 373 2071 419 aeneae
2112 353 2246 436 qui-

213 443 362 507 dem
404 443 555 521 sint,
599 462 725 507 non
771 446 974 507 autem
1022 440 1405 526 Corinthiae,
1448 462 1573 507 non
1621 403 1834 507 deberi.

461 633 556 692 De
599 635 808 694 statuis
849 635 1192 693 marmoreis
1237 638 1291 693 et
1334 635 1403 693 cle
1446 652 1735 693 marmore
1780 635 2002 708 legatis,

402 744 505 810 58.
561 741 640 809 D.
677 744 782 826 32,
828 743 974 815 100,
1017 745 1071 809 1.
1170 742 1514 809 Iavolenus
1580 744 1749 809 libro
1816 744 2094 809 secundo
2163 765 2241 808 ex

207 832 692 919 posterioribus
754 832 1093 897 Labeonis,
1157 866 1241 879 --
1308 832 1491 897 Duae
1563 838 1803 899 statuae
1862 853 2247 898 marmoreae

207 922 475 987 cuidam
535 922 929 1005 nominatim,
991 922 1136 986 item
1200 942 1377 986 omne
1437 943 1713 986 marmor
1767 926 1902 987 erat
1954 922 2244 1005 legatum:

207 1011 468 1076 nullam
546 1015 819 1075 statuam
891 1030 1306 1076 marmoream
1368 1016 1614 1093 praeter
1683 1012 1841 1076 duas
1892 1009 2246 1076 Cascellius

200 1104 403 1183 putat
452 1099 678 1183 deberi,
736 1097 963 1181 Ofilius
1021 1098 1341 1164 Trebatius
1392 1104 1621 1164 contra.
1713 1099 1917 1165 Labeo
1964 1098 2247 1165 Cascellii

208 1188 589 1255 sententiam
624 1188 877 1271 probat,
931 1189 1094 1269 quod
1134 1208 1345 1252 verum
1376 1194 1558 1272 puto,
1611 1190 1764 1271 quia
1806 1190 1964 1253 dicas
2007 1193 2247 1253 statuas

209 1276 480 1361 legando
504 1281 702 1359 potest
746 1278 942 1341 videri
984 1296 1111 1341 non
1141 1282 1401 1360 putasse
1446 1279 1515 1342 in
1558 1298 1865 1342 marmore
1907 1298 1970 1343 se
2009 1281 2248 1343 statuas

211 1367 442 1450 leyme-
873 1459 970 1518 De
1012 1461 1343 1520 testudineis
1392 1461 1610 1534 leyatis.

404 1568 507 1635 59.
582 1567 660 1633 D.
694 1569 847 1633 ibid.
885 1571 926 1650 ξ
964 1568 1022 1632 4.
1079 1606 1164 1615 -
1223 1568 1344 1636 Cui
1405 1570 1739 1635 testudinea
1793 1568 1992 1651 legata
2036 1575 2247 1653 essent,

217 1660 285 1726 ei
349 1659 524 1724 lectos
585 1660 946 1723 testudineos
995 1659 1256 1740 pedibus
1317 1660 1724 1740 inaryentatis
1784 1658 1985 1723 deberi
2043 1659 2247 1724 Labeo

229 1748 560 1815 Trebatius
601 1748 1061 1831 responderunt,
1108 1749 1270 1829 quod
1309 1768 1517 1813 verum
1564 1752 1663 1811 est.
1940 1798 1951 1811 .

917 1929 1012 1990 De
1043 1932 1302 2004 pecunia
1347 1931 1551 2005 leyata.

408 2041 512 2108 60.
559 2038 638 2106 D.
668 2040 772 2124 32,
792 2041 896 2125 30,
914 2039 973 2105 5.
1038 2040 1254 2107 Labeo
1293 2041 1462 2106 libro
1499 2039 1780 2106 secundo
1816 2040 2247 2126 posteriorum

225 2153 268 2196 a
321 2128 629 2196 Iavoleno
685 2131 1200 2212 epitomatorum.
1247 2167 1335 2176 —-
1381 2129 1611 2198 ‘Uxori
1660 2150 1853 2212 meae,
1906 2130 2055 2194 dum
2108 2150 2247 2195 cum

223 2220 357 2302 filio
402 2239 533 2284 meo
584 2217 833 2301 Capuae
876 2219 1008 2304 erit,
1052 2218 1222 2283 heres
1255 2239 1426 2284 meus
1460 2220 1717 2283 ducenta
1753 2217 1918 2284 dato'
1929 2239 1953 2297 ,·
1996 2219 2170 2302 filius
2206 2241 2249 2285 a

223 2313 424 2373 matre
474 2309 779 2390 miyravit.
878 2308 936 2372 si
987 2308 1164 2373 ambo
1220 2307 1472 2390 Capuae
1524 2306 1924 2386 habitassent,
1984 2308 2248 2392 legatum

223 2397 419 2462 matri
470 2395 673 2461 debitu
725 2396 813 2460 iri
853 2397 1103 2477 putavi,
1157 2398 1439 2477 quamvis
1490 2417 1625 2461 una
1668 2416 1793 2460 non
1837 2395 2245 2474 habitassent,-

224 2486 330 2550 sin
383 2489 590 2548 autem
634 2484 704 2547 in
758 2484 939 2550 aliud
987 2486 1396 2567 municipium
1453 2485 1793 2564 transisset,
1848 2485 2037 2550 unius
2090 2487 2249 2550 anni

227 2573 648 2637 tantummodo
701 2572 902 2637 debitu
955 2575 1069 2656 iri,
1120 2593 1238 2655 quo
1291 2595 1423 2639 una
1466 2573 1839 2639 habitassent
1879 2574 2251 2655 quantolibet

229 2666 516 2746 tempore,
588 2660 793 2744 <quod
849 2661 950 2746 et>
999 2661 1319 2726 Trebatius
1380 2666 1487 2727 ait.
1594 2663 1938 2747 videamus,
2002 2683 2089 2726 an
2149 2662 2247 2728 his

224 2750 424 2816 verbis
470 2747 640 2815 ‘dum
684 2769 822 2814 cum
865 2751 998 2834 filio
1044 2748 1295 2834 Capuae
1338 2750 1475 2815 erit’
1513 2750 1711 2835 [non]
1748 2751 2018 2816 condicio
2053 2751 2249 2834 siqni4

223 2842 440 2926 ficetur
502 2838 645 2923 [sed
694 2859 768 2904 ea
818 2840 1129 2922 scriptura
1167 2860 1289 2922 pro
1344 2859 1712 2922 supervacuo
1756 2840 1922 2905 debet
1960 2839 2247 2924 haberiJ:

225 2929 392 3012 quod
431 2949 558 2994 non
589 2927 802 3011 probo.
883 2930 984 2994 sin
1029 2933 1236 2994 autem
1259 2949 1379 3011 per
1414 2930 1729 2994 mulierem
1766 2949 1944 2993 mora
1978 2950 2104 2994 non
2138 2934 2243 3014 est,

224 3039 344 3101 quo
389 3019 599 3083 minus
643 3036 781 3082 cum
824 3017 958 3100 filio
1001 3016 1250 3103 habitet,
1298 3018 1497 3100 leyata
1540 3019 1597 3083 ei
1641 3019 1855 3083 deberi.

405 3106 508 3172 61.
556 3105 633 3172 D.
664 3105 770 3192 33,
799 3106 856 3192 l,
891 3108 988 3171 17.
1060 3105 1278 3172 Labeo
1308 3106 1473 3171 libro
1504 3107 1782 3171 secundo
1812 3105 2241 3190 posteriorum

226 3195 616 3261 a'Iavoleno
664 3195 1183 3280 epitomatorum.
1231 3234 1317 3243 —
1362 3196 1663 3280 Leyatum
1707 3197 1801 3260 ita
1844 3199 1963 3260 est:
2011 3194 2247 3260 ‘Attiae

224 3285 410 3350 donec
451 3285 660 3362 nubat,
704 3285 1156 3367 quinquaqinta
1198 3287 1463 3350 damnas
1507 3289 1628 3350 esto
1666 3283 1835 3349 heres
1870 3304 2040 3349 meus
2072 3283 2241 3349 dare’

225 3393 416 3455 neque
441 3374 818 3456 adscriptum
844 3374 978 3438 est
984 3375 1054 3438 in
1078 3394 1276 3439 annos
1302 3373 1615 3457 singulos'.
1688 3372 1893 3437 Labeo
1927 3372 2245 3438 Trebatius

212 3481 512 3546 praesens
574 3461 836 3544 leyatum
899 3461 1098 3526 deberi
1146 3467 1403 3543 putant,
1465 3462 1573 3526 sed
1620 3462 1841 3526 rectius
1894 3462 2125 3526 dicetur
2178 3461 2249 3524 id

228 3550 491 3635 leyatum
535 3551 604 3614 in
649 3569 847 3615 annos
890 3549 1165 3632 sinyulos
1209 3549 1424 3615 deberi.

335 3662 532 3712 Iurlspr.
559 3666 666 3703 anet
666 3662 796 3703 hadr.
825 3661 923 3702 rell.
952 3661 1022 3702 ed.
1050 3661 1140 3701 Bra
1091 3671 1238 3702 reerm
1239 3661 1361 3713 .11,
1389 3663 1426 3702 2.
1753 3655 1821 3702 27
