2575 3900
1729 112 1739 153 t

825 208 874 256 6.
921 199 1334 257 IAVOLENUS
1370 198 1573 256 PRISC
1582 200 1624 255 U
1628 202 1664 257 S
2123 200 2253 264 429

426 365 567 429 112.
627 364 707 429 D.
749 365 848 449 19,
890 366 946 446 1,
985 364 1062 430 51
1107 390 1199 447 pr.
1279 364 1458 429 Idem
1508 362 1622 450 (sc.
1669 363 2041 447 Iavolenus)
2085 363 2254 428 libro

244 455 469 539 quinto
514 454 943 538 posteriorum
990 476 1029 518 a
1064 452 1371 519 Iavoleno
1420 454 2003 538 empitomatorum.
2053 490 2135 498 —
2186 449 2261 517 Si

239 548 300 609 et
338 564 452 630 per
493 548 817 626 emptorem
862 548 918 608 et
958 544 1327 608 venditorem
1370 562 1549 607 mora
1586 542 1831 623 fuisset,
1886 562 2005 624 quo
2050 542 2261 607 minas

239 634 454 697 vinnm
486 632 859 715 probaretur
893 636 950 697 et
982 633 1341 715 traderetur,
1373 630 1635 713 perinde
1668 652 1793 697 esse
1828 632 1938 709 ait,
1982 631 2168 713 qnasi
2200 631 2260 695 si

228 742 346 805 per
402 726 727 803 emptorem
789 722 985 785 solnm
1049 722 1334 798 stetisset,·
1395 740 1521 784 non
1583 721 1748 784 enim
1799 724 2001 802 potest
2062 719 2260 785 videri

239 831 416 875 mora
479 830 594 892 per
654 810 1023 875 venditorem
1085 810 1339 893 emptori
1397 810 1569 890 facta
1630 830 1756 874 esse
1817 810 1950 894 ipso
2014 828 2258 873 moram

236 900 504 981 faciente
547 904 823 980 emptore.

808 1066 908 1132 De
953 1068 1244 1133 locatione
1287 1068 1689 1133 conductione.
1806 1062 1811 1068 ’

974 1189 1068 1247 De
1109 1190 1294 1263 fwndo
1338 1189 1533 1248 locato,

428 1297 571 1362 113.
617 1242 694 1362 D.
715 1298 818 1381 20,
848 1298 906 1383 6,
937 1299 1038 1363 14.
1111 1298 1329 1363 Labeo
1366 1297 1533 1362 libro
1570 1298 1795 1381 quinto
1826 1298 2256 1380 posteriorum

244 1409 283 1451 a
320 1385 629 1452 Iavoleno
677 1348 1194 1489 epit'omatorum.
1232 1422 1323 1433 -—
1368 1386 1525 1452 Cum
1570 1388 1774 1452 colono
1818 1386 1930 1451 tibi
1971 1388 2263 1470 convenit,

241 1479 315 1539 nt
373 1476 607 1541 invecta
667 1477 1001 1557 importata
1051 1476 1307 1559 piynori
1358 1480 1575 1558 essent,
1640 1476 1825 1539 donec
1876 1496 2098 1541 merces
2152 1478 2263 1542 tibi

241 1564 443 1629 solnta
497 1576 612 1628 aut
657 1564 764 1645 <eo
807 1566 1053 1629 nomine
1061 1564 1141 1649 ,9>
1186 1564 1573 1644 satisfactam
1617 1570 1795 1641 esset,·
1850 1566 2065 1630 deinde
2108 1586 2261 1630 mer-

242 1654 402 1718 cedis
446 1653 692 1717 nomine
725 1654 1140 1735 fideiussorem
1175 1673 1218 1716 a
1252 1654 1458 1718 colono
1494 1654 1791 1733 accepisti.
1871 1652 2261 1735 satisfactum

246 1742 358 1806 tibi
400 1742 597 1806 videri
641 1743 920 1806 existimo
964 1748 1022 1806 et
1065 1742 1196 1806 ideo
1239 1742 1425 1807 illata
1456 1742 1715 1825 piynori
1757 1762 1879 1806 esse
1921 1743 2158 1807 desisse.

426 1831 570 1895 114.
625 1828 705 1895 D.
747 1830 854 1907 19,
894 1831 964 1911 2,
1003 1830 1116 1913 60,
1156 1832 1214 1895 5.
1323 1829 1541 1894 Labeo
1604 1830 2036 1914 posteriorum
2092 1832 2260 1897 libro

242 1920 469 2002 quinto
519 1941 557 1984 a
602 1918 906 1985 Iavoleno
954 1920 1472 2003 epitomatorum.
1525 1957 1599 1966 —
1656 1920 1921 1985 Messem
1964 1920 2035 1985 in
2076 1921 2261 2003 spicis

245 2006 562 2074 cessante¹
607 2009 832 2091 colono,
876 2029 1014 2073 cnm
1059 2008 1331 2074 alienam
1371 2029 1493 2074 esse
1526 2029 1652 2074 non
1688 2011 2019 2093 iynorares‚
2062 2015 2263 2075 susta-

247 2098 390 2162 listi.
495 2099 798 2163 condicere
865 2098 976 2162 tibi
1027 2098 1412 2180 frumentum
1464 2099 1786 2163 dominum
1826 2119 2007 2180 posse
2061 2099 2262 2165 Labeo

243 2187 363 2269 ait,
419 2191 476 2250 et
526 2191 598 2251 ut
648 2188 718 2252 id
764 2187 986 2270 faeiat,
1039 2187 1319 2252 colonum
1371 2208 1443 2252 ex
1494 2188 1778 2252 conducto
1824 2207 1962 2252 enm
2016 2189 2261 2253 domino

245 2279 546 2339 acturum.

428 2363 571 2428 115.
610 2361 688 2427 Ι).
711 2363 865 2428 ibid.
886 2366 925 2444 ξ
953 2366 1003 2430 l.
1030 2400 1106 2411 -—
1137 2363 1438 2430 Heredem
1464 2365 1677 2446 coloni,
1703 2365 1989 2445 quamvis
2013 2365 2261 2430 colonas

243 2471 372 2515 non
416 2457 518 2530 est,
563 2451 758 2516 nihilo
804 2454 1013 2518 minus
1042 2454 1303 2518 ‘domino
1334 2455 1648 2536 possidere
1690 2453 1985 2518 existimo.

936 2653 1030 2711 De
1076 2655 1314 2712 aedibus
1358 2655 1571 2712 locatis.

435 2761 576 2827 116.
612 2760 693 2826 D.
718 2761 815 2844 19,
837 2762 896 2846 2,
917 2762 1002 2827 60
1017 2785 1136 2846 pr.
1156 2761 1374 2828 Labeo
1401 2763 1829 2847 posteriorum
1848 2762 2015 2827 libro
2036 2763 2262 2847 quinto

245 2873 286 2914 a
352 2846 656 2915 Iavoleno
723 2813 1236 2934 epitomatorum.
1306 2889 1383 2898 -
1456 2849 1611 2916 &tm
1672 2852 1743 2916 in
1791 2852 2008 2934 plnres
2066 2872 2265 2918 annos

241 2940 467 3004 domus
514 2940 711 3004 locata
754 2944 865 3023 est,
906 2945 1231 3023 praestare
1276 2942 1502 3006 locator
1544 2941 1731 3020 debet,
1782 2944 1855 3004 nt
1894 2961 2021 3005 non
2064 2941 2265 3006 solum

239 3027 528 3092 habitare
581 3029 903 3094 conductor
946 3050 1021 3093 ecc
1063 3029 1334 3095 calendis
1378 3029 1555 3094 Iuliis
1596 3032 1883 3112 cuiusque
1924 3032 2109 3112 anni,
2161 3032 2268 3096 sed

241 3119 437 3181 etiam
473 3118 671 3183 locare
704 3117 1038 3183 habitatori
1071 3121 1128 3183 si
1161 3119 1307 3183 velit
1337 3139 1448 3183 sno
1486 3124 1744 3201 tempore
1770 3120 1982 3201 possit.
2060 3121 2267 3203 itaque

246 3207 310 3270 si
371 3226 444 3270 ea
504 3209 720 3272 domus
781 3227 856 3272 ex
915 3207 1194 3272 kalendis
1245 3207 1578 3272 Ianuariis
1634 3208 1801 3288 fulta
1853 3209 1923 3272 in
1974 3207 2267 3274 kalendas

249 3293 460 3360 Iulias
505 3297 987 3381 permansisset,“
1033 3298 1124 3361 ita
1176 3301 1248 3360 at
1298 3317 1405 3360 nec
1456 3296 1729 3361 habitare
1779 3298 2105 3379 qnisquam
2158 3317 2265 3362 nee

246 3384 558 3448 ostendere
609 3385 801 3450 alicui
844 3391 1070 3468 posset,
1121 3385 1283 3448 nihil
1338 3385 1588 3450 locatori
1631 3387 2045 3450 conductorem
2076 3407 2263 3468 prae·

394 3581 422 3628 1
464 3574 559 3630 Fl.
595 3575 942 3646 inspiciente.
