2575 3900
998 179 1047 227 3.
1089 168 1520 227 OCTAVENUS
2129 171 2259 234 211

1086 419 1099 432 .
1132 419 1144 432 .
1175 421 1187 433 .
1234 373 1430 433 libri.

426 500 505 559 cf.
531 498 789 559 Ferrini:
831 497 1186 558 Bendiconti
1213 497 1311 557 del
1345 498 1493 557 istit.
1513 496 1720 557 Lomb.
1737 497 1894 557 serie
1911 497 1976 557 Π
2004 499 2118 558 vol.
2136 497 2265 559 XX.

247 589 465 649 Libros
538 586 903 648 Octavenum
983 585 1386 663 composuisse
1462 586 1821 661 Pomponius
1906 578 2016 667 (D.
2062 588 2176 660 30,
2225 590 2262 647 9

248 673 612 737 ‘Octavenus
675 666 971 757 scripsit')
1035 677 1097 734 et
1158 674 1450 750 Ulpianus
1516 669 1615 753 (D.
1661 677 1726 752 9,
1771 677 1836 753 2,
1881 677 1990 752 27,
2035 677 2138 735 25.
2179 677 2264 735 26

247 760 608 826 ‘Octavenus
663 808 679 824 .
707 809 723 825 .
776 764 963 825 adicit
1018 807 1034 824 .
1061 808 1076 823 .
1105 810 1120 825 .
1174 763 1334 823 idem
1390 811 1403 825 .
1435 809 1447 822 .
1476 809 1489 823 .
1549 755 1812 845 scribit')
1857 763 1948 823 ita
1989 764 2266 839 probant,

246 858 316 913 ut
376 873 567 931 neque
620 872 837 913 nomen
888 871 1079 928 neque
1134 853 1554 929 argumentum
1608 855 1896 927 appareat
1949 870 2020 911 ac
2069 871 2148 913 ne
2200 852 2266 911 id

246 944 487 1020 quidem
533 944 943 1017 cognoscatur,
989 943 1191 1000 utrum
1234 943 1410 1017 plura
1455 941 1742 1016 opuscula
1778 960 1856 1000 an
1889 959 2076 1001 unum
2113 960 2268 1018 opus

245 1030 659 1107 composuerit.
724 1030 798 1089 cf.
818 1029 1101 1090 Karlowa
1126 1029 1175 1105 L
1198 1032 1344 1090 702.
1405 1028 1566 1105 quod
1603 1029 1657 1089 si
1684 1048 1872 1089 unum
1899 1048 2048 1104 opus
2072 1030 2267 1090 fuisse

246 1123 615 1195 statuamuS,
670 1118 936 1178 eiusdem
986 1117 1115 1177 fere
1166 1118 1229 1177 id
1282 1118 1520 1195 generis
1563 1117 1751 1177 fnisse
1797 1120 2264 1178 consentaneum

243 1212 353 1283 est,
393 1210 569 1283 atque
601 1207 831 1266 Plautii
868 1197 951 1288 (v.
980 1205 1138 1266 infra
1172 1225 1228 1281 p.
1260 1198 1438 1287 219),
1477 1225 1612 1265 eum
1647 1225 1767 1267 non
1802 1206 1978 1267 modo
2015 1207 2090 1266 de
2123 1206 2264 1266 iure

244 1296 433 1369 civili,
486 1296 589 1355 sed
643 1295 826 1357 etiam
874 1296 951 1355 de
994 1294 1122 1353 iure
1168 1294 1486 1355 honorario
1529 1294 1761 1355 dictum
1806 1294 1904 1355 sit.
1991 1299 2262 1355 ceterum

243 1385 499 1445 aliorum
541 1384 869 1445 sententias
905 1381 1277 1443 Oeta-venum
1312 1384 1622 1443 rettulisse
1657 1385 1722 1443 et
1758 1384 2124 1443 examinasse
2161 1383 2263 1443 his

242 1474 388 1533 locis
416 1474 861 1549 comprobatur:
891 1472 963 1531 D.
986 1474 1043 1550 7,
1068 1474 1251 1551 8,12,
1272 1475 1310 1533 6
1341 1466 1522 1531 ‘idem
1549 1474 1612 1531 et
1631 1469 1969 1532 Octavenus
1997 1466 2257 1548 probat’.

242 1563 314 1622 fr.
344 1561 583 1621 Dosith.
615 1564 694 1621 12
735 1555 913 1623 ‘sieut
950 1564 1013 1619 et
1050 1558 1390 1621 Octavenus
1427 1554 1684 1637 probat'.
1758 1560 1832 1620 D.
1863 1562 1968 1637 40,
1998 1563 2054 1632 9,
2086 1562 2190 1639 30,
2217 1564 2255 1620 2

244 1645 424 1711 ‘idem
462 1648 801 1711 Octavenus
842 1650 1062 1726 probat
1104 1652 1169 1709 et
1214 1642 1437 1709 adicit'.
1520 1649 1593 1708 D.
1623 1650 1680 1727 9,
1712 1650 1770 1724 2,
1797 1651 1903 1724 27,
1933 1651 2016 1710 25
2057 1644 2258 1709 ‘Octa-

240 1758 429 1801 venus
478 1787 489 1799 .
520 1786 531 1798 .
565 1786 577 1798 .
624 1732 849 1799 adicit'.

929 1882 984 1938 1.
1038 1878 1145 1938 Ad
1188 1879 1304 1938 ius
1349 1878 1577 1939 civile.

750 1990 849 2056 De
891 1990 1105 2074 leyatis
1147 1994 1205 2055 et
1242 1989 1744 2072 fideicommissis.

422 2100 474 2162 1.
522 2096 601 2163 D.
621 2097 726 2181 30,
745 2098 805 2160 9.
882 2094 1059 2160 Idem
1106 2091 1222 2184 (sc.
1248 2094 1670 2180 Pomponius)
1716 2095 1885 2160 libro
1932 2096 2124 2160 tertio
2172 2096 2255 2162 ad

237 2185 551 2252 Sabinum
598 2183 696 2267 (P.
722 2181 903 2271 419).
951 2220 1027 2233 —-
1077 2184 1154 2249 Id
1202 2185 1373 2268 quod
1418 2183 1587 2267 apud
1632 2183 1856 2248 hostes
1904 2189 2004 2249 est
2048 2184 2253 2268 legari

232 2297 429 2360 posse
466 2273 828 2338 Oetavenus
876 2273 1137 2358 scripsit
1181 2282 1247 2337 et
1287 2272 1673 2357 postliminii
1711 2272 1848 2337 iure
1886 2273 2251 2338 consistere.

414 2369 486 2428 cf.
517 2367 773 2427 Sabinus
807 2366 878 2426 D.
912 2369 1013 2444 30,
1046 2368 1190 2443 104,
1219 2369 1276 2425 2.
1335 2367 1408 2425 de
1443 2367 1644 2444 legato
1673 2384 1780 2442 per
1808 2365 2251 2426 damnationem

234 2457 523 2534 Sabinus,
568 2454 908 2516 Octavenus
954 2456 1026 2514 de
1070 2456 1273 2532 legato
1319 2473 1427 2530 per
1468 2452 1934 2516 vindicationem
1978 2455 2080 2514 ait.

412 2550 472 2614 2.
526 2547 629 2626 ,Π
674 2549 778 2626 36,
830 2549 884 2626 1,
930 2547 1014 2612 69
1036 2568 1129 2632 pr.
1234 2545 1480 2610 Valens
1553 2545 1719 2610 libro
1783 2545 1979 2610 tertio
2042 2547 2247 2612 Fidei-

232 2639 724 2704 commissorum
768 2634 864 2722 (P.
898 2632 1028 2722 12).
1075 2671 1159 2682 —
1204 2632 1271 2699 Si
1316 2634 1685 2718 postulante
1732 2656 1834 2698 me
1881 2638 2246 2718 suspectam

230 2726 659 2798 hereditatem
696 2747 772 2789 ex
808 2725 1057 2790 decreto
1096 2722 1416 2809 praetoris
1455 2722 1688 2786 adieris
1723 2743 1839 2786 nec
1866 2743 1988 2808 ego
2017 2727 2246 2807 postea

229 2838 380 2882 eam
426 2814 589 2879 mihi
632 2813 890 2878 restitui
934 2811 1130 2877 velim
1172 2832 1292 2876 nec
1337 2811 1523 2875 bonis
1561 2833 1663 2875 me
1697 2811 2075 2894 immiscere,
2121 2811 2246 2876 hoc

227 2905 372 2970 fieri
411 2903 617 2981 debet,
652 2905 744 2986 ut,
782 2900 953 2987 quod
988 2900 1316 2966 Octaveno
1354 2949 1403 2965 ..
1425 2949 1440 2965 .
1477 2899 1832 2978 videbatur,
1870 2922 1908 2963 a
1944 2904 2244 2985 praetore

227 2993 495 3078 perinde
551 2991 837 3057 actiones
882 2990 948 3055 in
994 3011 1097 3054 me
1143 2989 1401 3072 dentur,
1456 3011 1529 3054 ae
1577 2990 1631 3052 si
1677 2988 2100 3054 hereditatem
2146 3011 2242 3054 re·

229 3082 563 3167 cepissem.
1652 3098 1657 3102 ·

196 3177 203 3184 ’
408 3175 633 3235 Valens
679 3172 847 3232 addit
890 3167 1074 3249 ‘quod
1120 3176 1213 3232 est
1255 3166 1513 3232 iustius'.

901 3325 1000 3392 De
1044 3323 1312 3392 libertate
1353 3327 1579 3391 relicta.

409 3437 469 3502 3.
543 3434 621 3501 D.
656 3435 763 3518 40,
797 3434 858 3511 4,
896 3435 999 3513 61,
1035 3435 1093 3497 2.
1200 3432 1592 3516 Pomponius
1663 3433 1830 3497 libro
1901 3432 2236 3497 undecimo

234 3525 675 3610 Epistularum
722 3522 817 3610 (P.
846 3519 1023 3608 200).
1074 3557 1149 3568 -
1200 3569 1215 3585 .
1245 3570 1260 3586 .
1309 3521 1672 3586 Octavenus
1717 3521 1950 3604 aiebat,
1994 3521 2049 3585 si
2093 3521 2237 3604 quis

1710 3623 1816 3677 14*
