2575 3900
326 180 454 244 196
488 180 580 236 111.
602 179 754 234 GAII
774 178 1062 234 CLAUDII
1082 177 1351 233 NERON.
1375 177 1663 233 GALBAE
1685 178 1897 234 ΤΕΜΡ.
1917 178 2111 234 IURIS
2133 178 2275 233 CON
2279 178 2334 233 S.

1156 400 1372 459 Liber
1416 400 1494 461 II.

927 510 1027 577 De
1072 512 1449 576 ornamentis
1495 512 1721 593 leyatis.

499 618 555 683 1.
612 617 689 682 D.
740 618 843 701 34,
891 618 952 699 2,
999 617 1057 682 5.
1158 616 1504 689 Africanus
1568 617 1734 682 libro
1793 617 2069 683 seeundo
2128 616 2334 693 Quae-

317 706 599 772 stionum
646 702 745 792 (P.
778 703 911 792 11).
944 742 1033 753 -—
1068 706 1261 790 Apud
1301 706 1620 771 Fufidium
1657 704 2116 781 Quaestionum
2165 707 2332 773 libro

318 795 592 861 seeundo
639 795 735 859 ita
780 797 1092 878 seriptum
1142 798 1268 860 est:
1312 797 1371 861 si
1413 796 1637 860 mulier
1671 796 2061 861 mandaverit
2094 794 2221 878 tibi,
2265 800 2338 860 nt

314 884 435 949 sibi
487 885 747 949 uniones
798 904 951 949 usus
1002 885 1106 949 sui
1158 905 1348 949 causa
1392 904 1638 963 emereS,
1692 885 1750 949 si
1795 890 1861 947 tu
1898 890 2042 965 post
2083 888 2336 949 mortem

316 973 474 1058 eine,
526 993 665 1037 cum
692 977 967 1075 pistores
1018 993 1165 1037 eam
1195 975 1418 1057 vivere,
1473 974 1718 1058 emeris,
1770 973 2112 1039 Atilicinus
2155 978 2336 1055 neyat

316 1080 439 1126 esse
476 1062 700 1143 leyatos
734 1062 806 1140 ei,
850 1062 954 1129 eui
987 1062 1211 1126 mulier
1245 1065 1339 1126 ita
1377 1063 1686 1145 legaverit.-
1733 1060 2138 1145 ‘ornamenta‚
2181 1082 2336 1143 quae

315 1171 452 1214 mea
505 1170 694 1217 causa
740 1155 978 1232 parata
1029 1156 1174 1215 sunt
1227 1150 1529 1216 eruntve'·
1506 1200 1522 1228 ‚
1593 1170 1719 1215 non
1763 1152 1926 1215 enim
1970 1153 2101 1215 eius
2144 1171 2336 1215 causa

314 1240 512 1304 videri
555 1244 790 1321 parata
842 1258 991 1317 esse,
1044 1260 1200 1322 quae
1252 1241 1384 1304 iam
1437 1244 1682 1305 mortua
1723 1260 1796 1303 ea
1840 1244 2039 1321 empta
2081 1240 2334 1320 fixerint.

1052 1421 1133 1475 Ex
1169 1422 1396 1476 incertis
1433 1422 1607 1477 libris.

678 1522 778 1587 De
821 1542 989 1587 servo
1024 1524 1284 1606 proprio
1329 1523 1539 1588 herede
1582 1524 1969 1588 instituendo,

495 1639 554 1703 2.
604 1636 743 1702 Gai.
774 1638 833 1721 2,
876 1637 1017 1702 154.
1052 1674 1129 1685 --
1173 1688 1187 1703 .
1218 1688 1232 1703 .
1274 1639 1384 1722 qui
1423 1638 1764 1703 facultates
1803 1661 1952 1703 suas
2001 1641 2332 1722 suspectas

316 1726 542 1810 habet,
616 1726 782 1791 solet
855 1747 1109 1790 servum
1182 1750 1369 1790 suum
1435 1728 1644 1810 primo
1711 1730 1824 1791 aut
1887 1726 2168 1791 seeundo
2233 1728 2333 1791 vel

318 1816 515 1879 etiam
569 1814 873 1879 ulteriore
932 1815 1134 1899 gradu
1189 1814 1464 1878 liberum
1522 1820 1589 1880 et
1637 1815 1932 1880 heredem
1978 1816 2334 1901 instituere,

318 1909 391 1969 ut
438 1903 495 1967 si
540 1901 962 1968 creditoribus
1011 1904 1171 1967 satis
1218 1924 1348 1968 non
1394 1903 1539 1989 fiat,
1584 1905 1800 1988 potius
1847 1904 2036 1969 huius
2083 1903 2334 1969 heredis

319 2015 511 2078 quam
570 1992 774 2077 ipsius
830 1993 1155 2056 testatoris
1202 1992 1372 2056 bona
1417 1998 1717 2077 veneant,
1772 1993 1837 2058 id
1885 1997 1983 2058 est
2028 2000 2101 2057 ut
2147 1995 2334 2077 igno-

322 2081 521 2144 minia
558 2101 719 2164 quae
758 2080 991 2145 accidit
1028 2102 1103 2144 ex
1141 2081 1509 2146 venditione
1547 2083 1880 2164 bonorum,
1915 2083 2086 2148 hune
2115 2082 2334 2166 potius

316 2169 617 2234 heredem
657 2190 849 2252 quam
886 2168 1100 2252 ipsum
1139 2173 1517 2235 testatorem
1555 2171 1908 2256 contingat,
1946 2192 2335 2255 quamquam

320 2257 489 2342 apud
544 2256 864 2321 Fufidium
927 2256 1163 2323 Sabino
1221 2260 1476 2343 placeat
1539 2261 1939 2324 eximendum
1997 2281 2140 2324 eum
2195 2281 2334 2324 esse

317 2347 708 2432 ignominia,
772 2347 923 2430 quia
974 2369 1102 2412 non
1160 2369 1275 2412 suo
1333 2347 1516 2432 vitio,
1573 2348 1684 2412 sed
1739 2349 2123 2414 necessitate
2178 2349 2335 2413 iuris

318 2436 631 2500 bonorum
681 2435 1112 2501 venditionem
1158 2441 1502 2522 pateretur.

572 2604 673 2670 De
715 2607 1198 2671 manumissione
1230 2627 1350 2688 per
1393 2607 1730 2670 vindictam
1770 2606 2078 2687 facienda.

494 2721 551 2785 3.
614 2720 690 2784 D.
736 2721 850 2800 40,
896 2723 965 2802 2,
1007 2721 1111 2786 25.
1218 2719 1421 2785 Gaius
1481 2721 1645 2787 libro
1705 2721 1914 2805 primo
1975 2721 2051 2785 de
2111 2743 2336 2785 manu·-

318 2809 736 2874 missionibus
781 2807 881 2896 (P.
908 2805 1089 2894 477).
1139 2847 1207 2855 —
1265 2807 1333 2873 Si
1380 2811 1613 2874 tutoris
1658 2809 1940 2875 habendi
1987 2831 2184 2874 causa
2219 2833 2334 2894 pu-

214 2944 217 2949 ·
317 2896 512 2980 pillus
549 2900 986 2980 manumittat,
1022 2899 1390 2980 probationi
1430 2920 1569 2962 esse
1608 2920 1868 2964 eausam
1897 2898 2187 2963 Fufidius
2225 2900 2334 2964 ait.

497 3007 623 3068 Gai.
659 3012 714 3085 1,
744 3010 845 3068 38.
906 3003 1135 3067 ‘eadem
1173 3011 1309 3086 lege
1349 3003 1457 3090 (se.
1487 3010 1662 3069 Aelia
1701 3002 1934 3091 Sentis.)
1972 3010 2188 3070 minori
2224 3011 2338 3070 XX

318 3116 609 3156 annorum
647 3097 882 3156 domino
918 3117 1036 3157 non
1074 3099 1249 3157 aliter
1284 3101 1704 3158 manumittere
1733 3099 2116 3176 permittitur,
2154 3118 2336 3176 quam

316 3186 583 3245 vindicta.
640 3185 801 3260 apud
864 3185 1173 3246 eonsilium
1237 3187 1401 3247 iusta.
1462 3207 1642 3247 eausa
1696 3188 2174 3248 manumissionis
2231 3188 2336 3247 ad-

318 3275 585 3351 probata.
683 3274 878 3334 iustae
942 3279 1143 3336 autem
1198 3295 1412 3336 causae
1467 3278 1946 3337 manumissionis
2001 3281 2142 3337 sunt
2186 3323 2200 3338 .
2240 3321 2255 3338 .
2295 3271 2330 3338 .’

318 3382 468 3438 quas
540 3364 697 3423 inter
768 3383 977 3425 causas
1049 3366 1195 3425 haee
1254 3368 1412 3439 erat,
1487 3359 1562 3424 ‘si
1626 3385 1862 3428 servum
1925 3366 2334 3442 procuratoris

316 3452 573 3512 habendi
608 3454 806 3531 gratia
842 3448 1246 3513 manumittat'
1291 3449 1447 3532 (Gai.
1480 3458 1535 3530 1,
1568 3448 1695 3536 19),
1734 3458 1831 3514 eui
1859 3455 2127 3514 Fufidius
2164 3455 2334 3514 illam

318 3541 614 3620 adiunxit,
660 3536 738 3602 ‘si
782 3545 1003 3603 tutoris
1050 3543 1308 3601 habendi
1354 3561 1531 3603 eausa
1577 3537 2007 3605 manumittat'.
