2575 3900
320 214 457 280 344
523 214 589 272 v.
626 212 927 269 NERVAE
964 213 1059 269 ΕΤ
1098 213 1404 270 ‘rafim
1437 183 1652 270 TEMP.
1690 214 1882 271 Imus
1903 213 2276 273 oonsmxn

326 401 583 445 servum
620 377 908 444 vendidit
944 381 1011 442 et
1046 376 1385 444 tradiderit
1419 378 1760 464 peculium,
1795 400 1876 443 ne
1903 379 2078 445 intra
2105 402 2346 466 annum

326 468 586 554 quidem
644 467 720 532 de
765 466 1016 551 peculio
1065 467 1508 552 convenietur3
1563 488 1768 552 neque
1813 469 1984 533 enim
2030 468 2156 534 hoe
2201 491 2346 555 pre-

330 559 493 624 tium
540 555 709 622 servi
755 555 1076 641 peculium
1124 558 1249 640 est,
1296 560 1370 621 ut
1417 554 1722 622 Neratius
1769 557 2045 643 scripsit.

508 646 612 711 23.
656 643 737 710 D.
770 645 871 730 19,
903 643 962 730 1,
993 644 1096 729 11,
1127 645 1184 709 7.
1254 642 1437 710 Idem
1481 642 1598 732 (sc.
1636 643 1954 730 Ulpianus
2029 647 2196 713 libro
2233 648 2348 713 tri·

325 735 629 824 gensimo
670 733 946 799 seeundo
986 732 1064 798 ad
1106 732 1386 798 edietum
1425 730 1528 821 (Ρ.
1563 731 1744 822 931).
1787 771 1864 782 -
1969 735 2350 818 enditorem,

332 825 591 890 etiamsi
634 823 943 908 ignorans
988 821 1366 907 vendiderit,
1411 823 1764 908 fugitivum
1808 846 1941 890 non
1987 845 2127 890 esse
2163 847 2348 910 prae-

330 919 505 979 stare
553 910 829 997 emptori
873 915 1175 996 oportere
1219 909 1526 976 Neratius
1574 913 1684 977 ait.

505 1002 612 1067 24.
656 999 821 1066 Ibid.
858 1002 898 1082 §
928 1000 987 1065 8.
1038 1036 1113 1048 -
1163 997 1345 1064 Idem
1391 999 1718 1080 Neratius,
1764 1003 2020 1067 etiamsi
2066 1003 2350 1084 alienum

331 1112 589 1157 servum
642 1088 1031 1170 vendideris,
1082 1088 1273 1153 furtis
1329 1089 1641 1174 noxisque
1688 1092 1970 1156 solutum
2014 1096 2348 1176 praestare

328 1186 395 1246 te
443 1179 675 1244 debere
721 1178 803 1242 ab
851 1177 1153 1242 omnibus
1204 1180 1532 1262 receptum
1579 1178 1698 1262 ait,
1744 1183 1810 1244 et
1856 1201 1933 1244 ex
1980 1186 2198 1266 empto
2247 1203 2348 1246 ae-

327 1269 575 1334 tionem
623 1288 783 1350 esse,
826 1270 903 1330 ut
945 1266 1183 1330 habere
1220 1264 1416 1331 licere
1454 1269 1730 1352 emptori
1767 1271 2089 1346 caveatur,
2135 1270 2244 1334 sed
2285 1275 2353 1334 et

329 1362 405 1423 ut
448 1351 747 1421 tradatur
793 1356 852 1419 ei
896 1355 1241 1440 possessio.

506 1444 613 1512 25.
656 1443 821 1510 Ibid.
866 1445 909 1526 ξ
936 1444 998 1508 9.
1042 1480 1124 1490 -
1174 1441 1353 1509 Idem
1400 1444 1494 1510 ait
1538 1464 1672 1509 non
1716 1444 2078 1512 tradentem
2124 1446 2352 1531 quanti

329 1534 589 1600 intersit
635 1532 1079 1618 condemnari3
1134 1532 1294 1597 satis
1343 1537 1556 1598 autem
1602 1554 1737 1599 non
1782 1534 2071 1616 dantem,
2123 1536 2352 1618 quanti

328 1624 682 1709 plurimum
730 1626 1057 1688 auctorem
1102 1621 1462 1707 periclitari
1509 1626 1788 1706 oportet.

506 1713 611 1778 26.
680 1709 845 1776 Ibid.
899 1714 939 1792 ξ
982 1711 1083 1776 10.
1146 1745 1231 1756 --
1264 1754 1267 1758 -
1295 1709 1475 1776 Idem
1538 1709 1846 1776 Neratius
1921 1712 2015 1777 ait
2086 1717 2352 1797 propter

330 1801 550 1868 omnia
602 1801 763 1865 haee
820 1801 980 1864 satis
1034 1819 1176 1864 esse
1232 1800 1404 1881 quod
1456 1799 1809 1883 plurimum
1865 1804 1965 1866 est
2011 1802 2354 1887 praestari,

332 1890 400 1957 id
439 1895 540 1956 est
574 1892 649 1955 ut
687 1889 1101 1974 sequentibus
1140 1887 1503 1953 actionibus
1540 1888 1815 1955 deducto
1853 1911 1927 1956 eo
1966 1890 2138 1976 quod
2174 1912 2356 1976 prae-

332 1980 556 2045 stitum
606 1984 707 2043 est
749 1978 834 2043 lis
883 1978 1275 2041 aestimetur.

510 2068 616 2133 27.
664 2067 825 2132 Ibid.
862 2069 902 2147 ἓ
935 2066 1039 2131 11.
1078 2102 1153 2112 -
1199 2064 1380 2129 Idem
1409 2116 1423 2131 .
1453 2115 1468 2132 .
1497 2066 1605 2145 ait,
1651 2067 1708 2131 si
1755 2068 1907 2151 quid
1948 2069 2182 2135 horum
2218 2090 2355 2135 non

333 2159 725 2241 praestetur,
780 2176 924 2221 cum
972 2158 1182 2220 cetera
1226 2154 1401 2219 faeta
1447 2156 1604 2239 sint,
1654 2157 1832 2222 nullo
1880 2157 2153 2224 deducto
2201 2179 2353 2224 oon-

332 2244 809 2310 demnationem
855 2242 1233 2309 faciendam.

510 2334 615 2399 28.
672 2332 834 2398 Ibid.
879 2335 920 2415 ἓ
954 2334 1052 2399 13.
1099 2368 1185 2381 -
1231 2330 1413 2401 Idem
1459 2331 1764 2401 Neratius
1813 2336 1907 2399 ait
1955 2336 2353 2401 venditorem

332 2422 403 2487 in
448 2443 517 2487 re
564 2422 875 2489 tradenda
922 2422 1151 2486 debere
1187 2425 1524 2504 praestare
1561 2424 1859 2509 emptori,
1906 2428 1978 2489 ut
2016 2424 2084 2488 in
2119 2426 2236 2489 lite
2273 2425 2356 2490 de

334 2511 743 2595 possessione
788 2511 1009 2596 potior
1055 2510 1159 2575 sit.

510 2748 607 2808 De
654 2752 902 2823 emptore
946 2750 1046 2821 qui
1088 2748 1362 2822 simplam
1386 2764 1504 2822 pro
1549 2749 1732 2823 dupla
1769 2766 1880 2823 per
1923 2765 2176 2810 errorem

1122 2838 1433 2910 stipulatus
1477 2841 1573 2897 est.

515 2956 618 3021 29.
675 2955 753 3020 D.
782 2956 888 3038 21,
915 2957 975 3037 2,
1005 2955 1109 3034 37,
1137 2955 1197 3020 2.
1270 2954 1591 3041 Ulpianus
1629 2956 1798 3021 libro
1836 2957 2220 3044 trigensimo
2259 2982 2358 3025 se-

339 3044 544 3111 eundo
592 3043 673 3108 ad
721 3044 997 3108 edictum
1036 3043 1135 3128 (P.
1166 3043 1369 3130 930⁰).
1416 3082 1505 3092 —
1554 3043 1624 3110 Si
1663 3046 1963 3131 simplam
2000 3070 2120 3134 pro
2157 3048 2360 3132 dupla

336 3156 453 3219 per
498 3154 780 3197 errorem
830 3132 1177 3216 stipulatus
1225 3134 1313 3198 sit
1360 3138 1629 3218 emptor,
1684 3156 1754 3199 re
1801 3136 2009 3202 evicta
2054 3158 2355 3202 consecu-

336 3228 553 3287 turum
604 3243 748 3285 eum
796 3242 872 3284 ex
918 3225 1137 3305 empto
1175 3219 1480 3289 Neratius
1529 3224 1649 3306 ait,
1695 3228 1936 3309 quanto
1984 3225 2195 3290 minus
2242 3226 2358 3290 sti·

339 3311 597 3395 pulatus
669 3309 782 3393 sit,
846 3309 900 3373 si
965 3309 1157 3374 modo
1222 3312 1441 3376 omnia
1503 3312 1662 3377 facit
1727 3317 2006 3398 emptor,
2071 3335 2232 3400 quae
2288 3315 2357 3379 in

340 3398 758 3484 stipulatione
805 3398 1239 3482 continentur3
1300 3400 1468 3484 quod
1517 3401 1573 3465 si
1617 3422 1748 3467 non
1793 3401 1965 3485 fecit,
2011 3424 2088 3467 ex
2135 3407 2358 3488 empto

339 3488 407 3553 id
442 3491 695 3552 tantum
735 3491 1243 3571 consecuturum,
1281 3494 1355 3551 ut
1391 3489 1450 3553 ei
1485 3490 1902 3573 promittatur
1937 3491 2106 3577 quod
2145 3492 2358 3557 minus

339 3576 408 3641 in
455 3577 935 3661 stipulationem
987 3575 1381 3660 superiorem
1430 3578 1766 3643 deductum
1815 3584 1929 3646 est.
2014 3601 2019 3606 ·
