2575 3900
339 184 424 246 10
478 133 571 238 ΙΙΙ.
602 181 753 237 GAII
771 181 1060 238 CLAUDII
1077 182 1350 238 NERON.
1372 181 1660 238 GALBAE
1690 182 1907 238 ΤΕΜΡ.
1929 182 2125 238 IURIS
2147 182 2390 240 CONS.

340 343 505 432 (Tac.
539 352 638 426 16,
671 354 727 410 7.
775 351 847 409 cf.
880 350 1042 410 Suet.
1061 351 1202 410 Ner.
1225 343 1357 432 37).
1431 353 1575 410 tunc
1604 352 2121 426 senatusconsulto
2152 350 2390 414 Cassio

335 442 398 498 et
453 438 653 498 Silano
720 439 898 498 exilia
961 439 1388 514 decernuntur,
1458 440 1925 517 deportatusque
1980 440 2042 498 in
2096 439 2390 500 insulam

338 526 674 587 Sardiniam
704 525 962 605 Cassius,
999 532 1061 588 et
1099 531 1373 588 senectus
1411 529 1538 588 eius
1576 529 2035 604 exspectabatur
2062 520 2242 609 (Tac.
2273 533 2389 607 16,

336 618 524 676 7—9.
617 617 822 692 Pomp.
867 615 908 693 ξ
948 618 1060 694 513
1123 618 1277 676 male
1343 636 1381 676 a
1444 616 1724 677 Suetonio
1787 617 1929 675 Ner.
1989 620 2070 677 37
2138 618 2391 678 dicitur

334 705 578 765 occisus,
669 705 935 766 Iuvenal.
983 709 1095 766 sat.
1146 708 1257 778 10,
1310 697 1439 787 16).
1527 709 1840 766 revocatus
1887 725 1924 764 a
1968 705 2391 783 VespasianO,

330 795 404 852 ut
458 794 721 853 conicere
767 795 933 869 licet,
990 814 1040 853 a.
1083 798 1194 871 70,
1249 794 1408 853 diem
1454 813 1628 853 suum
1675 793 1825 853 obiit
1876 786 2110 875 (Pomp.
2150 793 2190 870 ἓ
2228 788 2389 878 51),

334 900 514 941 senex
559 883 883 943 luminibus
930 885 1177 943 orbatus
1224 875 1502 964 (Sueton.
1538 884 1575 941 1.
1608 875 1702 963 c.).
1784 883 2021 942 Iuniam
2064 883 2389 959 Lepidam

331 970 544 1030 habuit
596 989 839 1030 uxorem
889 963 1056 1049 (Tac.
1085 991 1220 1031 ann.
1253 975 1355 1043 16,
1386 965 1481 1053 7),
1536 972 1663 1047 ipse
1710 965 1945 1048 ‘opibus
1990 972 2259 1032 vetustis
2317 976 2390 1034 et

332 1061 633 1136 gravitate
679 1054 935 1119 morum'
982 1060 1236 1135 insignis
1284 1055 1455 1139 (Tac.
1483 1078 1618 1120 ann.
1651 1062 1751 1136 16,
1785 1053 1869 1141 7).

509 1148 764 1208 Masurii
809 1148 1015 1210 Sabini
1071 1142 1163 1231 (H
1193 1152 1226 1207 1
1268 1169 1326 1224 p.
1358 1142 1515 1230 313)
1569 1149 1805 1209 auditor
1860 1141 2057 1229 (Paul.
2086 1148 2157 1207 D.
2187 1150 2269 1227 4,
2318 1152 2387 1227 8,

336 1239 444 1314 19,
493 1230 561 1315 2)
636 1231 885 1297 ‘ceteros
957 1238 1371 1314 praeminebat
1432 1237 1651 1313 peritia
1712 1231 1935 1314 legum’
2004 1231 2170 1307 (Tac.
2223 1256 2387 1298 ann.

333 1327 432 1398 12,
477 1317 606 1405 12).
688 1329 819 1385 erat
866 1345 985 1386 non
1028 1327 1205 1386 modo
1252 1320 1774 1401 ‘prudentissimus
1819 1319 1955 1403 vir',
2002 1319 2174 1384 ‘iuris
2224 1344 2385 1387 con-

331 1408 552 1473 sultus'
597 1414 696 1474 vel
740 1409 912 1474 ‘iuris
949 1409 1181 1475 auctor'
1229 1407 1425 1494 (Suet.
1452 1415 1592 1473 Ner.
1624 1416 1724 1475 37.
1778 1414 2057 1492 Hyginus
2101 1419 2386 1492 gromat.

329 1505 449 1562 vet.
497 1522 554 1577 p.
586 1505 712 1561 124
757 1494 1061 1584 Lachm.),
1120 1498 1246 1563 ‘sed
1303 1503 1487 1562 etiam
1533 1501 1851 1563 Cassianae
1909 1503 2147 1562 scholae
2190 1504 2382 1579 prin-

330 1607 467 1667 ceps
505 1609 573 1650 ac
617 1586 862 1666 parens'
899 1583 1079 1673 (Plin.
1108 1610 1198 1667 ep.
1234 1594 1291 1666 7,
1324 1594 1424 1665 24,
1456 1584 1543 1672 8),
1581 1611 1759 1668 quem
1797 1593 2056 1652 asseclae
2092 1591 2191 1651 vel
2231 1594 2382 1656 solo

331 1678 469 1739 Gaii
512 1679 748 1739 nomine
796 1680 1209 1758 designabant.
1301 1680 1547 1740 Pernice
1584 1681 1615 1738 I
1658 1700 1716 1757 p.
1755 1682 1857 1740 25.

509 1767 758 1844 Scripsit
803 1772 866 1828 et
903 1771 1078 1829 notas
1114 1769 1191 1827 ad
1230 1768 1438 1828 Sabini
1477 1762 1836 1828 ‘Vitellium'
1874 1772 1937 1828 et
1971 1769 2121 1828 iuris
2160 1768 2380 1831 civilis

329 1855 512 1915 libros
569 1859 655 1930 et,
709 1861 782 1917 ut
828 1858 1092 1917 conicere
1146 1857 1314 1932 licet,
1361 1857 1550 1917 libros
1605 1858 1681 1916 ad
1737 1858 1997 1916 edictum
2042 1858 2380 1933 praetoris.

506 1945 672 2006 Inter
700 1944 893 2007 Cassii
920 1946 1222 2008 auditores
1252 1946 1608 2007 numerandi
1624 1947 1907 2007 videntur
1928 1941 2122 2006 Titius
2143 1945 2377 2011 Aristo

330 2037 392 2093 et
428 2034 674 2095 Urseius
711 2035 921 2114 Ferox,
969 2056 1220 2114 quorum
1266 2040 1521 2113 uterque
1560 2036 1687 2095 eius
1731 2053 2015 2111 responsa
2058 2035 2273 2095 refert.

505 2124 623 2183 Res
678 2124 952 2200 inprimis
1005 2125 1303 2185 notabiles
1357 2125 1420 2184 in
1469 2123 1659 2183 Cassii
1703 2125 2057 2201 fragmentis
2102 2142 2223 2183 non
2276 2125 2379 2186 ita

329 2211 539 2271 multis
595 2214 709 2272 hae
761 2214 888 2272 fere
941 2214 1351 2289 reperiuntur:
1415 2213 1723 2289 provincia
1772 2206 1876 2295 (D.
1905 2215 2011 2290 41,
2042 2215 2099 2289 2,
2131 2214 2188 2289 1,
2225 2216 2322 2273 14
2362 2262 2377 2293 ,

328 2301 464 2360 vela
529 2298 737 2360 Cilicia
802 2294 900 2383 (D.
942 2303 1042 2377 33,
1083 2305 1138 2376 7,
1183 2305 1282 2379 12,
1325 2294 1465 2384 17),
1527 2302 1825 2378 peregrini
1882 2295 2040 2382 (Gai.
2080 2302 2140 2377 3,
2179 2303 2318 2363 133
2360 2351 2375 2377 ,

332 2388 653 2460 minacium
697 2383 797 2471 (D
837 2392 942 2467 43,
982 2393 1083 2469 24,
1135 2394 1234 2467 11,
1278 2394 1334 2451 1.
1385 2394 1441 2468 1,
1482 2392 1537 2450 8.
1579 2385 1756 2470 8,1),
1810 2390 2010 2449 Padus
2057 2381 2375 2470 (Gromat.

328 2500 381 2552 l*-
425 2471 593 2556 1534),
649 2480 834 2537 Roma
880 2472 981 2559 (D.
1013 2481 1069 2553 5,
1104 2483 1158 2553 1,
1190 2473 1324 2561 26),
1374 2479 1611 2555 publica
1656 2479 1981 2538 auctoritas
2028 2471 2128 2559 (D.
2163 2478 2272 2557 39,
2310 2483 2374 2558 3,

336 2568 389 2640 Ξ,
425 2564 509 2632 3).
557 2568 874 2628 soilemnes
920 2568 1106 2627 feriae
1143 2560 1243 2650 (D.
1272 2571 1333 2642 4,
1367 2572 1424 2645 6,
1465 2570 1565 2646 26,
1598 2560 1680 2649 7),
1728 2569 1904 2627 homo
1942 2570 2190 2643 propter
2227 2570 2373 2627 tur-

328 2656 661 2728 pitudinem
709 2660 920 2717 senatu
965 2661 1163 2718 motus
1207 2676 1319 2717 nec
1364 2657 1683 2717 restitutus
1732 2649 1835 2738 (D.
1880 2659 1932 2729 1,
1973 2658 2031 2733 9,
2069 2649 2157 2734 2),
2203 2653 2373 2718 silva

332 2744 425 2816 [2111.
457 2748 553 2816 13,
581 2748 633 2816 T,
657 2748 713 2820 Η,
735 2743 822 2823 3),
851 2747 1094 2806 arbores
1124 2746 1475 2806 demortuae
1497 2736 1663 2824 (Vat.
1682 2746 1754 2804 fr.
1779 2737 1911 2826 70),
1940 2744 2369 2822 quadrupedes

332 2848 481 2904 quae
549 2833 844 2904 gi⁴÷.3÷gatim
897 2835 1226 2909 pascuntur
1279 2833 1378 2908 (D.
1418 2835 1519 2909 32,
1561 2835 1662 2908 65,
1700 2827 1799 2912 4),
1860 2834 2020 2893 fetus
2072 2851 2369 2909 pecorum

332 2916 429 2992 [D.
469 2924 521 2992 Τ,
561 2925 609 2992 1„
645 2920 740 2990 ΕΒ,
777 2912 863 3002 1),
901 2938 1038 2980 caro
1071 2922 1233 2980 fetus
1262 2920 1561 2980 demortui
1590 2913 1692 3001 (D.
1717 2924 1773 2999 7,
1796 2924 1852 3000 1,
1879 2925 1979 3000 70,
2000 2912 2090 3001 2),
2119 2940 2265 2998 apes
2300 2926 2368 2983 et

332 3024 473 3064 aves
497 3000 597 3084 (D.
621 3008 722 3084 33,
745 3012 801 3085 7,
826 3011 926 3085 12,
950 3003 1081 3087 13),
1109 3009 1365 3085 aucupia
1393 3013 1455 3069 et
1481 3011 1826 3070 venationes
1855 3001 1957 3091 (D.
1992 3014 2048 3088 7,
2080 3013 2137 3088 1,
2168 3013 2224 3083 9,
2261 3005 2366 3091 5);

332 3096 573 3153 anianus
633 3088 731 3173 [D.
780 3100 878 3175 19,
923 3100 992 3170 2,
1037 3100 1136 3157 32.
1195 3100 1307 3177 34,
1353 3100 1409 3177 3,
1455 3094 1593 3176 18),
1655 3100 1807 3158 fullo
1858 3095 1959 3178 (D.
2005 3101 2117 3177 12,
2162 3102 2219 3176 7,
2265 3092 2365 3181 2),

328 3185 557 3241 athleta
609 3181 705 3261 [D.
738 3187 796 3263 3,
827 3188 886 3261 2,
914 3178 1114 3267 4pr.),
1170 3188 1431 3247 medicus
1481 3181 1581 3270 (D.
1614 3190 1713 3263 33,
1746 3191 1803 3265 7,
1836 3190 1938 3262 18,
1969 3180 2107 3267 10),
2165 3188 2361 3263 spado

328 3265 489 3353 (Gai.
537 3277 585 3345 1,
633 3277 773 3336 196.
820 3276 892 3336 D.
924 3278 1026 3351 38,
1057 3279 1114 3353 2,
1147 3270 1342 3358 6pr.),
1405 3277 1779 3355 dispensator
1842 3280 1902 3337 et
1963 3276 2360 3352 paedagogus

328 3361 655 3421 lihafflrum
697 3356 792 3443 (D.
823 3365 925 3441 40,
961 3367 1015 3441 5,
1047 3357 1189 3446 35);
1227 3367 1489 3426 armaria
1525 3370 1587 3427 et
1620 3366 1837 3426 scrinia
1865 3356 1963 3445 (D.
1996 3367 2097 3442 32,
2130 3366 2232 3435 52,
2264 3358 2359 3446 3),

328 3453 709 3509 membranae
730 3450 828 3531 (D.
851 3456 954 3532 32,
976 3455 1080 3531 52,
1101 3456 1158 3532 3,
1179 3446 1268 3535 4),
1288 3456 1532 3515 tabulae
1552 3456 1746 3532 pictae
1765 3445 1867 3535 (D.
1891 3456 1994 3528 33,
2016 3457 2074 3532 7,
2097 3455 2196 3529 12,
2221 3449 2359 3535 16),

328 3541 597 3597 inm-rina
637 3560 779 3601 rasa
816 3545 878 3601 et
913 3562 1182 3619 gemmae
1221 3536 1323 3625 (D.
1347 3548 1448 3621 34,
1470 3548 1528 3623 2,
1553 3548 1652 3621 19,
1677 3535 1816 3626 19);
1852 3559 2052 3602 massa
2090 3540 2189 3621 (D.
2216 3544 2270 3616 7,
2296 3544 2355 3615 4,
