2575 3900
358 174 487 239 228
538 174 632 231 IV.
660 171 1095 228 VESPASIANI
1120 172 1264 225 ΤΙΤῙ
1293 170 1680 227 DOMITIANI
1707 170 1927 229 ΤΕΜΡ.
1951 170 2145 227 IUBIS
2174 170 2386 227 CONS.

538 338 665 402 16?
744 336 824 400 D.
876 338 935 417 7,
985 338 1050 419 1,
1095 336 1201 401 47.
1306 334 1706 419 Pomponius
1779 336 1948 401 libro
2015 335 2236 419 quinto
2303 356 2385 399 ex

354 426 615 491 Plautio
647 422 745 512 (P.
774 422 959 511 343).
986 462 1069 472 —
1101 422 1458 510 (Commatis
1493 429 1657 507 parti
1693 448 1730 488 a
1757 430 2120 490 Triboniano
2157 427 2384 488 allatae

355 520 505 580 haec
560 518 735 578 Pauli
796 519 981 579 verba
1044 519 1413 596 praecedunt
1475 537 1549 577 ex
1601 517 1754 579 libro
1801 518 1886 577 IX
1941 518 2018 577 ad
2071 518 2384 578 Plautium

359 610 702 685 desumpta:
750 600 846 667 ‘Si
891 606 1169 668 testator
1218 601 1501 684 iusserit,
1548 605 1621 666 ut
1655 601 1840 667 heres
1879 602 2170 666 reficeret
2206 601 2383 666 insu-

356 694 505 775 lam,
548 692 727 757 cuius
774 713 963 757 usum
1000 691 1283 757 fructum
1322 691 1585 776 legavit,
1620 694 1838 774 potest
1873 689 2263 755 fructuarius
2302 712 2383 755 ex

357 784 749 863 testamento
799 801 1021 867 agere,
1065 783 1140 844 ut
1183 779 1372 845 heres
1418 776 1780 867 reficeret'.)
1873 778 2046 864 quod
2092 778 2148 843 si
2193 778 2384 843 heres

358 870 484 936 hoc
521 892 652 934 non
687 869 950 934 fecisset
986 872 1054 933 et
1091 868 1174 934 ob
1212 869 1279 932 id
1312 866 1703 933 fructuarius
1731 868 1860 933 frui
1887 890 2018 933 non
2045 867 2386 953 potuisset,

358 959 651 1025 heredem
696 958 896 1023 etiam
939 956 1278 1022 fructuarii
1325 978 1401 1022 eo
1439 958 1699 1021 nomine
1736 952 2009 1022 habere²
2046 956 2387 1041 actionem,

360 1048 586 1133 quanti
653 1046 993 1113 fructuarii
1055 1046 1458 1111 interfuisset
1518 1068 1651 1110 non
1715 1067 2000 1112 cessasse
2063 1043 2387 1130 heredem,

358 1140 513 1203 licet
556 1158 713 1201 usus
758 1135 1006 1200 fructus
1053 1139 1258 1199 morte
1306 1135 1442 1199 eius
1488 1132 1833 1200 interisset.

661 1318 755 1377 De
799 1336 861 1377 eo
906 1318 1057 1391 quod
1098 1318 1275 1391 funde:
1320 1318 1653 1377 conductori
1697 1318 1947 1393 leqatum
1991 1322 2088 1377 est.

544 1440 643 1503 17.
694 1436 773 1501 D.
803 1438 907 1521 34,
936 1437 997 1519 3,
1029 1437 1127 1502 16.
1208 1435 1451 1501 Paulus
1499 1436 1666 1501 libro
1713 1458 1887 1501 nono
1935 1437 2014 1500 ad
2057 1435 2390 1501 Plautium

364 1525 462 1613 (P.
502 1522 749 1613 11722).
802 1563 877 1573 ——
929 1526 1011 1590 Ei
1068 1525 1173 1590 cui
1227 1525 1500 1589 fundum
1550 1526 1618 1589 in
1667 1526 2173 1611 quinquennium
2217 1526 2390 1591 loca-

363 1637 583 1681 veram
638 1615 851 1699 legavi
909 1613 1215 1698 quidquid
1272 1636 1420 1678 eum
1467 1613 1628 1678 mihi
1675 1614 1827 1679 dare
1873 1613 2082 1679 facere
2131 1618 2392 1699 oportet

366 1702 771 1789 oportebitve
817 1708 892 1768 ut
929 1703 1170 1767 sineret
1205 1703 1394 1767 heres
1434 1703 1559 1767 sibi
1594 1702 1854 1769 habere.
1933 1700 2154 1769 Nerva
2189 1702 2389 1767 Atili·
2493 1724 2500 1729 ·

363 1794 575 1874 cinus,
634 1794 688 1856 si
744 1792 931 1857 heres
983 1791 1360 1875 prohiberet
1407 1813 1553 1856 eum
1598 1791 1754 1875 frui,
1809 1813 1889 1856 ex
1935 1791 2246 1857 conducto
2258 1842 2276 1875 ,
2331 1792 2393 1855 si

363 1882 503 1945 iure
550 1881 895 1946 locationis
943 1880 1092 1965 quid
1139 1882 1466 1966 retineret,
1513 1902 1591 1944 ex
1626 1883 2015 1945 testamento
2055 1880 2192 1945 fore
2230 1880 2393 1945 obli-

368 1974 595 2054 gatum
644 1972 849 2049 aiunt,
906 1970 1057 2054 quia
1101 1970 1266 2034 nihil
1313 1971 1682 2053 interesset,
1734 1973 2062 2054 peteretur
2109 1992 2191 2044 an
2236 1971 2392 2034 reti-

366 2062 578 2143 neret;
626 2061 836 2124 totam
885 2059 1052 2122 enim
1101 2058 1492 2124 locationem
1537 2061 1826 2145 legatam
1871 2058 2092 2124 videri.
2148 2095 2151 2098 ·

550 2148 647 2212 18.
708 2146 786 2212 D.
818 2147 925 2231 34,
951 2147 1010 2229 3,
1042 2148 1143 2212 18.
1234 2146 1477 2212 Paulus
1531 2148 1682 2212 ibid.
1728 2144 1832 2234 (P.
1873 2143 2121 2234 11721‘).
2167 2183 2252 2194 --
2299 2146 2397 2212 Et

367 2241 699 2322 praeterea
746 2235 993 2320 placuit
1038 2257 1228 2321 agere
1273 2258 1468 2320 posse
1515 2238 1818 2302 colonum
1857 2258 2002 2302 cum
2036 2236 2272 2302 herede
2311 2258 2394 2302 ex

367 2328 783 2404 testamento,
832 2330 903 2390 ut
947 2325 1255 2390 liberetur
1302 2325 1743 2390 conductione.

1012 2507 1107 2566 De
1148 2508 1502 2568 habitatione
1545 2509 1751 2583 leyata.

552 2629 677 2694 19?
743 2627 821 2694 D.
867 2627 1022 2691 ibid.
1068 2661 1159 2673 --
1204 2623 1487 2691 Cassius.
1577 2626 1798 2692 Etiam
1850 2627 1904 2691 si
1948 2626 2265 2692 habitatio
2315 2650 2393 2693 eo

370 2718 561 2783 modo
600 2719 823 2803 legata
861 2719 1052 2799 esset,
1092 2716 1448 2799 gratuitam
1484 2715 1957 2781 habitationem
1994 2716 2182 2782 heres
2211 2738 2396 2802 prae-

372 2811 543 2872 stare
592 2806 871 2871 deberet.

550 2900 713 2959 Haec
749 2899 1048 2960 sententia
1084 2917 1123 2957 a
1159 2898 1350 2957 Paulo
1389 2898 1445 2957 ei
1479 2899 1809 2974 praemissa
1845 2901 1957 2978 est,
1993 2917 2176 2976 quam
2212 2919 2400 2978 supra

372 2981 519 3070 (18)
557 2987 859 3064 proposui.

886 3088 985 3154 De
1026 3091 1500 3172 fideicommissa
1541 3089 1882 3154 hereditate.

552 3213 657 3279 20.
706 3212 783 3278 D.
813 3213 917 3292 35,
949 3216 1005 3292 1,
1033 3214 1120 3278 43
1137 3238 1230 3298 pr.
1305 3213 1545 3278 Paulus
1589 3211 1758 3278 libro
1807 3217 2036 3279 octavo
2085 3213 2166 3278 ad
2199 3213 2400 3279 Plau-

373 3304 538 3369 tium
604 3301 700 3388 (P.
743 3299 962 3390 1156).
1029 3341 1112 3351 —
1178 3302 1494 3367 Plautius.
1585 3299 1879 3388 Rogatus
1945 3306 2045 3367 est
2106 3303 2294 3368 heres
2361 3327 2403 3370 a

374 3391 613 3457 liberto
651 3396 984 3476 testatore,
1024 3396 1095 3457 ut
1129 3393 1450 3476 perceptis
1489 3392 1617 3456 sibi
1657 3391 1872 3457 decem
1908 3394 2119 3457 totam
2154 3392 2403 3457 heredi-

520 3556 547 3604 1
593 3549 743 3607 Trib.
778 3550 940 3605 heres
971 3591 983 3604 .
1014 3591 1027 3606 .
1056 3547 1309 3604 habebit.
