2575 3900
825 180 873 229 6.
919 170 1335 231 IAVOLENUS
1372 172 1667 229 PRISCUS
1984 226 1991 231 .
2120 174 2253 239 435

241 338 398 404 tiam
431 343 488 403 et
516 336 936 403 Maecenatem
965 338 1293 421 respondit,
1328 338 1387 403 si
1420 358 1633 404 verum
1663 338 1999 403 divorti-um
2019 336 2257 419 fuisset,

239 432 450 493 ratam
484 446 609 493 esse
641 427 1049 507 donationevn,
1084 428 1143 492 si
1175 428 1557 513 simulatum,
1592 433 1822 493 contra.
1910 428 2019 492 sed
2048 447 2259 492 verum

237 522 351 602 est,
404 517 570 599 quod
611 514 910 581 Proculus
953 520 1012 581 et
1031 562 1034 565 ι
1055 514 1361 583 Caecilius
1390 521 1649 599 putant,
1698 521 1842 582 tunc
1883 536 2093 581 verum
2136 535 2261 581 esse

239 606 570 672 divortium
624 609 682 669 et
732 606 931 669 valere
971 606 1361 671 donationem
1406 603 1693 689 [divortii
1734 625 1927 671 causa
1966 606 2202 685 factam
2192 604 2260 689 J,

239 696 300 761 si
323 694 490 760 aliae
513 694 770 776 nuptiae
793 694 1098 759 insecutae
1121 698 1270 759 sunt
1289 696 1407 759 aut
1430 699 1560 759 tam
1587 694 1763 778 lonyo
1790 699 2051 776 tempore
2070 695 2263 759 vidua

235 783 474 867 fuisset,
518 788 590 847 ut
631 779 887 847 dubium
929 802 1056 847 non
1095 781 1259 864 foret
1300 783 1563 848 alterum
1602 803 1726 849 esse
1760 783 2259 860 matrimonium;

237 873 405 939 alias
447 892 556 937 nec
598 872 1002 937 donationem,
1031 872 1226 938 ullius
1269 893 1394 937 esse
1436 873 1727 937 momenti
1763 872 2071 954 futuram.

427 961 568 1027 139.
614 958 692 1026 D.
721 961 827 1044 24,
859 962 916 1044 1,
943 958 1048 1025 65.
1129 960 1348 1026 Labeo
1396 960 1563 1025 libro
1612 964 1793 1026 sexto
1831 960 2261 1045 posteriorum

241 1072 282 1115 a
317 1049 642 1115 Iavoleno
663 1051 1182 1133 epitomatorum.
1222 1086 1308 1096 -
1348 1050 1523 1131 Quod
1553 1051 1653 1116 vir
1688 1050 1761 1134 ei,
1796 1070 1955 1133 quae
1987 1050 2262 1115 nondum

237 1140 574 1222 viripotens
630 1139 932 1223 nupserit,
985 1140 1329 1223 donaverit,
1382 1144 1592 1204 ratum
1630 1139 1919 1220 futurum
1964 1138 2261 1204 existimo,

427 1228 570 1293 140.
617 1226 694 1291 D.
725 1227 829 1311 24,
856 1225 917 1310 3,
945 1227 1030 1293 66
1055 1250 1152 1317 pr.
1225 1226 1569 1293 Iavolenus
1605 1228 1772 1294 libro
1812 1230 1995 1293 sexto
2034 1248 2110 1292 ex
2147 1249 2261 1311 po-

245 1316 626 1383 sterioribus
652 1315 994 1381 Labeonis,
1035 1352 1112 1362 —
1153 1316 1240 1381 In
1265 1316 1365 1382 his
1391 1317 1583 1399 rebus,
1608 1337 1765 1399 quas
1779 1321 2027 1399 praeter
2052 1336 2263 1381 nume-

239 1410 452 1470 ratam
485 1406 817 1487 pecuniam
860 1405 988 1470 doti
1031 1406 1128 1470 vir
1170 1404 1365 1489 habet,
1407 1406 1617 1471 dolum
1656 1406 1893 1471 malum
1927 1410 1986 1471 et
2017 1407 2264 1487 culpam

241 1514 381 1559 eum
425 1498 745 1575 praestare
788 1498 1055 1596 oportere
1098 1492 1351 1560 Servius
1394 1496 1501 1559 ait.
1593 1515 1666 1559 ea
1708 1496 2004 1559 sententia
2050 1494 2266 1559 Publii

242 1583 449 1649 Mucii
493 1587 609 1659 est;
659 1602 812 1647 nam
855 1583 913 1647 is
957 1584 1026 1647 in
1069 1582 1369 1648 Licinnia
1414 1582 1680 1649 Gracchi
1721 1604 1935 1647 uxore
1955 1582 2245 1667 [statuit]
2243 1633 2264 1668 ,

113 1716 120 1723 -
243 1672 408 1755 quod
456 1692 554 1737 res
606 1671 836 1743 dotales
890 1673 958 1736 in
1009 1692 1084 1736 ea
1133 1672 1477 1757 seditione,
1506 1693 1631 1754 qua
1676 1671 1993 1737 Gracchus
2036 1672 2265 1737 occisus

242 1765 403 1844 erat,
446 1758 775 1842 perissent,
827 1760 938 1839 ait,
982 1760 1133 1843 quia
1183 1758 1453 1825 Gracchi
1492 1762 1675 1843 culpa
1720 1781 1793 1825 ea
1834 1762 2050 1826 seditio
2090 1760 2263 1841 facta

243 1854 414 1928 esset,
461 1848 788 1913 Licinniae
819 1850 1137 1931 praestari
1179 1855 1463 1931 oportere.

427 1937 570 2003 141.
621 1936 695 2002 D.
721 1936 872 2003 ibid.
907 1940 948 2019 ξ
981 1940 1038 2006 1.
1091 1975 1166 1985 --
1219 1936 1428 2006 Servis
1470 1940 1684 2005 uxoris
1726 1939 1825 2004 vir
1868 1959 2149 2005 nummos
2192 1938 2265 2003 in

243 2029 602 2097 vestiarium
653 2027 922 2112 dederat,
975 2049 1093 2110 quo
1139 2033 1367 2110 parato
1418 2030 1633 2095 deinde
1681 2029 1851 2094 intra
1894 2049 2131 2094 annum
2174 2028 2264 2093 di-

244 2117 507 2182 vortium
559 2117 990 2182 intercesserat.
1069 2119 1313 2199 placuit
1359 2117 1637 2184 Labeoni
1684 2118 1995 2190 Trebatio,
2046 2117 2264 2199 qualia

231 2207 598 2280 ¹vestimenta
628 2210 776 2288 post
817 2206 1149 2271 divortium
1193 2211 1413 2291 essent,
1468 2207 1627 2274 talia
1669 2209 1801 2272 viro
1842 2208 2017 2272 reddi
2026 2227 2049 2284 ‚·
2105 2207 2263 2270 idem

243 2295 405 2360 iuris
451 2293 742 2375 futurum
791 2295 1012 2378 fuisse,
1063 2297 1122 2361 si
1173 2297 1313 2377 ipsa
1365 2298 1719 2362 vestimenta
1770 2297 1869 2360 vir
1920 2297 2159 2361 emisset
2208 2299 2267 2359 et

243 2384 433 2449 semis
475 2383 732 2448 dedisset
774 2381 973 2466 [quod
1011 2384 1070 2450 si
1111 2385 1468 2449 vestimenta
1510 2406 1637 2450 non
1680 2385 2086 2463 redderentur,
2132 2389 2263 2448 tum

243 2473 450 2537 virum
486 2473 758 2553 pretium
803 2473 872 2536 in
916 2473 1050 2537 dote
1093 2472 1679 2556 compensaturum]

429 2560 574 2623 142.
620 2558 696 2625 Ι).
733 2559 886 2624 ibid.
923 2561 962 2642 ξ
991 2561 1050 2626 2.
1103 2599 1173 2609 -
1229 2561 1411 2626 Filia
1459 2563 1745 2642 familias
1796 2561 2055 2627 divortio
2095 2559 2261 2641 facto

247 2649 442 2713 dotem
483 2650 666 2730 patri
715 2649 891 2714 reddi
933 2652 1228 2727 iusserat,·.
1281 2651 1497 2716 deinde
1529 2654 1712 2734 parte
1755 2650 1913 2715 dotis
1947 2651 2261 2730 persoluta

238 2740 422 2820 pater
473 2738 812 2802 decesserat.
904 2739 1208 2820 reliquam
1247 2743 1521 2822 partem,
1573 2741 1631 2804 si
1683 2759 1790 2805 nec
1842 2739 2111 2820 deleyata
2158 2757 2265 2802 nec

237 2826 551 2908 promissa
614 2824 922 2909 [novandi
983 2829 1194 2893 animo
1183 2827 1232 2912 ]
1280 2830 1461 2911 patri
1504 2829 1751 2910 fuisset,
1813 2827 2064 2892 mulieri
2112 2827 2266 2891 solvi

245 2915 450 2980 debere
493 2913 696 2979 Labeo
747 2914 1066 2982 Trebatius
1099 2921 1356 3000 putant,
1399 2919 1580 3000 idque
1622 2937 1831 2982 verum
1875 2921 1975 2982 est.

431 3003 570 3069 143.
618 3001 694 3067 D.
724 3003 878 3069 ibid.
905 3005 944 3086 ξ
973 3005 1030 3069 3.
1079 3042 1163 3052 -
1211 3007 1541 3089 Mancipia
1584 3007 1654 3071 in
1699 3007 1894 3072 dotem
1940 3006 2265 3071 aestimata

245 3093 541 3174 accepisti.
634 3098 886 3175 pactum
940 3101 1295 3160 conventum
1349 3096 1562 3161 deinde
1601 3097 1837 3176 factum
1882 3100 1999 3176 est,
2062 3099 2134 3160 ut
2174 3095 2265 3159 di-

245 3183 434 3246 vortio
493 3181 658 3261 facto
722 3183 1014 3247 tantidem
1055 3185 1406 3270 „aestimata
1463 3186 1739 3251 redderes
1790 3205 1897 3249 nec
1950 3185 2023 3249 de
2069 3187 2264 3266 partu

246 3270 546 3335 dotalium
599 3271 974 3336 ancillarum
1026 3274 1250 3338 mentio
1300 3272 1471 3354 facta
1524 3279 1624 3339 est.
1715 3273 2007 3352 manebit,
2062 3271 2268 3353 inquit

247 3358 450 3424 Labeo
457 3410 476 3445 ,
507 3365 747 3440 partus
801 3365 970 3443 tuus,
1023 3362 1175 3444 quia
1227 3363 1284 3427 is
1325 3383 1449 3444 pro
1498 3363 1767 3444 periculo
1812 3363 2264 3444 mancipiorum

235 3467 424 3529 penes
467 3452 522 3510 te
566 3467 688 3512 esse
730 3448 973 3514 deberet.

432 3537 572 3599 144.
633 3535 705 3600 D.
743 3535 894 3601 ibid.
931 3540 972 3618 ξ
1009 3539 1068 3602 4.
1127 3575 1208 3585 -
1265 3539 1530 3625 Mulier,
1593 3563 1748 3624 quae
1808 3548 2047 3609 centum
2107 3545 2265 3610 dotis

1732 3645 1841 3700 28*
