2575 3900
967 185 1014 233 7.
1053 175 1430 233 PROCULUS
2085 177 2210 241 159

192 347 497 428 cepturus
534 363 652 427 pro
691 345 897 425 parte,
934 341 1104 425 quod
1140 339 1583 424 impenderim,
1618 340 1853 406 iudicio
1889 342 2218 407 societatis

193 437 306 497 aut
362 431 687 497 communi
742 430 1092 496 dividundo
1148 480 1163 495 .
1200 480 1217 495 .
1255 479 1269 494 .
1328 433 1394 493 et
1448 433 1548 494 est
1598 430 1792 513 plane
1848 433 2220 495 nostrorum

193 522 684 605 praeceptorum
745 520 907 585 haec
972 520 1320 602 sententia,
1389 522 1463 584 ut
1525 518 1858 583 credamus
1920 518 2220 583 inutilem

190 631 335 675 esse
399 608 618 673 damni
676 608 898 673 infecti
954 607 1465 693 stipulationem,
1529 628 1653 691 quo
1711 628 1864 673 casu
1918 607 2222 672 damnum

196 698 331 763 alia
375 699 627 763 actione
674 697 897 761 sarciri
941 695 1166 780 possit.

374 786 505 852 81?
559 785 802 851 Damni
850 786 1073 851 infecti
1118 785 1607 870 stipulationem
1655 807 1731 850 eo
1769 806 2023 869 quoque
2070 806 2223 850 casu

189 875 423 940 utilem
480 897 649 957 esse,
704 879 831 959 qu'o
888 874 1016 939 alia
1063 874 1317 940 actione
1374 873 1677 938 damnum
1727 874 1950 938 sarciri
1997 875 2224 958 possit,

189 965 502 1029 Proculus
550 964 803 1028 videtur
849 963 1268 1030 existimasse.
1351 962 1431 1027 cf.
1467 961 1546 1027 D.
1577 963 1688 1047 39,
1719 962 1786 1047 2,
1818 964 1904 1028 32
1952 958 2040 1049 (v.
2070 962 2153 1047 II,
2183 963 2219 1027 1

188 1077 249 1138 P·
281 1049 459 1140 578)
945 1121 1045 1188 De
1089 1123 1477 1189 condictione.

372 1231 475 1297 82.
549 1229 627 1294 D.
668 1231 768 1313 12,
810 1232 867 1309 1,
907 1232 1008 1307 11,
1050 1231 1105 1295 1.
1214 1229 1397 1294 Idem
1474 1227 1589 1316 (sc.
1634 1228 1990 1314 Ulpianus)
2054 1228 2224 1295 libro

200 1318 551 1385 vicensimo
591 1324 772 1386 sexto
811 1319 891 1383 ad
929 1318 1207 1383 edictum
1244 1315 1343 1405 (P.
1368 1315 1576 1406 7691’).
1609 1356 1693 1366 —
1725 1314 1795 1383 Si
1830 1318 1954 1383 tibi
1993 1317 2224 1383 dedero

193 1409 413 1473 decem
470 1410 589 1491 sic,
654 1413 726 1473 ut
778 1428 1011 1473 novem
1068 1406 1330 1492 debeaS,
1388 1407 1698 1473 Proculus
1756 1408 1873 1489 ait,
1933 1456 1948 1472 .
1977 1456 1991 1471 .
2021 1456 2036 1471 .
2093 1427 2227 1471 non

197 1497 479 1581 amplius
544 1501 610 1561 te
673 1497 816 1580 ipso
881 1496 1020 1561 iure
1085 1496 1316 1561 debere
1382 1518 1573 1580 quam
1637 1518 1887 1561 novem.
1992 1495 2105 1560 sed
2170 1496 2226 1561 si

197 1586 462 1668 dedero,
527 1589 600 1650 ut
662 1584 955 1651 undecim
1012 1584 1275 1669 debeas,
1339 1589 1526 1668 putat
1578 1584 1892 1652 Proculus
1950 1586 2227 1667 amplius

198 1697 389 1759 quam
439 1673 657 1738 decem
706 1674 958 1739 condici
1002 1695 1133 1738 non
1180 1696 1420 1759 posse.-

377 1764 479 1829 83.
528 1762 605 1829 D.
637 1764 737 1845 12,
761 1765 817 1847 1,
838 1764 897 1844 9,
917 1763 977 1828 9.
1068 1761 1387 1846 Ulpianus
1435 1762 1602 1827 libro
1651 1762 1999 1828 vicensimo
2047 1765 2228 1827 sexto

196 1852 276 1916 ad
350 1852 630 1917 edictum
697 1849 795 1935 (P.
844 1849 1052 1937 76912).
1114 1888 1203 1899 -
1266 1850 1560 1937 Deposui
1625 1851 1794 1935 apud
1857 1855 1922 1915 te
1990 1852 2229 1935 decem,

194 1944 424 2025 postea
478 1941 743 2025 permisi
796 1940 920 2007 tibi
974 1940 1098 2008 uti:
1153 1939 1371 2008 Nerva
1425 1940 1736 2007 Proculus
1794 1942 1991 2006 etiam
2049 1944 2230 2007 ante-

196 2052 391 2114 quam
464 2034 869 2109 moveantur,
944 2031 1277 2096 condicere
1349 2032 1535 2116 quasi
1599 2032 1826 2096 mutua
1890 2031 2012 2095 tibi
2075 2030 2230 2096 haec

197 2141 391 2203 posse
440 2119 631 2203 <me>
678 2119 877 2184 aiunt.

378 2208 480 2274 84.
528 2207 608 2272 D.
638 2209 738 2293 12,
758 2210 819 2290 4,
840 2209 899 2289 3,
919 2209 979 2274 3.
1070 2205 1387 2292 Ulpianus
1431 2206 1600 2273 libro
1647 2207 1998 2273 vicensimo
2047 2210 2230 2274 sexto

198 2296 279 2361 ad
309 2294 591 2362 edictum
623 2294 723 2384 (P.
745 2295 952 2382 77212).
972 2333 1056 2343 —
1085 2295 1252 2372 Quid
1283 2297 1339 2361 si
1367 2297 1460 2360 ita
1489 2296 1651 2379 dedi,
1680 2301 1753 2362 ut
1779 2297 1956 2363 intra
1986 2301 2233 2362 certum

195 2389 456 2470 tempus
503 2387 926 2450 manumittas
970 2383 1089 2472 (sc.
1118 2382 1485 2471 Stichum)‘?
1559 2387 1614 2449 si
1649 2386 1932 2450 nondum
1974 2390 2232 2470 tempus

201 2475 556 2558 praeteriit,
594 2473 943 2538 inhibenda
982 2475 1106 2538 erit
1142 2474 1464 2558 repetiti0‚
1501 2475 1627 2538 nisi
1667 2474 2021 2558 paeniteat3
2062 2473 2233 2557 quod

204 2563 263 2627 si
307 2563 663 2647 praeteriit,
708 2563 957 2628 condici
994 2563 1251 2647 poterit.
1327 2562 1437 2627 sed
1477 2563 1532 2626 si
1572 2561 1830 2626 Stichus
1871 2562 2236 2644 decesserit,

202 2673 287 2716 an
351 2652 557 2734 repeti
621 2652 788 2736 quod
845 2652 1064 2717 datum
1120 2654 1220 2716 est
1271 2650 1525 2735 possit?
1625 2649 1934 2714 Proculus
1995 2651 2112 2735 ait,
2178 2652 2237 2715 si

198 2742 354 2826 post
398 2739 464 2804 id
510 2740 825 2825 temporis
874 2740 1236 2823 decesserit,
1283 2760 1410 2823 quo
1450 2739 1819 2802 manumitti
1857 2739 2092 2822 potuit,
2139 2761 2235 2803 re-

198 2829 588 2915 petitionem
637 2851 802 2913 esse,
849 2831 905 2894 si
951 2829 1191 2914 minus,
1238 2850 1508 2894 cessare.

389 2917 493 2984 85.
546 2917 709 2982 Ibid.
741 2921 780 2998 ἓ
809 2919 869 2982 4.
904 2955 979 2964 -
1015 2916 1183 2994 Quin
1229 2919 1428 2983 immo
1477 2921 1542 2982 et
1591 2917 1647 2980 si
1693 2916 1858 2981 nihil
1907 2917 2031 2982 tibi
2071 2916 2234 2998 dedi,

203 3010 278 3071 ut
316 3006 827 3090 manumittereS,
867 3006 1199 3091 placuerat
1234 3011 1474 3090 tamen,
1511 3009 1585 3071 ut
1623 3006 1862 3093 darem,
1897 3007 2073 3073 ultro
2113 3007 2236 3072 tibi

202 3099 568 3179 competere
626 3096 976 3180 actionem,
1030 3117 1192 3180 quae
1248 3118 1328 3160 ex
1381 3097 1504 3161 hoc
1561 3099 1896 3160 contractu
1945 3097 2237 3161 nascitur

204 3181 300 3270 [id
346 3188 447 3249 est
493 3183 1041 3266 condictionem‘P]
1090 3185 1390 3250 defuncto
1438 3207 1690 3269 quoque
1736 3206 1828 3250 e0.

774 3343 875 3410 De
918 3345 1237 3410 verborum
1282 3345 1661 3428 obliyatione.

380 3452 483 3516 86.
542 3449 619 3516 D.
648 3451 755 3534 45,
784 3453 843 3534 2,
876 3453 957 3517 12
976 3474 1071 3537 pr.
1164 3450 1516 3516 Venuleius
1568 3452 1736 3516 libro
1785 3450 2071 3516 secundo
2111 3448 2238 3514 Sti-

202 3539 608 3624 pulationum
656 3536 753 3625 (P.
783 3537 919 3628 57).
967 3578 1053 3590 --
1101 3538 1169 3605 Si
1225 3562 1303 3604 ex
1358 3539 1635 3624 duobuS,
1690 3540 1800 3622 qui
1853 3539 2240 3623 promissuri
