2575 3900
388 191 521 254 224
562 190 654 245 IV.
689 187 1117 243 VESPASIANI
1144 187 1291 242 TITI
1316 187 1709 243 DOMITIANI
1737 187 1951 244 TEMP.
1978 186 2170 243 IURIS
2198 187 2403 243 CONS.

388 353 617 417 relicto
662 374 790 416 uno
836 351 971 415 filio
1020 355 1085 414 et
1128 372 1327 415 uxore
1368 354 1739 435 praegnate,
1783 373 1913 418 non
1949 356 2121 415 reete
2157 350 2329 415 filius
2367 374 2406 415 a

390 440 797 506 debitoribus
869 443 1123 524 partem
1198 440 1532 505 dimidiam
1595 440 1820 504 crediti
1883 443 2103 524 petere
2167 444 2405 523 potest,

390 529 682 615 quamvis
746 534 977 612 postea
1029 550 1193 592 unus
1247 529 1420 593 filius
1477 532 1668 593 natus
1726 530 1812 593 sit
1869 530 2048 613 [quia
2100 532 2407 611 poterant

388 620 605 703 plures
658 617 868 696 nasci,
922 639 1066 682 eum
1119 638 1235 700 per
1287 638 1500 681 rerum
1555 622 1852 683 naturam
1909 621 2156 682 eertum
2210 617 2407 681 fuerit

389 730 587 772 unum
654 705 878 788 nasci}
974 706 1082 769 sed
1142 705 1421 770 Sabinus
1479 703 1738 771 Cassius
1800 710 2049 789 partem
2106 709 2405 789 quartam

385 797 524 880 peti
570 795 880 879 debuisse,
927 794 1081 879 quia
1124 794 1444 859 incertum
1489 799 1662 859 esset
1698 818 1781 859 an
1815 798 1949 859 tres
1986 799 2407 859 nascerentur

391 887 535 965 [nec
591 904 803 948 rerum
857 888 1158 948 naturam
1212 880 1614 963 intuendam,
1667 884 1734 947 in
1789 905 1915 967 qua
1960 884 2178 947 omnia
2225 888 2408 947 certa

388 976 617 1055 essent,
663 994 806 1036 eum
847 972 1066 1036 fut-ura
1100 972 1324 1055 utique
1360 972 1603 1054 fierent,
1651 971 1760 1035 sed
1798 975 2091 1035 nostram
2126 971 2405 1037 inscien-

384 1062 547 1126 tiam
595 1062 795 1145 aspici
843 1061 1115 1141 debere]

563 1155 637 1215 ef.
684 1154 923 1213 Cassius
971 1172 1151 1230 supra
1197 1173 1252 1229 p.
1293 1155 1394 1214 39.

561 1243 807 1301 Perniee
853 1243 909 1318 I,
957 1245 1084 1303 373
1139 1262 1195 1300 n.
1235 1244 1318 1300 46
1373 1245 1571 1301 notat:
1646 1237 1795 1301 ‘Des
1852 1241 2129 1302 Plautius
2193 1242 2405 1320 eigene

386 1331 646 1409 positive
695 1331 949 1390 Ansieht
1001 1332 1083 1390 ist
1135 1330 1301 1389 nieht
1354 1332 1692 1407 angefflhrt.
1780 1330 2064 1390 Indessen
2119 1330 2216 1389 die
2272 1334 2404 1390 ent-

387 1419 697 1479 sehiedene
725 1418 1123 1497 Verwerfung
1148 1419 1250 1478 des
1279 1419 1593 1478 dimidium
1617 1422 1822 1495 petere
1850 1420 1969 1478 und
2000 1419 2093 1478 die
2121 1420 2405 1497 folgende

387 1508 801 1584 Anknflpfung
865 1508 975 1567 mit
1027 1508 1155 1582 sed,
1219 1507 1315 1566 die
1369 1508 1451 1565 im
1498 1508 1764 1584 jetzigen
1818 1508 2004 1567 Texte
2057 1508 2232 1567 keine
2288 1508 2405 1567 Er-

384 1598 645 1674 klarung
687 1597 889 1675 findet,
935 1596 1148 1656 ftihren
1194 1616 1267 1656 zu
1304 1596 1409 1655 der
1444 1597 1774 1674 Annahme,
1821 1596 2098 1656 Plautius
2135 1595 2288 1655 habe
2327 1617 2406 1657 zu

386 1685 501 1745 den
552 1686 796 1762 quidam
849 1687 952 1744 des
999 1685 1247 1744 Urseius
1304 1677 1405 1766 (D.
1436 1688 1536 1755 46,
1570 1687 1626 1763 3,
1659 1677 1771 1766 36)
1828 1685 2067 1763 gehiirt,
2123 1684 2218 1743 die
2257 1686 2403 1760 J'ede

386 1773 577 1851 Klage
614 1774 716 1832 des
746 1773 969 1833 Sohnes
1006 1776 1100 1831 fiir
1134 1774 1366 1851 niehtig
1393 1774 1713 1851 erklarten,
1750 1792 1922 1834 wenn
1950 1773 2045 1832 ein
2074 1774 2404 1835 Postumus

386 1856 802 1939 agnaseierte'.

1203 1972 1303 2039 De
1346 1974 1576 2056 leyatiS.

1066 2102 1380 2162 Generalia
1423 2104 1722 2176 quaedam.

946 2209 1033 2265 De
1070 2211 1241 2279 leyato
1274 2227 1372 2279 per
1407 2211 1844 2265 vindicationem.

562 2302 621 2365 2.
684 2300 763 2365 D.
800 2302 904 2385 31,
939 2301 1001 2365 4.
1091 2301 1271 2366 Idem
1327 2298 1444 2386 (so.
1489 2300 1754 2384 Paulus)
1809 2301 1975 2365 libro
2032 2305 2260 2367 octavo
2317 2303 2404 2367 ad

384 2387 711 2453 Plautium
741 2389 949 2475 (Paul.
973 2391 1194 2471 1152).
1229 2427 1305 2438 -
1339 2389 1681 2454 Neminem
1710 2389 1992 2454 eiusdem
2022 2390 2111 2454 rei
2143 2392 2404 2475 legatae

385 2477 511 2542 sibi
554 2482 802 2562 partem
849 2479 1015 2543 velle
1058 2482 1314 2563 partem
1361 2479 1532 2542 nolle
1578 2477 1790 2543 verius
1837 2481 1953 2542 est.

560 2573 632 2633 of.
672 2571 803 2632 Gai.
835 2575 891 2650 2,
924 2574 1066 2632 195.

946 2706 1034 2760 De
1070 2707 1243 2775 leqato
1270 2722 1376 2774 per
1409 2705 1830 2760 damnationem.

560 2800 620 2864 3.
666 2797 743 2862 D.
771 2797 875 2876 45,
905 2798 963 2879 2,
998 2798 1099 2861 17.
1170 2795 1410 2862 Paulus
1454 2796 1621 2862 libro
1670 2802 1899 2861 octavo
1946 2797 2027 2861 ad
2064 2797 2401 2864 Plautium

383 2883 480 2971 (P.
522 2884 767 2971 11582).
815 2921 897 2931 —
949 2884 1095 2950 Sive
1150 2909 1189 2950 a
1243 2887 1436 2950 certis
1491 2886 1782 2969 personis
1839 2887 2146 2951 heredum
2193 2888 2401 2952 nomi·

383 2974 587 3039 natim
630 2975 915 3058 legatum
965 2978 1154 3056 esset,
1199 2975 1334 3038 sive
1382 2974 1461 3037 ab
1511 2975 1806 3038 omnibus
1855 2978 2120 3058 excepto
2159 2975 2400 3061 aliquo,

386 3063 728 3128 Atilicinus
786 3063 1061 3127 Sabinus
1118 3062 1378 3128 Cassius
1443 3085 1560 3146 pro
1625 3063 2034 3128 hereditariis
2099 3064 2397 3146 partibus

382 3149 675 3216 tantum¹
702 3173 811 3217 eos
840 3151 1129 3236 legatum
1161 3152 1492 3217 debituros
1523 3150 1722 3236 aiunt,
1751 3152 1902 3236 quia
1928 3151 2254 3217 hereditas
2284 3174 2395 3218 eos

385 3241 515 3307 obli
564 3245 645 3304 at.

519 3261 645 3393 g4?
694 3328 769 3394 D.
799 3328 900 3411 12,
931 3329 989 3410 6,
1016 3329 1121 3393 46.
1193 3329 1375 3393 Idem
1414 3326 1527 3415 (so.
1557 3325 1926 3414 Iavolenus)
1965 3328 2131 3394 libro
2161 3334 2395 3412 quarto

384 3442 459 3484 ex
504 3418 775 3483 Plautio.
823 3455 909 3466 —
956 3417 1083 3494 Qui
1135 3418 1390 3482 heredis
1435 3418 1693 3482 nomine
1738 3418 1957 3502 legata
2001 3439 2132 3482 non
2177 3418 2400 3482 debita

526 3563 552 3611 1
594 3557 689 3610 Fl.
724 3559 924 3612 totum.
