2575 3900
848 169 895 217 7.
942 161 1335 218 IUVENTIUS
1374 161 1640 217 OELSUS
2120 163 2251 226 503

242 330 439 408 parte,
476 328 633 409 puta
671 327 746 410 si,
783 345 928 388 eum
967 324 1274 390 dictasset
1312 347 1388 388 ex
1426 325 1692 389 semisse
1729 325 2005 409 aliquem
2046 326 2259 410 scribi,

244 435 321 479 ex
393 414 749 498 quadrante
815 413 902 477 sit
974 415 1278 498 scriptus,
1354 412 1579 479 Celsus
1643 413 1809 478 libro
1875 413 2255 480 duodecimo
2340 427 2345 434 “

245 501 704 578 Quaestionum
741 551 756 567 .
797 552 810 567 .
838 553 851 567 .
893 523 1084 586 posse
1123 501 1373 566 defendi
1412 501 1504 566 ait
1540 524 1618 566 ex
1656 500 1923 567 semisse
1960 502 2259 568 heredem

245 592 412 676 fore,
459 591 644 676 quasi
689 592 833 675 plus
882 595 1325 675 nuncupatum
1376 590 1490 676 sit,
1535 592 1742 656 minus
1792 592 2119 676 seriptum.

421 711 790 771 Sententiam
841 714 1050 771 auctor
1095 711 1158 769 in
1202 711 1590 789 Digestorum
1636 730 1871 788 quoque
1928 711 2110 771 libros
2166 731 2263 771 re-

245 800 429 876 cepit:
489 794 721 859 ‘Celsus
765 801 919 860 libro
967 799 1317 860 duodecimo
1366 799 1818 877 Quaestionum,
1874 799 2264 878 Digestorum

245 889 553 949 undecimo
602 879 830 969 (potius
877 891 1042 948 sexto
1089 880 1351 969 decimo)
1548 883 1675 948 ait'.
2196 881 2201 886 ’

1043 1083 1256 1143 Liber
1301 1084 1459 1144 XIX.

1063 1193 1163 1260 De
1208 1185 1438 1278 leyatis.

421 1309 483 1372 4.
546 1307 625 1373 D.
663 1310 776 1394 34,
812 1310 882 1391 2,
923 1310 1032 1392 19,
1069 1310 1130 1374 3.
1229 1308 1547 1393 Ulpianus
1602 1309 1766 1374 libro
1822 1309 2127 1375 vicesimo
2176 1309 2259 1373 ad

247 1395 561 1461 Sabinum
619 1393 714 1482 (P.
754 1397 976 1482 2606).
1026 1435 1103 1444 —
1156 1446 1173 1463 .
1213 1448 1225 1461 .
1275 1396 1503 1463 Celsus
1558 1396 1724 1463 libro
1772 1419 1952 1462 nono
2008 1397 2257 1463 decimo

246 1483 715 1560 Quaestionum
763 1487 1031 1571 quaerit,
1079 1487 1135 1550 si
1179 1490 1432 1551 eentum
1474 1486 1686 1572 pondo
1726 1486 1978 1570 argenti
2016 1485 2260 1551 fuerint

245 1573 488 1656 relicta,
531 1594 614 1638 an
649 1575 1044 1659 replumbari
1082 1574 1377 1657 debeant,
1414 1577 1487 1639 ut
1525 1575 1617 1639 sie
1655 1573 2111 1658 appendantur.
2196 1578 2261 1638 et

244 1660 553 1727 Proculus
624 1667 690 1726 et
753 1660 977 1729 Celsus
1043 1664 1223 1728 aiunt
1287 1666 1581 1747 exempto
1651 1663 1916 1747 plumbo
1982 1662 2261 1746 appendi

245 1749 503 1835 debere3
558 1773 708 1815 nam
764 1755 830 1815 et
882 1752 1282 1835 emptoribus
1339 1752 1781 1836 replumbatae
1834 1751 2259 1837 adsignantur

249 1844 316 1904 et
361 1840 431 1903 in
479 1840 762 1905 rationes
810 1841 1062 1925 argenti
1107 1841 1360 1925 pondus
1411 1840 1503 1905 sie
1549 1839 1853 1906 defertur.

423 1962 750 2021 Mommsen
815 1962 1019 2039 potius
1082 1955 1258 2022 ‘libro
1322 1980 1476 2022 nono
1539 1961 1953 2039 Digestorum,
2026 1960 2257 2021 decimo

247 2045 702 2119 Quaestionum'
766 2051 1078 2129 legendum
1144 2070 1273 2111 esse
1338 2051 1578 2125 eonieit3
1643 2053 1854 2127 postea
1916 2049 2073 2109 enim
2129 2048 2167 2125 ἓ
2218 2052 2254 2109 6

209 2204 223 2221 ,
245 2137 492 2216 legitur:
540 2134 774 2199 ‘Celsus
818 2139 969 2198 libro
1015 2158 1170 2199 nono
1217 2140 1444 2200 decimo
1490 2140 1893 2217 Digestorum,
1940 2136 2255 2198 Commen-

245 2228 540 2287 tariorum
586 2229 843 2304 septimo
892 2222 1139 2288 scribit'.

716 2438 821 2498 IV.
868 2436 1557 2498 Commentariorum
1600 2439 1793 2499 libri.

429 2561 595 2621 Sicut
647 2562 725 2621 M.
770 2562 963 2622 Poreii
1013 2561 1255 2621 Catonis
1312 2562 1451 2621 libri
1496 2562 1567 2621 de
1614 2562 1743 2621 iure
1788 2562 1950 2622 eivili
1998 2581 2036 2621 a
2080 2564 2261 2624 Festo

247 2670 305 2726 p.
348 2652 474 2710 154
530 2644 986 2710 ‘commentarii'
1031 2651 1421 2728 designantur
1466 2642 1527 2731 (1
1560 2671 1619 2728 p.
1661 2644 1791 2730 21),
1835 2652 1926 2709 ita
1971 2650 2154 2711 Gaius
2201 2657 2263 2711 et

246 2738 702 2817 Institutionum
737 2739 925 2799 libros
963 2743 1025 2798 et
1061 2739 1210 2799 alios
1249 2757 1387 2799 suos
1422 2740 1609 2799 libros
1640 2733 1814 2819 (Inst.
1846 2742 1903 2816 3,
1925 2741 2005 2799 33
2039 2742 2099 2798 et
2127 2732 2260 2819 54),

249 2826 478 2887 Gellius
534 2830 736 2887 autem
795 2830 894 2901 14,
936 2830 992 2903 2,
1037 2831 1091 2907 1,
1132 2830 1168 2887 2
1224 2828 1472 2887 Masurii
1518 2828 1724 2887 Sabini
1775 2827 1961 2887 libros
2014 2829 2087 2888 de
2132 2829 2261 2889 iure

247 2917 412 2978 civili
459 2916 711 2993 scriptos
758 2910 1258 2977 ‘commentarios’
1308 2917 1453 2977 dicit
1498 2910 1607 2997 (II,
1639 2920 1674 2977 2
1704 2939 1762 2994 p.
1794 2910 1968 2997 550).

1059 3111 1271 3171 Liber
1315 3111 1451 3171 VH.

753 3220 852 3287 De
897 3222 1088 3305 leyato
1120 3243 1239 3304 per
1281 3224 1758 3288 damnationem.

423 3335 501 3402 D.
519 3338 622 3421 34,
641 3338 701 3420 2,
726 3338 825 3420 19,
845 3338 904 3403 6.
951 3336 1266 3421 Ulpianus
1286 3338 1454 3403 libro
1475 3337 1824 3403 vicensimo
1846 3338 1927 3403 ad
1949 3336 2259 3403 Sabinum

248 3422 347 3510 (P.
384 3422 608 3513 2606).
672 3461 758 3472 -
823 3475 837 3489 .
875 3473 892 3489 .
948 3423 1172 3491 Celsus
1226 3426 1395 3491 libro
1453 3477 1466 3491 .
1508 3478 1521 3491 .
1559 3476 1574 3491 .
1634 3425 2260 3493 Commentariorum

249 3514 521 3597 septimo
590 3514 813 3581 scribit
880 3536 1035 3579 auro
1099 3514 1317 3600 legato
1381 3537 1456 3580 ea
1519 3536 1681 3599 quae
1741 3516 2039 3579 inaurata
2089 3517 2260 3597 sunt,
