2575 3900
383 205 515 269 514
1122 203 1396 259 ADDITA
1405 201 1558 258 ΜΕΝ
1564 203 1673 258 TA.

381 391 531 433 nem
608 368 1064 452 oppresserint,
1108 417 1126 436 .
1174 416 1189 431 .
1237 415 1253 432 .
1300 367 1624 434 veteribus
1691 367 1909 450 placet
1971 388 2193 432 omnes
2266 368 2420 453 lege

382 457 648 541 Aquilia
696 457 918 520 teneri.

558 544 661 610 45.
716 544 795 611 D.
851 547 910 627 9,
964 546 1024 624 2,
1071 545 1175 626 51,
1235 546 1291 609 1.
1387 543 1679 609 Iulianus
1734 544 1902 608 libro
1961 546 2415 628 octogensimo

383 637 563 698 sexto
609 627 1048 720 Digestorum.
1098 670 1178 680 -—
1225 632 1304 697 Id
1343 683 1356 696 .
1388 683 1402 697 .
1441 637 1541 697 est
1586 654 1982 718 consequens
2029 634 2415 698 auctoritati

380 725 693 804 veterum,
740 723 867 806 qui,
924 744 1069 786 cum
1126 744 1165 786 a
1220 721 1516 806 pluribus
1563 721 1732 786 idem
1780 742 1999 786 servus
2045 723 2138 786 ita
2184 723 2414 786 vulne·

380 816 561 875 ratus
627 814 824 894 essct,
897 816 969 874 ut
1031 833 1161 875 non
1228 814 1593 895 appareret,
1669 812 1847 875 cuius
1913 812 2047 875 ictu
2108 811 2415 896 perisset,

381 921 606 964 omnes
656 900 797 985 lege
844 899 1103 983 Aquilia
1148 900 1356 963 teneri
1402 899 1861 964 iudicaverunt.

556 998 662 1063 46.
710 997 789 1062 D.
827 998 888 1080 9,
927 998 986 1079 2,
1024 998 1129 1079 27,
1172 998 1270 1062 13.
1327 996 1644 1080 Ulpianus
1682 998 1846 1062 libro
1887 1000 2114 1061 octavo
2153 996 2409 1062 decimo

381 1086 459 1149 ad
509 1087 807 1151 edictum.
852 1122 923 1130 —
978 1084 1199 1169 Inquit
1242 1087 1348 1150 lex
1392 1084 1706 1168 'ruperit'.
1781 1087 2084 1170 [rupisse]
2132 1086 2410 1150 verbum

382 1175 515 1239 fere
564 1196 787 1239 omnes
834 1177 1081 1239 veteres
1130 1174 1222 1238 sic
1268 1174 1750 1238 intellexerunt:
1797 1175 2172 1258 corruperit.

1121 1350 1224 1417 De
1268 1351 1655 1416 condictione.

555 1476 660 1539 47.
706 1475 786 1539 D.
840 1476 937 1554 12,
985 1475 1044 1558 5,
1091 1476 1149 1540 6.
1196 1474 1510 1559 Ulpianus
1558 1475 1728 1540 libro
1768 1479 1997 1540 octavo
2037 1474 2284 1541 decimo
2325 1477 2405 1540 ad

380 1562 703 1629 Sabinum.
761 1601 845 1610 —
895 1614 908 1627 .
958 1613 971 1628 .
1018 1613 1032 1627 .
1094 1568 1380 1629 veterum
1447 1565 1816 1648 opinionem
1885 1566 2403 1629 existimantium

378 1653 443 1717 id
509 1653 677 1737 quod
752 1675 829 1717 ex
895 1653 1135 1716 iniusta
1201 1675 1395 1718 causa
1447 1653 1617 1738 apud
1683 1653 1962 1738 aliquem
2027 1654 2137 1738 sit,
2211 1676 2404 1738 posse

377 1742 642 1807 condici.
1795 1771 1802 1778 ·

552 1830 660 1894 48.
707 1829 787 1895 D.
819 1830 919 1911 13,
952 1831 1008 1913 1,
1036 1830 1140 1894 20.
1187 1829 1644 1914 Tryphoninus
1682 1831 1850 1895 libro
1890 1832 2118 1915 quinto
2152 1829 2400 1896 decimo

378 1918 928 2004 Disputationum.
987 1956 1065 1965 —
1130 1918 1313 1983 Licet
1375 1918 1480 1983 fur
1543 1925 1806 2002 paratus
1862 1919 2056 1985 fuerit
2108 1921 2402 2005 excipere

379 2009 843 2074 condictionem
890 2013 956 2073 et
1003 2030 1115 2092 per
1163 2030 1263 2071 me
1313 2010 1585 2090 steterit,
1633 2009 1783 2073 dum
1830 2010 1900 2074 in
1945 2010 2138 2073 rebus
2174 2010 2402 2075 huma·

377 2099 479 2161 nis
527 2119 627 2160 res
675 2096 902 2180 fuerat,
950 2096 1281 2161 condicere
1331 2119 1490 2179 eam,
1536 2103 1763 2182 postea
1801 2102 2016 2163 autem
2063 2105 2402 2183 perempta

379 2190 496 2271 est,
541 2190 757 2249 tamen
804 2186 1033 2249 durare
1082 2185 1550 2251 condictionem
1596 2190 1844 2251 veteres
1892 2187 2254 2253 voluerunt.
2283 2237 2298 2251 .
2329 2238 2344 2252 .

945 2363 1045 2428 De
1090 2364 1408 2429 verborum
1453 2364 1828 2447 obligatione.

554 2488 655 2552 49.
724 2487 801 2552 D.
857 2487 963 2568 45,
1022 2490 1079 2568 1,
1138 2488 1281 2569 140,
1349 2490 1401 2552 1.
1514 2486 1753 2552 Paulus
1820 2489 1988 2553 libro
2055 2490 2255 2555 tertio
2321 2491 2400 2553 ad

379 2574 731 2643 Neratium.
781 2614 863 2623 -—
920 2575 1014 2640 De
1062 2577 1181 2641 hac
1230 2576 1647 2659 stipulatione
1695 2576 1935 2642 ‘annua
1979 2578 2158 2642 bima
2203 2580 2400 2642 trima

376 2667 478 2730 die
518 2666 582 2730 id
621 2672 961 2751 argentum
992 2664 1197 2749 (sua)
1228 2687 1480 2750 quaque
1520 2664 1622 2730 die
1661 2666 1878 2730 dari?'
1940 2666 2110 2749 apud
2147 2670 2398 2733 veteres

375 2756 624 2820 varium
669 2755 811 2819 fuit.

556 2844 658 2908 50.
709 2843 784 2908 D.
822 2844 928 2925 45,
970 2845 1025 2926 1,
1063 2844 1167 2925 91,
1207 2845 1263 2909 3.
1329 2841 1568 2908 Paulus
1615 2843 1782 2907 libro
1831 2844 2109 2929 septimo
2148 2844 2399 2909 decimo

379 2932 459 2996 ad
504 2930 845 2996 Plautium.
914 2969 995 2977 -—
1066 2983 1077 2995 .
1120 2981 1133 2995 .
1173 2979 1188 2996 .
1245 2938 1493 2996 veteres
1541 2932 2041 3016 constituerunt,
2096 2934 2399 3017 quotiens

382 3022 574 3103 culpa
621 3021 967 3085 intervenit
1012 3020 1341 3104 debitoris,
1388 3021 1756 3104 perpetuari
1803 3021 2288 3107 obligationem.

558 3116 664 3183 51.
713 3116 853 3182 Gai.
900 3119 959 3201 3,
1009 3118 1153 3183 180.
1191 3155 1277 3165 —-
1317 3170 1330 3183 .
1369 3170 1381 3183 .
1423 3119 1591 3203 apud
1636 3123 1887 3183 veteres
1933 3122 2244 3204 scriptum
2285 3124 2401 3203 est,

380 3210 529 3271 ante
590 3206 773 3270 litem
820 3211 1251 3272 contestatam
1291 3208 1440 3272 dare
1488 3208 1842 3273 debitorem
1889 3212 2204 3292 oportere,
2249 3214 2402 3291 post

378 3296 559 3359 litem
607 3299 1036 3359 contestatam
1084 3298 1493 3361 condemnari
1540 3302 1855 3381 oportere,
1904 3302 2057 3380 post
2103 3297 2399 3361 condem-

374 3384 708 3448 nationem
755 3383 1105 3448 iudicatum
1153 3385 1362 3450 facere
1409 3392 1722 3469 oportere.

555 3473 657 3538 52.
714 3472 793 3537 D.
850 3474 957 3551 46,
1013 3474 1072 3555 3,
1128 3474 1230 3538 97.
1336 3473 1514 3537 Idem
1573 3472 1689 3560 (sc.
1744 3472 2167 3561 Papinianus)
2225 3474 2398 3538 libro

381 3562 659 3626 secundo
725 3560 1205 3626 Definitionum.
1282 3598 1365 3608 —
1442 3560 1604 3627 Cum
1681 3584 1758 3627 ex
1825 3564 2119 3648 pluribus
2185 3564 2396 3627 causis
