2575 3900
1008 190 1056 240 3.
1093 183 1422 240 ΜΠΠΟΙΠΒ
2094 185 2137 250 2
2144 187 2224 252 73

960 405 1071 464 III.
1140 448 1155 464 .
1184 449 1197 464 .
1232 451 1245 464 .
1292 404 1488 466 libri.

390 528 483 588 De
526 528 750 589 Minicii
804 529 971 589 libris
1020 530 1309 606 pleraque
1354 528 1418 588 in
1460 528 1680 588 Iuliani
1724 530 1988 590 eiusdem
2034 531 2228 607 operis

207 616 558 677 recensione
618 618 1034 694 inveniuntur,
1097 618 1267 676 cuius
1321 617 1661 696 fragmenta
1716 618 2112 680 Tribonianus
2166 621 2230 680 in

206 725 365 766 nova
410 705 667 784 Digesta
712 707 953 782 recepit.
1034 706 1139 765 sed
1185 725 1259 764 ne
1305 705 1524 764 Iuliani
1571 705 1806 782 quidem
1851 707 2034 768 libros
2083 708 2230 768 satis

206 794 482 872 cognitos
538 795 856 874 habemus,
910 813 1047 853 cum
1098 795 1163 853 in
1215 793 1516 871 plerisque
1569 795 1948 874 fragmentiS,
2003 796 2229 857 scilicet

205 883 463 959 tfiginta
509 900 630 960 sex,
676 883 817 944 libri
864 877 958 942 ‘ex
1000 876 1285 954 Minicio',
1329 883 1394 941 in
1437 883 1632 943 tribus
1675 886 1932 961 tantum,
1979 885 2132 945 sicut
2165 886 2230 944 in

100 1011 107 1016 -
204 971 404 1031 indice
433 971 801 1045 Florentino,
835 965 937 1032 ‘ad
964 964 1295 1030 Minicium'
1323 971 1718 1032 nominentur.
1791 973 2020 1033 accedit
2056 974 2227 1050 quod,

205 1079 573 1138 quamquam
624 1061 687 1120 in
740 1059 983 1137 Ulpiani
1037 1061 1374 1138 fragmento
1421 1053 1522 1142 (D.
1556 1064 1656 1139 19,
1689 1065 1885 1137 1,,11,
1919 1055 2028 1140 15)
2083 1063 2228 1122 haec

204 1148 518 1227 leguntur:
565 1139 917 1230 ‘(Iulianus)
964 1148 1120 1210 libro
1168 1148 1395 1208 (1οοὶωο
1443 1149 1602 1225 apud
1638 1149 1948 1209 Minicium
1993 1145 2122 1224 ait',
2165 1151 2228 1209 in

203 1237 528 1297 Iustiniani
584 1237 849 1313 Digestis
915 1237 1057 1296 alibi
1119 1255 1418 1313 nusquam
1479 1239 1644 1298 ultra
1708 1241 1944 1298 sextum
2006 1239 2227 1298 librum

203 1325 555 1404 fragmenta
608 1327 813 1385 extant
866 1329 927 1386 et
974 1326 1038 1384 in
1082 1325 1274 1385 indice
1319 1325 1664 1386 Florentino
1712 1327 1932 1387 diserte
1977 1328 2226 1406 legitur:

207 1405 565 1475 Ἵονλιανοῢ
620 1415 695 1473 ad
750 1414 1057 1474 Minicium
1112 1413 1314 1492 βιβλία
1359 1409 1457 1486 ἕξῖ
1550 1416 1754 1492 itaque
1799 1416 2068 1476 nonnulli
2113 1417 2229 1478 viri

204 1502 367 1563 docti
411 1522 521 1580 pro
561 1497 737 1563 ‘libro
774 1497 851 1561 X’
892 1496 1274 1580 potius‘libro
1312 1498 1392 1559 V'
1435 1502 1810 1563 scribendum
1847 1522 1974 1565 esse
2010 1507 2228 1581 putant

204 1585 510 1670 (Krueger
565 1612 619 1667 p.
662 1595 785 1652 161
845 1611 903 1652 n.
946 1583 1128 1670 120),
1184 1595 1249 1650 at
1304 1590 1489 1650 Lenel
1544 1592 1609 1650 P.
1646 1592 1678 1650 I
1731 1592 1839 1652 col.
1887 1595 2016 1653 484
2070 1612 2126 1653 n.
2187 1596 2224 1655 5

202 1680 333 1739 iure
370 1682 601 1741 monet:
641 1675 1114 1756 ‘inscriptionem
1152 1680 1368 1738 falsam
1406 1697 1532 1740 esse
1568 1681 1732 1740 nullo
1770 1681 1945 1741 modo
1974 1685 2225 1757 constat,

92 1801 99 1806 -
203 1768 628 1845 ignorantibus
664 1769 853 1847 nobis,
892 1787 971 1828 an
1008 1768 1355 1828 universum
1381 1768 1600 1828 Iuliani
1627 1787 1776 1846 opus
1804 1770 1880 1829 ad
1906 1770 2227 1830 Iustiniani

208 1859 475 1916 aetatem
519 1851 903 1933 pervenerit'.

380 1945 454 2005 In
506 1945 881 2007 recensendis
930 1946 1151 2007 Iuliani
1203 1946 1555 2025 fragmentis
1603 1946 1955 2006 Triboniani
2010 1966 2223 2009 manus

203 2035 445 2112 saepius
493 2035 852 2114 agn‘oscitur.
942 2036 1185 2095 maximi
1232 2039 1434 2096 autem
1481 2036 1771 2095 momenti
1818 2037 2087 2114 quaestio
2134 2040 2226 2098 est

202 2124 276 2184 de
314 2124 687 2183 secernendis
722 2124 950 2183 Minicii
986 2144 1022 2183 a
1048 2125 1268 2185 Iuliani
1296 2124 1512 2186 verbis.
1592 2128 1772 2202 atque
1801 2144 2226 2202 nonnunquam

198 2212 429 2271 Iuliani
494 2214 673 2272 notae
725 2213 946 2273 diserte
1001 2214 1381 2274 exhibentur:
1437 2213 1509 2273 D.
1552 2214 1652 2289 33,
1694 2216 1753 2292 3,
1794 2218 1825 2273 1
1880 2209 2224 2290 ‘respondit.

204 2346 219 2360 .
247 2347 304 2361 ..
353 2301 625 2361 Iulianus
670 2303 867 2361 notat:
916 2301 1224 2362 videamus
1272 2351 1286 2363 .
1318 2345 1333 2360 .
1364 2296 1402 2362 .'
1473 2301 1547 2363 D.
1579 2304 1636 2379 6,
1670 2305 1725 2377 1,
1754 2305 1833 2362 61
1877 2296 2222 2379 ‘respondit

310 2389 583 2449 Iulianus
611 2392 808 2449 notat:
847 2408 986 2449 nam
1025 2385 1123 2449 ...⁹
1197 2390 1260 2449 in
1298 2390 1415 2449 alio
1443 2390 1780 2468 fragmento
1808 2383 2221 2472 (D.17,1,33)

204 2498 271 2537 re
326 2478 638 2555 proposita
689 2479 837 2538 haee
891 2479 1201 2557 leguntur:
1258 2472 1550 2537 ‘Iulianus
1602 2469 1804 2537 uerius
1857 2473 2076 2558 putat',
2130 2480 2224 2539 bis

205 2566 437 2626 scilicet
471 2566 543 2626 D.
575 2569 633 2644 3,
664 2569 721 2644 3,
747 2570 824 2628 76
866 2569 927 2626 et
964 2569 1068 2645 46,
1092 2569 1149 2644 8,
1172 2568 1272 2641 23,
1319 2568 1489 2625 haec:
1537 2560 1832 2626 ‘Iulianus
1868 2562 2224 2645 respondit'3

199 2674 633 2731 nonnunquam
685 2656 851 2715 nullo
914 2656 1177 2715 auctoris
1237 2655 1478 2715 nomine
1533 2654 1735 2714 addito
1791 2658 2048 2714 tantem:
2114 2650 2226 2715 ‘re-

200 2737 470 2820 spondit'
535 2736 639 2823 (D.
678 2746 790 2821 41,
828 2747 898 2821 4,
940 2746 1037 2804 10.
1098 2746 1201 2820 46,
1242 2748 1298 2820 1,
1343 2746 1440 2803 19.
1500 2745 1600 2821 23,
1640 2745 1697 2817 3,
1736 2745 1839 2803 49.
1899 2746 1954 2818 6,
1996 2748 2051 2816 1,
2091 2735 2225 2823 59),

199 2824 498 2907 ‘negavit'
537 2824 638 2914 (D.
661 2835 719 2911 8,
741 2835 799 2909 3,
821 2834 921 2892 31.
952 2835 1055 2906 43,
1079 2834 1179 2907 20,
1202 2834 1258 2893 5.
1291 2834 1392 2906 22,
1413 2822 1626 2912 1,26),
1675 2831 1932 2909 denique
1978 2835 2220 2892 auctore

194 2940 323 2981 non
369 2921 705 3000 designato:
771 2913 1095 2998 ‘respondi'
1142 2914 1243 3002 (D.
1275 2923 1476 2999 24,,1,
1517 2922 1617 2980 39.
1677 2922 1732 2998 8,
1765 2921 1821 2998 5,
1855 2912 1984 3002 18),
2030 2914 2224 2998 ‘puto'

198 3003 305 3091 (D.
338 3011 453 3178 41,)
473 3012 530 3085 2,
564 3002 706 3091 39),
753 3005 945 3069 ‘cuius
993 3010 1386 3079 sententiae.
1415 3055 1429 3069 .
1460 3056 1474 3069 .
1521 3013 1583 3069 et
1629 3028 1739 3087 ego
1788 3003 1940 3069 sum'
1981 3001 2082 3091 (D.
2120 3013 2221 3089 40,

204 3100 307 3175 12,
340 3099 424 3158 30
459 3144 472 3159 .

379 3186 452 3245 In
526 3186 659 3246 aliis
733 3206 938 3246 eorum
1004 3206 1156 3264 quae
1219 3205 1401 3263 supra
1464 3187 1690 3263 protuli
1753 3188 2222 3265 fragmentorum

199 3274 426 3334 Iuliani
491 3275 817 3335 sententias
879 3276 1093 3335 referri
1146 3277 1531 3336 manifestum
1587 3279 1704 3353 est,
1768 3276 1984 3351 quibus
2040 3276 2223 3335 etiam

198 3363 399 3423 altera
433 3382 575 3438 pars
612 3364 935 3443 fragmenti
970 3364 1128 3441 quod
1166 3365 1522 3443 D.47,2,60
1555 3365 1798 3443 legitur,
1839 3365 2223 3424 attribuenda

205 3456 313 3529 est,
344 3452 427 3517 ‚in
472 3472 590 3529 quo
633 3452 933 3513 sententia
968 3454 1248 3529 anonymi
1284 3453 1592 3513 cuiusdam
1630 3453 1824 3512 relata
1857 3452 2004 3512 haec
2041 3453 2223 3513 verba.

204 3541 536 3601 adduntur:
596 3535 729 3602 ‘hoc
784 3544 986 3601 tamen
1034 3543 1124 3601 ita
1169 3540 1573 3617 accipiendum
1621 3544 1715 3601 est
1757 3585 1774 3602 .
1803 3587 1816 3599 .
1847 3533 1884 3599 .'
1970 3542 2032 3599 in
2085 3541 2220 3600 aliis

304 3650 499 3699 Iurispr.
527 3650 763 3691 antehadr.
790 3650 888 3690 rell.
916 3650 986 3691 ed.
1014 3650 1213 3689 Bremer.
1258 3649 1320 3700 Π,
1341 3650 1378 3689 2.
1734 3643 1797 3691 18
