2575 3900
975 172 1057 278 ’7.
1096 220 1470 278 PRocuLus
1681 291 1694 304 ⁶
2123 223 2253 286 149

238 405 380 449 mea
444 383 745 468 interest,
812 387 1055 468 quanto
1120 386 1204 450 ob
1269 385 1336 451 id
1402 385 1680 451 deterior
1745 391 1870 470 est,
1935 390 2000 451 et
2062 409 2257 472 quam

238 473 558 539 actionem
618 473 817 538 semel
882 495 959 538 ex
1014 474 1324 558 stipulatu
1376 475 1614 540 habere
1671 476 1878 560 coepi,
1943 496 2085 540 eam
2139 497 2257 540 nec

238 561 555 626 evictione
598 583 714 627 nec
760 567 969 628 morte
1013 585 1131 628 nec
1177 565 1685 629 manumissione
1729 586 1848 630 nec
1893 564 2050 650 fuga
2085 565 2266 634 servi,

234 671 351 715 nec
389 651 525 716 ulla
563 650 761 716 simili
797 673 995 718 causa
1032 651 1272 736 amitti3
1313 657 1382 718 at
1419 653 1476 717 si
1512 654 1581 716 in
1619 652 1812 718 bonis
1849 653 2008 718 meis
2044 652 2255 718 factus

234 761 363 804 non
421 741 533 821 sit,
586 740 749 805 nihil
806 741 888 805 ob
946 761 1023 804 ea
1076 739 1456 843 pauperior¹
1511 742 1663 827 sim,
1715 744 1943 827 utpote
1999 764 2144 807 cum
2189 743 2257 806 in

234 829 421 894 bonis
467 829 630 893 meis
667 849 799 894 non
836 829 945 894 sit.
1018 829 1190 914 quod
1225 829 1283 895 si
1323 851 1552 895 sanum
1589 851 1747 914 esse,
1794 852 2089 896 erronem
2125 852 2258 896 non

237 938 375 982 esse
422 916 768 1002 stipulatus
814 939 1044 1002 essem,
1086 922 1344 983 tantum
1389 941 1534 984 mea
1568 919 1898 1003 interesse,
1945 923 2258 1007 quantum

236 1005 316 1070 ad
379 1010 786 1091 praesentem
849 1029 1039 1072 usum
1098 1007 1474 1091 pertineret,
1537 1008 1800 1074 tametsi
1852 1009 1924 1074 in
1977 1009 2255 1074 obscuro

237 1102 435 1177 esset,
485 1099 713 1178 utpote
758 1095 1209 1180 ignorantibus
1256 1097 1475 1179 nobis,
1529 1097 1835 1183 quamdiu
1883 1119 2028 1162 eum
2071 1095 2256 1161 habi-

235 1185 417 1248 turus
475 1205 681 1249 essem
740 1189 806 1249 et
861 1206 942 1248 an
999 1184 1286 1249 futurum
1342 1189 1537 1270 esset,
1591 1190 1668 1250 ut
1723 1207 1867 1250 eum
1919 1185 2259 1270 quisquam

235 1275 348 1336 aut
405 1295 443 1336 a
497 1294 600 1337 me
656 1276 771 1337 aut
824 1272 906 1338 ab
966 1295 1041 1339 eo
1098 1274 1201 1338 cui
1253 1273 1686 1340 vendidissem
1731 1276 1912 1341 cuive
1960 1274 2260 1338 similiter

234 1361 676 1444 promisissem
714 1362 1050 1427 evinceret.
1131 1385 1451 1427 summam
1491 1368 1707 1428 autem
1745 1364 2062 1447 opinionis
2102 1384 2258 1427 suae

232 1449 401 1514 hanc
466 1471 634 1535 esse,
696 1455 771 1514 ut
824 1454 1082 1515 tantum
1138 1475 1217 1516 ex
1270 1473 1348 1516 ea
1404 1453 1826 1537 stipulatione
1883 1473 2260 1537 consequar,

236 1537 462 1622 quanti
512 1561 656 1603 mea
700 1537 958 1604 intersit
1003 1543 1116 1605 aut
1159 1545 1312 1625 post
1358 1541 1848 1626 stipulationem
1892 1540 2256 1605 interfuerit

236 1647 383 1691 eum
430 1648 685 1694 servum
731 1627 1079 1713 fugitivum
1123 1651 1254 1694 non
1305 1627 1504 1693 esse.²

411 1717 519 1781 41.
572 1716 652 1781 D.
688 1718 793 1800 42,
834 1718 892 1800 8,
921 1716 1027 1796 25,
1065 1716 1124 1783 5.
1214 1716 1564 1784 Venuleius
1609 1719 1777 1784 libro
1826 1721 2006 1783 sexto
2052 1717 2260 1782 Inter-

233 1805 556 1870 dictorum
622 1803 719 1890 (P.
758 1803 925 1892 27¹²).
986 1843 1070 1852 -—
1137 1806 1446 1872 Proculus
1511 1807 1630 1892 ait,
1696 1808 1751 1872 si
1813 1807 2046 1871 mulier
2108 1810 2262 1892 post

233 1894 706 1961 alienationem
760 1895 1125 1981 conceperit
1184 1899 1250 1961 et
1306 1900 1651 1982 antequam
1697 1900 2021 1982 ageretur,
2067 1917 2258 1981 pepe-

235 1985 424 2064 rerit,
489 1984 737 2049 nullam
785 2005 926 2049 esse
975 1985 1469 2069 dubitationem,
1531 1987 1686 2072 quin
1729 1990 1956 2071 partus
2000 1984 2259 2050 restitui

230 2093 381 2137 nonv
412 2073 667 2157 debeat3
718 2072 775 2137 si
819 2095 991 2157 vero,
1037 2095 1182 2140 cum
1230 2074 1641 2159 alienaretur,
1685 2096 2008 2161 praegnas
2044 2074 2260 2158 fuerit,

232 2183 426 2249 posse
473 2162 599 2227 dici
641 2165 904 2247 partum
950 2182 1200 2248 quoque
1247 2164 1504 2229 restitui
1550 2168 1866 2250 oportere.

957 2373 1045 2429 De
1080 2374 1267 2428 insula
1302 2374 1541 2429 vendita.

408 2481 515 2546 42.
560 2479 639 2546 D.
667 2482 773 2563 20,
802 2482 864 2565 4,
896 2482 996 2548 13.
1067 2481 1312 2547 Paulus
1342 2483 1512 2548 libro
1543 2484 1770 2567 quinto
1801 2481 1880 2547 ad
1909 2481 2257 2547 Plautium.

236 2605 313 2616 --
355 2568 646 2634 Insulam
688 2570 811 2635 tibi
847 2570 1105 2635 vendidi
1144 2580 1207 2635 et
1244 2570 1378 2636 dixi
1413 2572 1650 2655 prioris
1690 2572 1842 2635 anni
1878 2571 2253 2655 pensionem

231 2657 411 2743 mihi,
458 2659 884 2761 sequentium·
905 2660 1030 2724 tibi
1078 2680 1480 2725 accessuram
1525 2661 1998 2746 pignorumque
2037 2659 2119 2723 ab
2156 2658 2256 2722 in-

232 2747 478 2831 quilino
528 2749 824 2813 datorum
864 2748 965 2813 ius
1003 2752 1349 2833 utrumque
1389 2753 1772 2814 secuturum.
1847 2746 2063 2812 Nerva
2102 2747 2259 2811 Pro-

231 2836 435 2921 culus,
479 2836 607 2900 nisi
650 2836 729 2901 ad
768 2840 1106 2921 utramque
1143 2838 1517 2921 pensionem
1556 2838 1830 2923 pignora
1867 2834 2256 2920 sufficerent,

230 2924 331 2989 ius
380 2926 666 2989 omnium
710 2927 1058 3010 pignorum
1105 2926 1385 3010 primum
1432 2926 1512 2991 ad
1558 2948 1660 2991 me
1707 2927 2052 3011 pertinere,
2100 2926 2254 3011 quia

229 3013 395 3077 nihil
442 3018 663 3097 aperte
711 3014 953 3079 dictum
1005 3019 1192 3098 esset,
1240 3037 1325 3079 an
1373 3016 1795 3081 communiter
1841 3038 1918 3080 ex
1954 3014 2256 3080 omnibus

231 3102 616 3187 pignoribus
674 3125 925 3169 summa
979 3126 1098 3189 pro
1154 3108 1296 3169 rata
1351 3110 1668 3191 servetur,
1729 3105 1782 3171 si
1840 3104 1990 3189 quid
2037 3124 2254 3187 super·

232 3194 432 3276 esset,
483 3191 564 3257 ad
609 3196 693 3259 te.

373 3388 404 3437 1
446 3382 543 3439 Fz.
584 3384 658 3439 ob
693 3400 760 3439 ea
798 3385 948 3454 quod
986 3386 1257 3455 fugitivus
1297 3386 1372 3441 sit
1407 3384 1717 3455 pauperior.

372 3460 405 3508 2
444 3456 618 3509 Lenel
644 3456 703 3510 P.
735 3462 840 3511 399
869 3458 1055 3512 notat.
1100 3456 1245 3512 ‘eum
1286 3473 1399 3511 non
1436 3457 1576 3511 esse'
1611 3458 1778 3526 gloss.
1792 3459 1819 3514 ἓ
1857 3474 1930 3511 an
1956 3472 2056 3525 pro
2089 3456 2255 3525 ‘fugi-

226 3525 407 3581 tivum
447 3543 560 3581 non
596 3526 739 3581 esse'
780 3528 865 3582 ita
900 3528 1015 3583 fere
1054 3544 1183 3582 scr..
1235 3526 1557 3598 ‘fugitivum
1594 3545 1705 3583 non
1743 3544 1862 3583 esse
1901 3543 2098 3581 sanum
2138 3543 2259 3581 esse

229 3614 483 3653 erronem
522 3613 636 3652 non
672 3598 815 3653 essc'
830 3605 855 3653 ?
