2575 3900
292 190 424 255 360
494 190 562 247 V.
600 190 901 247 NERVAE
936 191 1031 247 ET
1070 190 1376 249 TRAIANI
1411 190 1624 249 ΤΕΜΡ.
1661 192 1853 249 IURIS
1891 192 2246 250 CONSULTI

290 360 678 437 singulariter
712 362 775 419 et
809 360 995 420 miror
1031 363 1093 421 et
1130 361 1335 440 diligo.
1414 362 1566 421 nihil
1603 366 1696 423 est
1723 362 1881 421 enim
1909 362 2016 423 illo
2046 364 2311 442 graviuS,

292 450 584 525 sanctiue,
640 448 899 525 doctius,
952 452 1022 509 ut
1076 450 1224 509 mihi
1278 469 1399 509 non
1451 470 1606 511 unus
1659 452 1862 524 hom0,
1920 452 2025 512 sed
2069 453 2314 512 litterae

290 538 457 615 ipsae
532 556 855 615 omnesque
918 539 1109 598 bonae
1174 542 1334 599 artes
1397 540 1463 599 in
1525 559 1644 600 uno
1709 540 1948 601 homine
2013 560 2312 601 summum

288 627 625 703 periculum
680 627 846 686 adire
899 627 1235 687 videantur.
1326 648 1509 706 quam
1557 630 1786 705 peritus
1831 630 1937 689 ille
1983 632 2044 690 et
2087 630 2312 706 privati

291 716 438 776 iuris
490 718 552 775 et
594 716 847 793 publici!
940 720 1233 791 quantum
1278 736 1506 797 rerum,
1552 721 1844 796 quantum
1889 718 2312 797 exemplorum,

292 807 586 881 quantum
642 804 1023 881 antiquitatis
1076 807 1266 865 tenet!
1321 806 1474 866 nihil
1528 809 1622 867 est
1666 807 1827 884 quod
1872 807 2098 867 discere
2142 808 2312 881 velis,

292 894 452 970 quod
497 894 599 953 ille
646 895 856 953 docere
898 912 1020 953 non
1063 894 1277 970 possit:
1333 895 1484 954 mihi
1531 899 1718 964 certe,
1762 896 2037 972 quotiens
2085 896 2313 973 aliquid

292 982 564 1042 abditum
601 1002 841 1061 quaero,
876 982 981 1042 ille
1007 982 1326 1043 thesaurus
1353 987 1461 1043 est.
1533 985 1654 1043 iam
1683 987 1911 1062 quanta
1938 986 2314 1045 sermonibus

292 1072 419 1132 eius
490 1072 663 1149 fides,
735 1074 963 1148 quanta
1034 1073 1386 1150 auctoritaS,
1459 1092 1641 1149 quam
1707 1092 1914 1149 pressa
1976 1077 2038 1133 et
2099 1073 2316 1134 decora

292 1160 620 1221 cunctatio!
721 1160 865 1238 quid
920 1163 1013 1220 est
1065 1160 1224 1238 quod
1277 1179 1398 1220 non
1453 1163 1659 1222 statim
1715 1162 1905 1222 sciat?
1994 1166 2058 1224 et
2109 1166 2315 1222 tamen

291 1251 646 1327 plerumque
710 1249 995 1326 haesitat,
1057 1249 1302 1309 vdubitat
1363 1250 1708 1311 diversitate
1771 1252 2100 1329 rationum,
2164 1270 2316 1329 quas

292 1339 419 1398 acri
462 1357 797 1417 magnoque
833 1338 1055 1399 iudicio
1093 1339 1169 1399 ab
1208 1339 1440 1418 origine
1479 1340 1791 1417 causisque
1829 1340 2039 1416 primis
2075 1341 2314 1416 repetit,

292 1428 603 1503 discernit,
650 1427 949 1504 expendit.
1028 1428 1104 1486 ad
1149 1428 1263 1488 hoc
1312 1447 1492 1504 quam
1535 1446 1752 1505 parcus
1797 1428 1861 1487 in
1905 1429 2086 1507 victu,
2134 1448 2322 1505 quam-

292 1517 559 1577 modicus
604 1516 669 1575 in
714 1517 909 1577 cultu!
987 1517 1150 1576 soleo
1196 1517 1396 1593 ipsum
1441 1518 1784 1578 cubiculum
1829 1517 1962 1577 eius
1997 1518 2315 1595 ipsumque

294 1600 517 1665 lectum
559 1608 630 1665 ut
662 1604 983 1681 imaginem
1021 1605 1323 1681 quandam
1357 1606 1588 1681 priscae
1623 1606 1996 1684 frugalitatis
2032 1607 2314 1682 aspicere.

296 1697 472 1753 ornat
516 1694 664 1753 haec
708 1693 1057 1772 magnitudo
1096 1694 1297 1774 animi,
1343 1714 1498 1771 quae
1533 1695 1684 1754 nibil
1721 1696 1799 1755 ad
1836 1696 2316 1771 ostentationem,

294 1782 495 1842 omnia
538 1781 615 1841 ad
658 1782 1083 1842 conscientiam
1128 1784 1314 1843 refert
1346 1786 1628 1860 recteque
1663 1784 1811 1845 facti
1844 1802 1965 1843 non
2000 1804 2072 1844 ex
2107 1784 2320 1861 populi

296 1888 564 1930 sermone
627 1870 959 1930 mercedem
1018 1872 1121 1930 sed
1177 1890 1248 1929 ex
1303 1872 1464 1933 facto
1519 1872 1689 1948 petit.
1788 1873 1852 1931 in
1908 1892 2142 1933 summa
2196 1892 2318 1933 non

294 1959 470 2019 facile
525 1979 881 2037 quemquam
937 1980 1007 2020 ex
1060 1960 1193 2019 istis
1250 1961 1354 2037 qui
1411 1962 1740 2039 sapientiae
1792 1962 2060 2022 studium
2103 1962 2317 2022 babitu

297 2049 563 2125 corporis
626 2049 973 2125 praeferunt
1032 2049 1171 2108 huic
1224 2051 1356 2110 viro
1413 2051 1799 2126 comparabis.
1899 2070 2020 2110 non
2075 2052 2316 2129 quidem

296 2137 611 2216 gymnasia
657 2140 923 2197 sectatur
966 2142 1075 2197 aut
1119 2139 1387 2214 porticus
1426 2158 1537 2200 nec
1574 2140 2080 2216 disputationibus
2117 2141 2316 2219 longis

297 2228 555 2287 aliorum
602 2227 794 2286 otium
839 2245 1133 2304 suumque
1178 2226 1456 2308 delectat,
1494 2230 1597 2288 sed
1641 2229 1706 2287 in
1750 2231 1896 2306 toga
1938 2228 2318 2306 negotiisque

295 2319 590 2395 versatur,
627 2315 849 2376 multos
887 2314 1293 2395 advocatione,
1330 2317 1534 2392 plures
1563 2317 1807 2378 consilio
1834 2317 2018 2377 iuvat.
2090 2317 2319 2377 nemini

296 2409 498 2464 tamen
552 2405 807 2465 istorum
861 2404 1139 2465 castitate
1184 2405 1409 2480 pietate
1453 2406 1693 2466 iustitia
1734 2405 2088 2466 fortitudine
2135 2407 2320 2466 etiam

296 2494 489 2570 primo
526 2495 656 2554 loco
694 2493 953 2554 cesserit.
1025 2494 1350 2572 mirareriS,
1399 2495 1450 2553 si
1485 2496 1824 2574 interesses,
1867 2515 1986 2572 qua
2020 2495 2320 2570 patientia

296 2584 451 2642 hanc
511 2583 706 2660 ipsam
767 2583 1176 2645 valetudinem
1237 2584 1482 2655 toleret,
1546 2586 1616 2643 ut
1671 2584 1861 2644 dolori
1915 2584 2185 2661 resistat,
2247 2587 2322 2643 ut

298 2673 464 2732 sitim
518 2673 779 2751 differat,
833 2675 907 2733 ut
954 2672 1366 2732 incredibilem
1410 2672 1668 2732 febrium
1714 2672 1988 2732 ardorem
2030 2673 2320 2732 immotus

298 2766 662 2839 opertusque
697 2761 1089 2822 transmittat.
1160 2780 1355 2836 nuper
1391 2780 1485 2820 me
1521 2780 1859 2839 paucosque
1895 2779 2130 2820 mecum
2168 2779 2320 2839 quos

296 2850 551 2910 maxime
624 2851 827 2928 diligit
898 2849 1214 2910 advocavit
1284 2850 1640 2926 rogavitque
1711 2852 1784 2909 ut
1853 2849 2112 2910 medicos
2181 2869 2318 2910 con·

299 2941 631 2998 soleremus
668 2939 742 2998 de
779 2957 1015 2998 summa
1050 2938 1434 3015 valetudinis,
1469 2943 1557 3016 ut,
1595 2939 1648 2998 si
1685 2941 1846 3000 esset
1878 2939 2322 3014 insuperabilis,

300 3030 513 3103 sponte
577 3027 767 3086 exiret
830 3045 863 3086 e
915 3027 1067 3099 vita,
1133 3027 1185 3086 si
1235 3030 1476 3087 tantum
1531 3028 1790 3088 difficilis
1845 3029 1909 3087 et
1960 3029 2168 3106 longa,
2225 3047 2320 3088 re·-

298 3117 541 3176 sisteret
573 3119 981 3194 maneretque3
1019 3116 1281 3175 dandum
1309 3117 1468 3175 enim
1493 3117 1772 3193 precibus
1799 3117 2020 3190 uxoria,
2059 3116 2322 3176 dandum

297 3205 457 3265 filiae
476 3197 764 3278 lacrimis,
798 3204 1061 3264 dandum
1097 3205 1278 3263 etiam
1313 3204 1484 3266 nobis
1521 3206 1746 3282 amicis,
1784 3224 1857 3264 ne
1895 3223 2029 3282 spes
2066 3208 2320 3281 nostraS,

300 3294 351 3354 si
413 3293 588 3353 modo
647 3313 767 3353 non
821 3297 1021 3353 essent
1074 3293 1308 3368 inaneS,
1372 3295 1716 3355 voluntaria
1769 3299 1964 3355 morte
2018 3293 2322 3354 desereret

346 3428 359 3441 .
390 3428 403 3441 .
452 3387 512 3442 et
556 3382 773 3442 medici
820 3382 1058 3460 quidem
1104 3384 1363 3452 secunda
1408 3384 1580 3443 nobis
1625 3384 1984 3460 pollicentur
2030 3430 2042 3443 .
2076 3431 2088 3443 .
2119 3429 2132 3442 .

477 3470 573 3530 Ad
608 3471 834 3530 Titium
868 3472 1066 3547 ipsum
1104 3472 1275 3531 datas
1309 3473 1496 3532 habes
1533 3472 1800 3532 eiusdem
1837 3474 1986 3533 duas
2031 3472 2347 3548 epistulas⁸

332 3561 419 3621 ’.3
468 3562 530 3620 et
576 3561 767 3638 8,14,
812 3578 1065 3638 quarum
1101 3561 1266 3637 prior
1303 3561 1378 3619 ad
1414 3564 1680 3621 nostram
1716 3582 1844 3622 rem
1879 3561 2033 3625 nihil
2083 3561 2322 3639 attinet,
