2575 3900
997 199 1045 249 τ.
1083 193 1454 270 Paocutus
2101 196 2225 260 125

201 356 371 438 facto
416 356 658 438 quidem
700 356 959 421 divortio
998 362 1113 422 aut
1144 357 1302 422 dotis
1336 358 1472 422 iure
1505 362 1619 422 aut
1642 378 1758 440 per
1793 359 2226 423 condictionem

206 450 471 527 repetere
505 449 658 510 recte
681 449 895 528 potest,
928 447 1035 510 sed
1064 446 1123 510 is
1157 446 1334 510 euius
1357 447 1626 528 pecunia
1659 451 1748 511 est
1778 452 1931 511 reete
1955 448 2229 512 vindieat

208 554 365 599 eam.
450 533 647 633 [quod
696 533 751 598 si
796 534 894 597 vir
939 554 1079 597 eam
1124 532 1464 618 pecuniam
1511 556 1629 618 pro
1677 557 1792 600 suo
1839 535 2225 620 possidendo

208 621 535 705 usucepit,
596 621 838 686 scilicet
902 622 1052 705 quia
1112 622 1504 688 existimavit
1565 624 1898 688 mulierem
1953 623 2224 688 liberam

212 731 371 791 esse,
409 709 676 793 propius
714 713 830 790 est,
866 715 939 774 ut
974 709 1337 776 existimem
1374 733 1520 776 eum
1556 711 1969 796 lucrifecisse,
2006 712 2227 797 utique

214 799 297 883 si,
360 802 700 883 antequam
754 799 1233 864 matrimonium
1289 821 1432 864 esse
1488 800 1830 885 inciperet,
1884 801 2231 885 usucepitJ.

211 891 269 952 et
301 888 372 952 in
407 888 614 952 eadem
648 887 933 969 opinione
968 906 1136 971 sum,
1176 889 1235 952 si
1270 889 1426 969 quid
1458 908 1532 953 ex
1567 909 1640 954 ea
1661 890 1932 972 pecunia
1956 891 2226 974 paravit,

212 981 541 1058 antequam
594 995 667 1039 ea
718 977 826 1041 dos
875 977 1071 1062 fieret,
1123 977 1243 1061 ita,
1296 982 1366 1042 ut
1417 998 1525 1042 nee
1565 979 1880 1060 possideat
1931 998 2069 1042 eam
2122 998 2228 1046 neo

209 1065 347 1129 dolo
388 1064 614 1145 feeerit,
657 1084 773 1147 quo
817 1065 1027 1130 minus
1068 1085 1205 1130 eam
1236 1066 1591 1148 possideret.

390 1175 634 1236 Pernice
683 1167 771 1234 11²
800 1177 926 1236 392
974 1195 1033 1234 n.
1064 1178 1097 1234 1
1150 1178 1210 1235 et
1256 1178 1382 1237 398
1407 1195 1532 1254 sqq.

392 1263 523 1323 Gai.
555 1268 613 1340 1,
642 1266 723 1324 85
763 1265 958 1343 legem
995 1265 1308 1341 quandam,
1348 1266 1517 1325 cuius
1554 1284 1766 1324 nomen
1803 1266 1998 1344 periit,
2036 1267 2226 1344 affert,

214 1371 335 1430 qua
380 1351 451 1412 de
496 1371 565 1412 eo
604 1354 863 1431 cavetur,
910 1353 1015 1430 qui
1051 1347 1211 1413 ‘cum
1247 1353 1442 1413 aliena
1475 1354 1692 1414 ancilla
1728 1373 1910 1432 quam
1949 1355 2229 1415 credebat

215 1441 463 1500 liberam
508 1459 642 1502 esse
686 1434 934 1501 coierit'.

781 1575 882 1642 De
926 1579 1242 1643 verborum
1287 1577 1664 1660 obliyatione.

392 1685 495 1749 28.
556 1683 631 1748 D.
658 1685 763 1763 46,
791 1685 850 1766 3,
881 1685 983 1750 84.
1072 1684 1383 1749 Proculus
1428 1684 1596 1751 libro
1644 1688 1919 1770 septimo
1967 1685 2228 1771 Epistu-

217 1772 441 1836 larum.
483 1809 558 1818 —
601 1771 817 1856 Egisti
854 1772 931 1838 de
968 1773 1218 1857 peculio
1257 1772 1427 1839 nervi
1461 1773 1722 1838 nomine
1759 1797 1900 1840 cum
1941 1773 2224 1840 domino:

214 1882 345 1925 non
400 1882 539 1925 esse
592 1860 900 1926 liberatos
958 1861 1364 1926 fideiussores
1421 1863 1556 1926 eius
1609 1863 1956 1946 respondit.
2050 1866 2120 1927 at
2171 1865 2225 1927 si

217 1946 387 2014 idem
445 1972 664 2016 servus
722 1973 799 2016 ex
846 1950 1099 2034 peculio
1146 1972 1261 2016 suo
1309 1951 1622 2035 permissa
1668 1951 2227 2018 administratione

216 2038 450 2121 peculii
512 2060 808 2103 nummos
867 2040 1193 2122 solvisset,
1253 2040 1564 2105 liberatos
1622 2062 1760 2105 esse
1817 2040 2226 2106 fideiussores

216 2126 353 2191 eius
399 2130 570 2192 recte
617 2128 855 2213 legisti.
938 2215 942 2219 ῃ

1013 2256 1227 2317 Liber
1273 2257 1436 2317 VIII.

1039 2372 1140 2441 De
1184 2376 1414 2458 ZeyatiS.

392 2481 496 2548 29.
553 2481 631 2547 D.
669 2482 783 2563 31,
822 2481 926 2546 48.
1018 2480 1195 2546 Idem
1243 2480 1358 2565 (sc.
1394 2481 1735 2569 Proculus)
1782 2483 1947 2548 libro
1997 2488 2225 2549 octavo

211 2568 679 2654 Epistularum.
713 2606 789 2616 —
822 2568 1147 2634 Licinnius
1174 2569 1457 2635 Lucusta
1483 2569 1756 2635 Proculo
1788 2593 1903 2635 suo
1935 2572 2228 2638 salutem.

213 2656 380 2723 Cum
426 2657 659 2743 <quis>
702 2658 900 2723 faciat
945 2658 1390 2723 condicionem
1436 2658 1506 2722 in
1549 2659 1892 2743 releganda
1931 2659 2096 2743 dote,
2138 2666 2230 2745 ut,

212 2746 271 2811 si
316 2744 544 2811 mallet
588 2768 749 2811 uxor
793 2746 1116 2831 mancipia
1163 2768 1324 2829 quae
1371 2746 1437 2811 in
1486 2746 1700 2811 dotem
1748 2747 1994 2812 dederit
2035 2769 2227 2832 quam

209 2836 554 2921 pecuniam
598 2837 1029 2919 numeratam,
1084 2834 1416 2919 reciperet·
1476 2834 1531 2899 si
1582 2856 1656 2900 ea
1704 2836 2024 2921 mancipia
2070 2858 2229 2903 uxor

212 2924 425 3007 malit,
469 2924 779 3007 numquid
826 2924 1022 2987 etiam
1060 2945 1135 2988 ea
1172 2922 1508 3007 mancipia,
1547 2938 1710 3009 quae
1747 2929 1975 3010 postea
2012 2948 2088 2991 ex
2124 2927 2225 2992 his

210 3012 557 3097 mancipiis
603 3017 756 3077 nata
802 3015 978 3095 sunt,
1024 3013 1205 3077 uxori
1254 3012 1634 3098 debeantur,
1681 3036 1938 3098 quaero,

390 3100 693 3167 Proculus
752 3100 1057 3166 Lucustae
1116 3122 1228 3167 suo
1291 3101 1567 3167 salutem.
1667 3102 1743 3169 Si
1803 3124 1961 3169 uxor
2022 3104 2231 3170 mallet

206 3191 527 3271 mancipia
563 3210 751 3273 quam
786 3192 978 3254 dotem
1014 3190 1294 3273 accipere,
1330 3192 1470 3274 ipsa
1502 3192 1835 3277 mancipia,
1870 3213 2025 3276 quae
2051 3194 2226 3258 aesti-

208 3282 387 3343 mata
430 3280 496 3342 in
545 3279 740 3343 dotem
783 3280 971 3363 dedit,
1020 3299 1145 3344 non
1188 3281 1376 3344 etiam
1410 3284 1638 3361 partus
1681 3282 2132 3365 mancipiorum
2173 3283 2229 3347 ei

207 3366 595 3432 debebantur.

393 3454 807 3535 30.1bid.§
858 3456 913 3519 1.
980 3492 1064 3503 -
1128 3454 1455 3521 Bonorum
1505 3459 1880 3538 possessione
1939 3458 2228 3522 dementis

204 3544 487 3609 curatori
540 3545 691 3609 data
747 3546 945 3629 leyata
999 3566 1041 3609 a
1092 3550 1391 3625 curatore,
1445 3546 1553 3627 qui
1591 3544 1901 3628 furiosum
1945 3546 2226 3628 defendit,
