2575 3900
888 300 938 351 8.
978 294 1283 351 URSEIUS
1320 294 1565 351 FEROX
2113 298 2236 362 181

393 459 495 524 24.
544 456 621 523 D.
651 458 759 543 24,
785 458 847 541 3,
875 459 977 523 32.
1042 457 1223 523 Idem
1254 454 1372 545 (sc.
1399 455 1718 545 Iulianus)
1756 458 1924 524 libro
1963 460 2239 525 secundo

214 548 293 613 ad
349 546 650 612 Urseium
706 546 1013 613 Ferocem
1070 544 1166 633 (P.
1206 544 1386 633 894).
1446 584 1532 595 —-
1591 546 1662 613 Si
1722 547 1902 631 prior
1966 547 2239 614 maritus

214 637 559 721 posteriori
632 636 804 701 dotis
877 634 1136 701 nomine
1209 640 1547 721 tamquam
1621 636 1878 701 debitor
1947 638 2239 703 mulieris

215 726 432 791 dotem
469 724 858 810 promiserit,
894 746 1026 789 non
1062 726 1208 809 plus
1246 746 1441 809 quam
1479 725 1546 789 id
1586 725 1757 810 quod
1795 725 2003 790 facere
2031 727 2244 811 possit

216 814 385 880 dotis
432 813 725 878 futurum
770 834 928 879 esse.

394 902 499 969 25.
545 901 623 967 D.
653 902 759 981 46,
788 903 849 986 3,
878 902 983 967 37.
1055 901 1233 967 Idem
1272 900 1387 984 (sc.
1415 900 1734 986 Iulianus)
1763 902 1930 967 libro
1961 903 2241 969 secundo

217 991 300 1057 ad
358 990 661 1057 Urseium
717 990 1022 1057 Ferocem
1080 988 1176 1077 (P.
1216 988 1394 1076 906).
1439 1028 1529 1037 -
1575 991 1890 1068 Quotiens
1944 1014 2110 1057 unus
2167 1015 2245 1057 ex

212 1078 648 1162 sponsorvhm²
686 1102 869 1148 suam
907 1082 1159 1163 partem
1196 1081 1516 1164 solvisset,
1551 1084 1882 1163 tamquam
1910 1081 2244 1165 negotium

214 1190 330 1234 reo
380 1170 714 1253 gessisset,
767 1169 1031 1253 perinde
1076 1168 1447 1234 habendum
1494 1189 1642 1253 esse,
1689 1191 1762 1234 ac
1810 1170 1865 1233 si
1910 1190 2058 1234 reus
2103 1170 2243 1253 ipse

216 1259 411 1322 unius
468 1255 817 1340 sponsoris²
869 1260 1123 1342 partem
1181 1257 1514 1343 solvisset,
1569 1257 1680 1321 sed
1727 1262 1945 1323 tamen
1992 1262 2067 1323 ut
2111 1281 2244 1324 non

218 1369 297 1411 ex
345 1351 520 1411 sorte
566 1346 849 1412 decedat.

393 1440 485 1499 De
532 1440 690 1500 dotis
736 1440 1132 1516 promissione
1176 1440 1418 1501 videtur
1463 1442 1667 1501 actum
1711 1439 1914 1501 fuisse.

397 1542 499 1607 26.
556 1540 635 1605 D.
674 1542 779 1624 24,
817 1543 877 1623 3,
914 1541 1018 1607 59.
1110 1540 1402 1606 Iulianus
1458 1541 1625 1607 libro
1675 1543 1952 1606 secundo
2001 1542 2081 1606 ad
2127 1540 2244 1607 Ur-

217 1631 425 1695 seium
470 1630 775 1696 Ferocem
823 1628 925 1717 (P.
956 1627 1135 1715 895).
1188 1668 1261 1677 —
1313 1630 1520 1695 Filiae
1573 1652 1753 1695 meae
1801 1632 2245 1715 emancipatae

216 1724 283 1785 et
339 1739 571 1804 aegrae
627 1720 725 1784 vir
781 1719 851 1783 in
903 1719 1028 1784 hoc
1084 1720 1424 1803 repudium
1481 1718 1690 1802 misit,
1745 1723 1820 1783 ut
1864 1724 2121 1785 mortua
2168 1742 2244 1784 ea

222 1809 443 1874 dotem
486 1808 702 1893 potius
748 1807 1088 1873 heredibus
1129 1810 1267 1872 eius
1307 1829 1502 1893 quam
1539 1807 1701 1871 mihi
1737 1807 2046 1873 redderet.
2129 1806 2245 1873 Sa-

215 1897 409 1963 binus
476 1897 732 1964 dicebat
790 1897 949 1965 utile
1004 1897 1164 1962 mihi
1221 1898 1358 1962 eius
1417 1896 1586 1963 dotis
1640 1896 2094 1980 reciperandae
2150 1898 2244 1963 iu-

216 1988 457 2054 dicium
504 1986 787 2052 dandum
834 2009 1004 2069 esse3
1054 1986 1253 2051 Gaius
1300 1987 1489 2052 idem.

676 2162 777 2229 De
821 2166 1201 2247 adquirendo
1242 2185 1456 2229 rerum
1499 2165 1790 2230 dominio.

394 2273 499 2337 27.
544 2269 622 2336 D.
649 2271 757 2353 45,
786 2271 845 2354 3,
879 2271 975 2335 14.
1048 2271 1342 2336 Iulianus
1379 2272 1548 2336 libro
1586 2272 1781 2336 tertio
1820 2270 1901 2336 ad
1944 2269 2242 2335 Urseium

219 2361 526 2426 Ferocem
582 2357 681 2447 (P.
718 2357 897 2446 917).
943 2397 1031 2406 -
1078 2359 1314 2426 Servus
1370 2382 1550 2426 meus
1608 2382 1753 2425 cum
1809 2360 1980 2445 apud
2033 2359 2245 2424 furem

218 2454 417 2528 esset,
472 2449 600 2513 furi
656 2449 791 2512 dari
844 2448 1191 2532 stipulatus
1240 2453 1359 2515 est.
1450 2452 1652 2533 negat
1693 2449 1824 2513 furi
1871 2448 2087 2513 deberi
2135 2446 2245 2513 Sa-

216 2539 435 2622 binus,
498 2537 651 2624 quia
705 2559 780 2602 eo
836 2541 1157 2622 tempore,
1226 2559 1354 2622 quo
1414 2537 1764 2622 stipulatus
1820 2542 1946 2621 est,
2001 2537 2060 2602 ei
2114 2559 2246 2603 non

224 2629 510 2693 serviret.

394 2721 581 2780 Lenel
616 2720 706 2781 P.:
754 2715 934 2790 ‘Quid
984 2720 1036 2779 si
1076 2719 1229 2778 furis
1274 2721 1512 2780 nomine
1551 2720 1845 2795 mancipio
1883 2719 2114 2794 accepit
2147 2721 2246 2778 vel

216 2811 541 2869 traditione
586 2810 1027 2886 possessionem
1071 2811 1284 2868 nactus
1332 2803 1481 2867 est?’

398 2898 562 2969 Quae
625 2902 958 2976 sequuntur
1022 2893 1159 2957 ‘sed
1218 2915 1332 2957 nec
1396 2915 1508 2974 ego
1573 2915 1644 2955 ex
1717 2916 1788 2956 ea
1853 2896 2242 2974 stipulatione

217 3007 400 3067 agere
444 2990 671 3064 potem.
755 2988 860 3047 sed
898 2988 948 3046 si
986 2988 1257 3046 detracta
1293 2985 1443 3046 furis
1479 3005 1735 3064 persona
1771 2985 2093 3062 stipulatus
2131 2989 2242 3062 est,

221 3078 370 3136 mihi
427 3075 671 3153 quidem
725 3077 1063 3153 adquiritur
1116 3076 1297 3154 actio,
1354 3075 1460 3136 sed
1504 3075 1625 3135 furi
1669 3093 1776 3134 nec
1820 3075 2092 3136 mandati
2134 3093 2243 3134 nec

216 3167 341 3226 alia
386 3165 543 3224 actio
590 3164 876 3226 adversus
922 3184 1019 3224 me
1066 3165 1198 3224 dari
1242 3159 1462 3239 debet',
1506 3183 1626 3224 non
1669 3164 1869 3225 Urseii
1915 3169 2072 3224 sunt.

397 3265 503 3332 28.
549 3265 629 3331 D.
656 3268 763 3350 41,
793 3268 853 3351 3,
881 3267 986 3334 35.
1058 3265 1350 3332 Iulianus
1387 3267 1555 3332 libro
1593 3268 1788 3332 tertio
1829 3267 1909 3331 ad
1941 3266 2243 3332 Urseium

216 3353 529 3421 Ferocem
594 3353 691 3442 (P.
730 3355 909 3440 913).
963 3393 1053 3402 —
1110 3353 1180 3420 Si
1242 3355 1467 3439 hom0,
1533 3356 1710 3420 cuius
1775 3378 1928 3420 usus
1992 3356 2242 3421 fructus

215 3447 477 3529 legatus
524 3449 683 3529 erat,
730 3445 812 3509 ab
859 3445 1092 3509 herede
1133 3466 1482 3528 numquam
1518 3466 1857 3529 possessus
1897 3445 2242 3529 subreptus

368 3608 395 3656 1
442 3600 593 3656 Tn‘b.
631 3600 1071 3670 fideiussoribus,
1108 3603 1255 3672 quod
1291 3601 1461 3656 Lenel
1495 3606 1689 3656 servat.

364 3678 395 3726 2
440 3673 590 3729 Trib.
626 3671 984 3728 fideiussoris.
