2575 3900
371 166 504 223 XVI

371 338 616 413 verunt,
673 335 778 394 sed
824 334 1132 410 proposito
1187 337 1258 393 ut
1314 333 1666 395 difficillimo
1718 333 2097 410 destiterunt,
2110 328 2135 367 ¹
2176 334 2426 395 leviore

373 425 570 484 animo
625 443 754 484 rem
813 423 1116 498 expedivit
1167 421 1475 484 Carolus
1529 423 2031 485 Ferdina'ndus
2084 423 2428 484 Hommel

371 513 699 590 Lipsiensis
749 503 1299 593 (1722-1781),
1352 512 1480 589 qui,
1537 531 1677 572 cum
1731 511 2080 572 adulescens
2125 531 2181 573 a.
2229 514 2421 573 1747

371 596 771 679 ‘propositum
825 601 901 660 de
946 620 1100 662 novo
1148 603 1478 676 systemate
1522 600 1676 660 iuris
1720 603 1977 660 naturae
2022 604 2085 660 et
2128 601 2424 678 gentium

371 711 442 751 ex
497 690 798 752 sententia
851 693 1123 750 veterum
1183 690 1442 749 ictorum
1509 684 1946 750 concinnando'
2013 690 2421 769 concepisset,

370 779 508 839 inde
563 799 636 839 ex
691 797 742 840 a.
791 779 962 838 1767
1013 773 1516 856 ‘Palingenesiam
1572 779 1865 838 librorum
1922 779 2073 838 iuris
2128 782 2423 839 veterum

371 869 497 930 sive
542 868 985 927 Pandectarum
1029 868 1164 927 loca
1207 867 1449 944 integra
1495 867 1573 926 ad
1617 868 1865 929 modum
1910 867 2124 928 indicis
2166 867 2419 928 Labitti

371 960 433 1018 et
477 956 767 1035 Wielingi
813 957 1001 1016 oculis
1057 949 1415 1033 expositam'
1472 957 1823 1032 composuit.
1910 949 2070 1016 ‘cum
2122 957 2251 1016 fere
2292 976 2421 1032 per

371 1040 674 1123 lustrum',
725 1045 922 1121 inquit
973 1046 1131 1123 ipse,
1193 1039 1338 1104 ‘non
1392 1045 1513 1104 alia
1568 1045 1684 1104 nisi
1737 1046 1869 1104 foro
1928 1045 2247 1121 profutura
2293 1090 2307 1104 .
2342 1091 2359 1105 .
2398 1090 2417 1106 .

370 1133 829 1210 publicaverim,
883 1152 959 1192 ne
1015 1133 1177 1194 docti
1229 1133 1499 1192 homines
1554 1152 1650 1193 me
1702 1133 2114 1194 litteraturam
2160 1152 2416 1194 curasse

371 1223 772 1299 suspicentur,
825 1222 1371 1282 accelerandam
1425 1223 1679 1298 putavi
1736 1222 2129 1282 editionem
2182 1223 2414 1284 h‘uius

369 1311 915 1390 Palingenesiae
961 1311 1070 1370 diu
1113 1311 1487 1387 promissam,
1533 1330 1643 1388 per
1679 1327 1863 1390 quam
1899 1311 2086 1371 libros
2122 1314 2416 1372 veterum

368 1401 931 1460 iurisconsultorum
1011 1400 1343 1476 discerptos
1426 1419 1464 1458 a
1540 1400 1904 1460 Triboniano
1975 1395 2413 1461 restituimus'.

370 1488 527 1566 quod
538 1508 686 1565 opus
733 1489 853 1548 iam
897 1489 1238 1566 insequenti
1275 1508 1431 1548 anno
1470 1489 1547 1548 ad
1582 1488 1763 1548 finem
1797 1489 2156 1565 perductum
2193 1508 2413 1567 quam-

370 1597 548 1654 quam
593 1573 822 1638 nomini
867 1577 942 1637 ab
989 1578 1120 1653 ipso
1168 1582 1413 1637 auctore
1460 1578 1600 1637 dato
1647 1578 1812 1637 nullo
1858 1577 2034 1637 modo
2074 1578 2411 1656 respondit,

369 1666 752 1744 aliquatenus
787 1670 991 1725 tamen
1020 1665 1314 1726 satisfecit
1343 1665 1698 1726 Gothofredi
1726 1665 2102 1742 aliorumque
2129 1667 2413 1728 virorum

370 1754 682 1814 doctorum
756 1755 1049 1814 desiderio
1131 1755 1264 1831 ipsa
1345 1754 1639 1814 librorum
1721 1754 2065 1831 fragmenta
2145 1755 2413 1816 collecta

368 1843 644 1917 habendi,
691 1863 884 1920 neque
928 1843 1137 1903 fructu
1180 1843 1393 1902 caruit.

544 1932 752 1995 Novae
826 1932 1064 1993 scholae
1135 1931 1458 1993 historicae
1542 1951 1722 2009 quam
1793 1931 2005 1993 dicunt
2082 1931 2409 2014 principes,

375 2020 742 2083 Gustavus
779 2022 984 2101 Hugo
1013 2013 1515 2102 (1764—1844)
1554 2025 1615 2080 et
1644 2020 1949 2081 Carolus
1976 2022 2409 2085 Fridericus

371 2109 690 2189 Savigny
745 2102 1266 2194 (1779-1861),
1329 2110 1442 2170 viri
1510 2110 1785 2186 quamvis
1851 2110 2065 2170 eximie
2120 2111 2193 2173 de
2248 2112 2409 2173 iuris

367 2198 621 2259 Romani
648 2201 900 2260 historia
935 2199 1154 2274 meriti,
1180 2200 1327 2258 haec
1356 2197 1573 2276 studia,
1612 2199 1772 2276 quod
1799 2199 2052 2274 videam,
2090 2200 2239 2261 adeo
2275 2219 2407 2261 non

369 2289 563 2348 secuti
599 2292 759 2366 sunt,
793 2292 865 2348 ut
899 2288 1165 2366 Savigny
1203 2288 1276 2346 de
1313 2286 1621 2346 veteribus
1657 2289 2095 2349 iurisconsultis
2132 2308 2185 2349 a.
2224 2291 2405 2350 1814

366 2378 514 2437 haec
551 2378 856 2455 scripserit
893 2372 930 2437 ‘.
953 2425 966 2439 .
987 2422 1001 2437 .
1031 2395 1206 2437 wenn
1245 2376 1352 2435 wir
1386 2376 1517 2434 ihre
1547 2375 1848 2436 Schriften
1882 2377 2254 2455 vollstandig
2288 2398 2408 2439 vor

366 2484 481 2525 uns
527 2469 752 2544 hatten,
799 2468 1046 2527 wurden
1091 2464 1204 2525 wir
1244 2464 1418 2523 darin
1453 2465 1597 2525 weit
1631 2466 1900 2541 weniger
1936 2465 2407 2528 Individualitat

366 2554 566 2615 finden
610 2556 701 2615 als
747 2556 810 2614 in
856 2554 1070 2634 irgend
1114 2552 1278 2613 einer
1314 2554 1574 2613 anderen
1611 2546 1941 2615 Literatur'
1952 2578 1969 2630 3
2015 2555 2405 2616 existimabat

367 2644 526 2705 enim
587 2645 725 2706 illos
789 2663 912 2705 non
969 2643 1212 2722 ingenia
1277 2643 1554 2718 propriae
1613 2642 1832 2703 indolis
1886 2646 2069 2719 atque
2124 2646 2403 2723 naturae,

368 2734 473 2794 sed
518 2734 710 2795 veluti
749 2728 1057 2808 ‘personas
1093 2725 1441 2808 fungibiles'
1481 2731 1669 2791 fuisse
1707 2723 1895 2812 (Vom
1931 2732 2121 2791 Beruf
2145 2751 2402 2794 unserer

367 2822 502 2882 Zeit
543 2842 650 2879 zur
697 2820 1156 2897 Gesetzgebung
1199 2837 1256 2894 p.
1300 2821 1381 2879 29
1432 2822 1494 2878 et
1542 2810 1757 2900 157).²

543 2908 692 2968 Inde
740 2927 812 2967 ex
849 2926 899 2968 a.
945 2908 1134 2984 1816,
1182 2925 1301 2983 quo
1348 2926 1501 2967 anno
1542 2906 1727 2969 Gaius
1754 2907 2117 2968 Veronensis
2164 2910 2241 2971 ab
2291 2911 2399 2971 ob-

512 3048 558 3099 1.
608 3041 689 3097 Cf.
719 3040 1071 3110 Landsberg,
1110 3040 1443 3096 Geschichte
1484 3042 1583 3095 der
1619 3042 1927 3099 deutschen
1953 3041 2398 3100 Rechtswissen-

368 3114 556 3168 schaft
589 3112 669 3165 ΠΙ
709 3118 738 3165 1
779 3130 836 3183 p.
868 3116 968 3167 176
1007 3117 1066 3167 et
1099 3112 1362 3166 notarum
1397 3111 1543 3167 liber
1578 3132 1634 3182 p.
1665 3117 1786 3168 156.

508 3189 559 3240 2.
610 3184 801 3239 Verba
849 3182 1019 3252 plena
1077 3186 1233 3237 sunta
1283 3183 1483 3239 ‘Unter
1532 3185 1643 3240 den
1684 3184 1930 3241 Romern
1982 3202 2080 3239 zur
2128 3184 2253 3239 Zeit
2298 3186 2398 3242 des

366 3250 638 3336 Papinian
691 3271 808 3308 war
858 3253 949 3310 ein
1000 3253 1349 3310 Gesetzbuch
1398 3254 1675 3325 moglich,
1724 3256 1854 3311 weil
1902 3257 2023 3311 ihre
2083 3258 2399 3326 gesammte
2520 3298 2522 3305 ·

359 3325 685 3395 juristische
731 3323 1015 3381 Literatur
1060 3324 1237 3381 selbst
1291 3326 1385 3381 ein
1433 3327 1785 3396 organisches
1833 3326 2022 3382 Ganze
2068 3344 2210 3383 ware
2265 3344 2399 3384 man

365 3399 574 3452 konnte
614 3396 742 3467 (mit
778 3398 959 3452 einem
987 3397 1448 3453 Kunstausdruck
1486 3400 1587 3453 der
1620 3413 1860 3454 neueren
1896 3397 2169 3469 Juristen)
2205 3414 2396 3470 sagen,

367 3467 778 3597 &attend-amala
841 3467 931 3524 die
996 3468 1282 3524 einzelnen
1350 3468 1599 3524 Juristen
1666 3467 1985 3539 fungible
2047 3467 2397 3525 Personen
