2575 3900
1003 203 1052 252 3.
1090 196 1418 253 MINICIUS
2091 201 2222 266 275

206 365 387 424 situm
454 367 545 424 est
606 409 619 424 .
646 410 662 425 .
693 411 706 424 .
766 365 1075 442 respondit
1131 409 1147 424 .
1177 409 1190 424 .
1219 409 1235 424 .
1295 366 1566 426 Iulianus
1629 369 1825 427 notat:
1889 365 2222 430 videamus'

203 453 273 512 D.
309 454 409 528 33,
443 455 499 531 3,
534 456 566 511 1
616 453 718 513 lib.
747 452 796 512 Ι.

381 541 651 618 Denique
706 541 1013 602 Minicium
1068 561 1189 602 non
1242 544 1417 602 modo
1479 544 1650 604 civile
1706 544 1819 621 iuS,
1877 545 1979 604 sed
2036 546 2220 605 etiam

201 630 584 689 honorarium
628 632 925 705 spectasse
972 632 1118 690 satis
1164 635 1429 707 apparet.

382 717 571 788 Quem
637 736 775 777 vero
839 737 1041 778 rerum
1107 720 1374 780 ordinem
1439 722 1742 796 statuerit,
1809 739 1942 781 cum
2005 741 2080 782 ne
2145 725 2217 783 de

198 806 421 866 Iuliani
476 805 716 884 quidem
774 806 977 866 ordine
1024 808 1171 868 satis
1219 811 1475 884 constet,
1535 810 1813 887 cognosci
1860 811 1955 870 vix
1997 814 2216 887 potest.

201 895 264 954 in
318 893 545 954 Iuliani
598 895 704 954 illo
752 895 1115 974 fragmento,
1170 897 1329 974 quod
1375 895 1670 973 Ulpianus
1719 898 1947 960 decimo
1991 899 2217 960 Minicii

199 984 355 1044 libro
391 982 631 1043 videtur
666 984 998 1044 attribuere
1044 979 1253 1063 (supra
1278 1005 1335 1061 p.
1369 988 1448 1045 27
1456 977 1544 1066 3),
1583 986 1654 1045 de
1683 988 1980 1064 emptione
2017 988 2217 1048 vendi-

195 1073 359 1132 tione
406 1072 686 1148 mancipii
732 1073 951 1150 agitur.
1042 1073 1105 1132 in
1152 1073 1366 1133 ceteris
1423 1093 1523 1133 sex
1576 1075 1744 1134 libris
1801 1076 1876 1134 ab
1931 1077 2215 1154 epitoma·

194 1165 351 1240 tore,
390 1163 460 1219 ut
497 1161 762 1220 conicere
792 1161 956 1238 licet,
996 1161 1279 1222 confectis
1309 1181 1444 1221 cum
1473 1163 1594 1223 alia
1622 1166 1751 1223 tum
1777 1165 1923 1224 haec
1951 1168 2216 1226 tractata

195 1249 384 1309 fuisse
420 1248 718 1309 videmus:
755 1247 909 1309 libro
938 1250 970 1309 I
995 1250 1199 1329 legata
1234 1254 1297 1310 et
1325 1269 1532 1326 operas
1562 1252 1932 1332 libertorum,
1967 1253 2123 1314 libro
2150 1254 2214 1313 II

194 1337 618 1412 usucapionem
675 1339 737 1397 et
792 1338 1138 1415 servitutes,
1190 1339 1345 1398 libro
1395 1339 1488 1398 HI
1531 1340 1722 1418 furta,
1766 1340 1921 1401 libro
1966 1342 2055 1401 IV
2109 1343 2214 1402 ad-

194 1425 611 1501 promissoreS,
675 1426 1034 1503 emptionem
1088 1428 1489 1487 venditionem
1546 1431 1608 1487 et
1661 1429 2018 1489 locationem
2073 1449 2211 1490 con-

192 1513 554 1590 ductionem,
600 1513 753 1574 libro
789 1513 846 1571 V
881 1514 976 1574 ius
1021 1515 1254 1576 dotium
1300 1518 1362 1574 et
1407 1516 1821 1592 stipulationes
1857 1519 2210 1598 praetorias,

191 1602 347 1662 libro
404 1602 657 1678 denique
703 1602 792 1661 VI
839 1603 928 1662 rei
972 1602 1460 1679 vindicationem,
1515 1607 1584 1662 ut
1629 1603 1894 1683 videtur,
1949 1609 2010 1666 et
2054 1607 2210 1666 inter

190 1691 313 1750 alia
359 1710 515 1768 eum,
560 1683 686 1768 ‘qui
731 1694 1093 1768 potestatem
1138 1693 1229 1751 sui
1275 1712 1394 1752 non
1436 1693 1713 1769 faciebat,
1759 1713 1834 1754 ne
1874 1712 2072 1754 secum
2110 1697 2208 1772 agi

393 1772 414 1802 2

186 1782 626 1927 1›OSSffl'Videtur
686 1867 840 1927 libro
906 1868 992 1926 IV
1058 1868 1293 1946 quidem
1362 1868 1434 1928 de
1507 1870 1800 1946 mancipio
1862 1890 1981 1931 non
2046 1889 2207 1948 sano,

188 1976 332 2034 ergo
382 1957 454 2016 de
508 1957 781 2017 aedilicio
836 1958 1027 2017 edicto
1074 1976 1267 2017 sermo
1316 1958 1500 2017 fuisse
1546 1954 1647 2035 (D.
1685 1961 1784 2038 21,
1825 1963 1878 2036 1,
1913 1950 2054 2041 50),
2102 1962 2207 2021 sed

184 2045 473 2121 mancipii
544 2046 765 2121 emptio
838 2046 1127 2124 venditio,
1201 2046 1272 2105 de
1349 2066 1468 2124 qua
1538 2047 1808 2107 Iulianus
1880 2048 2033 2109 libro
2099 2050 2202 2109 illo

185 2134 366 2211 dixit,
412 2152 531 2195 non
574 2134 1004 2195 venaliciorum
1049 2135 1314 2195 venditio
1359 2135 1634 2196 habenda
1680 2139 1788 2196 est.

363 2222 575 2300 Itaque
621 2242 758 2283 cum
802 2222 862 2281 id
907 2226 1145 2283 tantum
1190 2224 1372 2283 liceat
1427 2226 1719 2303 statuere,
1773 2229 1844 2285 ut
1899 2225 2202 2286 Iulianum

181 2312 273 2371 ita
336 2313 399 2371 et
452 2311 756 2371 Minicium
820 2330 855 2370 a
918 2312 1296 2373 testamentis
1359 2312 1666 2372 exordium
1729 2314 1966 2391 fecisse,
2040 2315 2199 2391 frag—

181 2403 390 2460 menta¹
428 2398 747 2460 secundum
778 2399 999 2458 Iuliani
1034 2400 1220 2459 libros
1256 2419 1588 2477 proponere
1625 2400 1902 2461 idoneum
1940 2402 2197 2463 videtur.

872 2584 962 2643 Ex
1007 2584 1226 2643 Iuliani
1270 2584 1423 2645 libro
1469 2584 1518 2644 L

1010 2701 1109 2767 De
1153 2702 1379 2785 ῖεραὺἰε.

824 2822 918 2882 De
960 2840 1073 2881 usu
1114 2823 1310 2895 fructu
1355 2824 1552 2897 leyatO.

364 2921 446 2986 1?
510 2920 585 2988 D.
617 2925 672 3005 7,
706 2924 760 3005 1,
790 2922 891 2990 67.
979 2922 1267 2988 Iulianus
1322 2923 1489 2989 libro
1542 2924 1750 3009 primo
1806 2946 1883 2988 ex
1927 2924 2190 2993 Minicio

177 3012 279 3097 (P.
300 3007 479 3099 843).
518 3049 600 3057 ——
640 3010 757 3077 Oui
802 3034 955 3076 usus
1000 3011 1244 3077 fructus
1292 3014 1546 3096 legatus
1589 3016 1706 3097 est,
1752 3013 1947 3078 etiam
1983 3014 2188 3081 invito

174 3101 413 3166 herede
460 3122 604 3165 eum
651 3103 953 3165 extraneo
1001 3101 1271 3166 vendere
1317 3105 1551 3185 potest.

818 3265 913 3325 De
955 3266 1301 3327 habitatione
1345 3267 1550 3341 leyata.

355 3365 441 3433 2?
493 3324 571 3430 D,
600 3366 704 3449 33,
730 3367 791 3449 2,
822 3367 923 3430 11.
1011 3366 1189 3430 Idem
1243 3364 1360 3454 (sc.
1388 3366 1708 3453 Iulianus)
1759 3367 1929 3432 libro
1974 3368 2184 3451 primo

176 3476 256 3519 ex
302 3452 564 3519 Minicio
610 3452 711 3540 (P.
742 3452 918 3541 844).
970 3490 1043 3501 --
1094 3454 1538 3520 Habitationis
1593 3457 1878 3540 legatum
1933 3456 2002 3519 in
2057 3456 2183 3521 sin-

176 3543 367 3629 gulos
416 3564 618 3608 annos
665 3542 748 3607 ab
794 3542 980 3607 initio
1028 3544 1178 3607 anni
1226 3543 1440 3607 deberi
1488 3547 1762 3609 constat.

1659 3644 1762 3700 18*
