2575 3900
1033 278 1081 327 7.
1118 269 1494 327 PROCULUS
2138 273 2264 336 161

420 434 523 498 91.
572 433 649 498 D.
670 434 777 519 45,
797 435 855 514 3,
876 435 980 513 28,
999 436 1061 499 4.
1122 433 1320 499 Gaius
1356 434 1525 500 libro
1563 435 1760 500 tertio
1798 435 1876 498 de
1903 433 2266 500 Verborum

244 520 769 606 Obligationibus
819 519 916 610 (P.
954 519 1133 610 516).
1190 560 1275 570 --
1331 521 1500 588 Illud
1565 524 1929 607 quaesitum
1993 527 2117 607 est,
2181 546 2264 588 an

243 610 463 676 heredi
498 610 716 676 futuro
754 633 977 677 servus
1014 613 1439 676 hereditarius
1478 607 1786 695 stipulari·
1809 614 2035 696 possit.
2109 611 2267 678 Pro-

240 701 423 766 culus
473 700 770 784 negavit,
816 700 967 784 quia
1010 701 1064 765 is
1112 721 1187 766 eo
1234 704 1524 784 tempore
1572 704 1911 766 extraneus
1959 704 2073 766 est.

415 794 489 852 cf.
527 792 801 852 Cassium
845 815 902 870 p.
934 796 1033 855 25.

421 876 523 941 92.
563 875 704 941 Gai.
727 879 787 960 3,
810 877 981 943 167⁸.
1008 913 1095 924 —-
1121 877 1289 942 Illud
1329 876 1654 962 quaeritur
1691 899 1774 942 an
1814 878 1983 963 quod
2020 877 2263 943 domini

236 987 474 1030 nomen
532 964 853 1032 adiectum
902 965 1098 1031 efficit
1141 963 1255 1051 (sc.
1284 966 1342 1030 si
1389 987 1611 1031 servus
1658 967 2015 1032 communis
2062 967 2265 1052 stipu-

238 1055 409 1119 letur
445 1054 847 1138 mancipiove
885 1055 1177 1140 accipiat,
1213 1057 1286 1120 ut
1324 1054 1581 1120 domino
1618 1055 1716 1118 illi
1752 1056 1878 1120 soli
1915 1053 2264 1142 adquirat),

240 1143 413 1208 idem
468 1142 668 1209 faciat
721 1143 909 1208 unius
966 1165 1044 1207 ex
1099 1143 1374 1208 dominis
1419 1143 1666 1208 iussum
1711 1143 2108 1211 intercedens
2155 1193 2171 1209 .
2200 1193 2216 1210 .
2246 1195 2262 1210 .

240 1232 531 1297 diversae
614 1232 870 1297 scholae
948 1234 1239 1297 auctores
1312 1231 1578 1315 proinde
1648 1233 1938 1318 utrisque
2011 1233 2264 1318 adquiri

233 1324 501 1404 putant,
547 1341 621 1386 ac
669 1319 725 1385 si
768 1319 1007 1386 null-ius
1053 1320 1301 1386 iussum
1347 1319 1820 1385 intervenisset.

1009 1471 1109 1537 De
1152 1472 1494 1537 novatione.

414 1579 519 1643 93.
573 1577 805 1660 Gaze,
837 1579 982 1642 177.
1015 1578 1157 1642 178.
1207 1613 1284 1624 -
1337 1626 1353 1642 .
1385 1627 1398 1643 .
1456 1578 1511 1641 si
1565 1577 1784 1642 eadem
1832 1599 2107 1662 persona
2151 1580 2262 1664 sit,

239 1689 279 1732 a
326 1689 455 1752 qua
498 1671 725 1751 postea
770 1665 1070 1750 stipuler,
1115 1666 1210 1730 ita
1253 1665 1511 1730 demum
1554 1665 1819 1732 novatio
1863 1666 1955 1748 fit,
2007 1666 2062 1732 si
2108 1668 2259 1753 quid

234 1755 303 1820 in
359 1755 717 1840 posteriore
772 1755 1190 1838 stipulatione
1246 1755 1402 1820 novi
1455 1754 1572 1838 sit,
1633 1754 1801 1820 forte
1858 1755 1913 1818 si
1969 1755 2257 1823 condicio

236 1848 351 1910 aut
413 1844 547 1908 dies
613 1847 727 1910 aut
790 1863 1061 1926 sponsor
1115 1842 1432 1908 adiciatur
1487 1845 1600 1907 aut
1654 1843 2047 1910 detrahatur.
2146 1845 2257 1910 sed

234 1932 408 2019 quod
455 1933 532 1998 de
580 1954 892 2019 sponsore
939 1930 1236 2016 diximus,
1280 1954 1410 1997 non
1449 1933 1733 2016 constat3
1778 1954 1930 1997 nam
1967 1932 2258 2000 diversae

232 2023 492 2088 scholae
533 2021 903 2087 auctoribus
930 2021 1177 2105 placuit
1203 2022 1368 2086 nihil
1398 2021 1480 2086 ad
1506 2020 1919 2087 novationem
1947 2023 2256 2107 proficere

231 2111 561 2196 sponsoris
610 2110 1029 2175 adiectionem
1077 2114 1192 2176 aut
1236 2110 1718 2176 detractionem.

1029 2266 1125 2326 De
1167 2268 1457 2327 sobatimw.

409 2368 514 2433 94.
559 2366 697 2432 Gai.
717 2367 777 2451 3,
801 2367 944 2431 168.
991 2402 1075 2413 —-
1122 2366 1403 2432 Tollitur
1447 2417 1462 2432 .
1491 2416 1507 2432 .
1554 2367 1868 2452 obligatio
1914 2369 2257 2453 praecipue

233 2457 555 2525 solutione
604 2456 738 2521 eius
785 2456 955 2540 quod
1003 2454 1288 2521 debetur.
1383 2456 1550 2520 unde
1598 2457 1954 2541 quaeritur,
2010 2458 2065 2521 si
2112 2458 2255 2542 quis

232 2546 675 2613 consentiente
733 2544 1046 2609 creditore
1102 2544 1277 2609 aliud
1330 2565 1450 2627 pro
1509 2544 1635 2609 alio
1692 2544 1981 2625 solverit,
2038 2550 2253 2611 utrum

231 2634 376 2719 ipso
425 2634 562 2699 iure
610 2633 935 2711 liberetur,
981 2684 996 2698 .
1017 2681 1034 2699 .
1054 2683 1067 2699 .
1116 2654 1199 2698 an
1243 2632 1388 2716 ipso
1435 2633 1574 2698 iure
1610 2637 1870 2697 maneat
1907 2633 2256 2720 obligatus,

232 2724 343 2787 sed
408 2722 712 2787 adversus
776 2725 1103 2805 petentem
1168 2720 1544 2804 exceptione
1603 2720 1736 2785 doli
1789 2721 1946 2789 mali
2001 2722 2254 2788 defendi

228 2811 489 2897 debeat,
554 2811 725 2896 quod
784 2810 1074 2875 diversae
1130 2808 1392 2874 scholae
1449 2808 1816 2875 auctoribus
1870 2809 2080 2874 visum
2137 2815 2254 2877 est.

507 2969 607 3037 De
650 2968 897 3036 iudiciis
930 2970 1202 3053 privatis
1244 2973 1304 3035 et
1344 2969 1413 3034 in
1456 2989 1586 3060 rem
1629 2969 1983 3034 actionibus.

434 3058 439 3067 ’
590 3080 694 3142 Aa
737 3082 911 3157 zeyem
953 3082 1179 3143 Iuliam
1224 3083 1294 3141 de
1336 3082 1569 3141 iudiciis
1599 3082 1896 3155 privatis?

246 3213 253 3223 ·
407 3181 513 3248 95.
566 3181 646 3247 D.
674 3183 779 3265 50,
812 3185 911 3269 16,
938 3184 997 3248 4.
1090 3182 1328 3248 Paulus
1374 3183 1541 3248 libro
1585 3183 1795 3267 primo
1843 3182 1921 3247 ad
1971 3183 2250 3249 edictum

231 3269 331 3424 (Pi
360 3267 613 3424 94).·t—
658 3271 1006 3338 ‘Nominis'
1052 3271 1488 3355 appellatione
1533 3268 1667 3335 rem
1711 3271 2060 3356 significari
2098 3272 2254 3338 Pro·

228 3381 306 3426 cu
336 3382 411 3425 us
459 3382 523 3424 a1
554 3410 571 3425 .

404 3454 477 3513 D.
518 3456 628 3530 50,
674 3458 779 3527 16,
823 3458 858 3516 6
908 3454 1044 3532 Ulp.
1111 3448 1431 3515 ‘Nominis'
1485 3456 1548 3514 et
1601 3448 1736 3513 ‘rei'
1791 3453 2114 3531 appellatio
2173 3454 2252 3513 ad

230 3562 465 3603 omnem
525 3545 897 3603 contractum
951 3548 1013 3603 et
1066 3544 1493 3621 obligationem
1550 3543 1828 3618 pertinet.
1942 3543 2014 3602 cf.
2065 3541 2252 3600 Lenel

227 3632 406 3692 Edict
450 3651 508 3708 p.
537 3633 641 3693 45.

344 3740 536 3790 Iurispr.
565 3740 803 3783 antebadr.
831 3742 931 3783 rell.
962 3742 1029 3783 ed.
1059 3741 1255 3783 Bremer.
1302 3741 1365 3793 11,
1385 3742 1423 3781 2.
1865 3731 1928 3781 11
