2575 3900
364 177 448 241 48
505 177 599 232 111.
629 177 783 232 GAII
810 176 1106 233 CLAUDII
1126 178 1177 231 N
1184 177 1398 232 ERON.
1420 176 1708 232 GALBAE
1731 178 1948 234 TEMP.
1967 178 2160 234 IURIS
2183 178 2383 235 CONS.

362 342 654 424 legatum
692 340 1045 406 consistere
1082 341 1310 424 possit.
1384 362 1510 426 qua
1546 342 1798 406 ratione
1835 342 2033 408 semel
2071 363 2149 406 ex
2187 342 2384 408 fundo

360 435 616 513 partem
662 430 827 514 legis
872 428 1199 495 Falcidiae
1248 430 1673 496 decessuram.

535 550 700 610 Haec
736 552 1090 626 sequuntur:
1127 544 1378 610 ‘Paulus
1408 598 1419 610 .
1451 549 1644 610 Cassii
1679 551 1978 610 sententia
2013 552 2243 611 utimur
2276 548 2387 613 ...'

538 641 609 698 cf.
654 639 900 699 Pernice
945 640 1002 718 Ι,
1035 641 1180 699 394.

784 817 877 876 De
924 819 1109 891 fundo
1154 835 1285 876 cum
1328 819 1706 877 instrumento
1752 818 1948 892 leyato.

536 936 642 1001 44.
702 935 779 1000 D.
807 938 913 1018 33,
944 937 1003 1016 7,
1034 937 1136 1018 12,
1168 936 1267 1001 11.
1347 934 1671 1021 Ulpianus
1707 936 1877 1001 libro
1915 937 2265 1002 vicensimo
2305 937 2389 1001 ad

360 1025 673 1092 Sabinum
721 1023 817 1112 (P.
847 1023 1069 1112 2609).
1122 1061 1202 1076 --
1248 1023 1348 1090 Ea
1403 1074 1417 1088 .
1446 1075 1488 1105 .,
1545 1046 1707 1109 quae
1765 1025 1906 1090 solo
1954 1027 2389 1111 continentur,

272 1193 275 1196 ⁴
357 1115 773 1180 instrumenti
819 1114 1001 1178 fundi
1046 1136 1178 1179 non
1225 1136 1364 1179 esse
1412 1111 1676 1178 Cassius
1725 1115 1970 1199 scribit,
2027 1114 2227 1179 veluti
2273 1115 2388 1179 ha-

357 1204 698 1269 rundineta
744 1207 809 1266 et
854 1202 1106 1289 salicta,
1152 1206 1501 1287 antequam
1540 1223 1729 1266 caesa
1765 1203 1915 1286 sint,
1960 1203 2112 1287 quia
2147 1203 2390 1268 fundus

355 1293 542 1358 fundi
587 1293 1090 1357 instrumentum
1136 1313 1277 1355 esse
1323 1313 1458 1358 non
1503 1295 1738 1375 potest.

535 1382 639 1447 45.
711 1380 792 1446 D.
828 1381 933 1464 33,
973 1382 1030 1463 7,
1072 1382 1172 1464 12,
1213 1381 1314 1446 13.
1415 1379 1731 1465 Ulpianus
1791 1379 1946 1445 ibid.
1999 1417 2089 1428 —
2143 1431 2156 1446 .
2197 1432 2211 1445 .
2251 1430 2266 1445 .
2323 1385 2393 1445 et

358 1492 508 1535 aves
564 1471 994 1535 instrumento
1043 1469 1156 1556 (sc.
1202 1467 1414 1557 fundi)
1462 1469 1756 1554 exemplo
1803 1469 2022 1553 apium
2070 1469 2393 1534 contineri

358 1557 635 1624 Sabinus
682 1563 746 1622 et
793 1556 1057 1623 Cassius
1103 1563 1511 1642 putaverunt.

535 1680 609 1739 cf.
650 1679 723 1738 D.
769 1682 871 1752 33,
912 1682 969 1757 7,
1010 1683 1088 1738 11
1147 1680 1466 1739 Iavolenus
1523 1679 1678 1738 libro
1735 1679 1993 1738 secundo
2039 1697 2110 1737 ex
2159 1676 2393 1739 Cassio,

355 1769 587 1828 Eadem
648 1769 802 1828 ratio
868 1772 962 1828 est
1022 1769 1088 1826 in
1151 1769 1389 1843 avibuS,
1455 1787 1608 1844 quae
1671 1768 1734 1826 in
1795 1767 2011 1827 insulis
2069 1768 2393 1828 maritimis

355 1859 695 2007 aluntllssum
732 1945 924 2006 Cassii
962 1947 1275 2022 sententia,
1322 1945 1384 2004 id
1419 1947 1576 2021 quod
1605 1945 1792 2005 Lenel
1828 1966 1936 2022 pro
1976 1947 2139 2005 certo
2184 1945 2394 2025 habet,

356 2056 393 2095 a
428 2037 708 2096 Iavoleno
753 2038 1068 2109 referatur,
1112 2036 1315 2095 nescio
1353 2081 1366 2094 .
1406 2036 1478 2094 de
1517 2036 1728 2094 avibus
1765 2035 1984 2112 legatis
2023 2054 2218 2095 sermo
2257 2053 2394 2095 esse

322 2129 580 2202 opotest,
628 2126 701 2183 de
746 2126 965 2200 quibus
1010 2124 1179 2184 Paul.
1209 2124 1265 2183 S.
1301 2127 1365 2199 3,
1399 2126 1464 2201 6,
1498 2127 1596 2184 16.

1098 2301 1193 2360 De
1235 2303 1401 2361 domo
1446 2302 1648 2375 leyata.

530 2422 637 2487 46.
681 2420 758 2486 D.
789 2423 894 2502 33,
924 2423 980 2503 7,
1015 2422 1114 2505 12,
1146 2422 1250 2486 16.
1340 2418 1658 2503 Ulpianus
1703 2420 1857 2487 ibid.
1902 2418 2006 2506 (P.
2034 2418 2258 2507 2610).
2299 2458 2393 2469 -—

487 2511 813 2575 sententia
854 2509 1065 2576 Cassii
1112 2560 1161 2574 ..
1209 2510 1319 2593 qui
1366 2509 1620 2573 dicebat
1663 2509 1834 2574 inter
1879 2510 2392 2576 instrumentum

354 2604 419 2664 et
491 2604 939 2666 ornamentum
1014 2596 1132 2687 (sc.
1195 2595 1454 2685 domus)
1529 2598 1806 2663 multum
1875 2598 2212 2682 interesse3
2290 2599 2394 2663 in-

352 2691 695 2755 strumenti
742 2690 914 2754 enim
962 2711 1036 2753 ea
1082 2710 1249 2773 esse,
1298 2709 1461 2771 quae
1511 2687 1594 2751 ad
1640 2688 1910 2751 tutelam
1958 2686 2187 2753 domus
2235 2711 2390 2771 per-

349 2780 580 2860 tinent,
626 2778 1019 2861 ornamenti,
1067 2800 1230 2861 quae
1278 2778 1359 2841 ad
1407 2777 1830 2861 voluptatem,
1880 2776 2075 2840 sicuti
2120 2778 2388 2842 tabulas

350 2867 576 2948 pictas.

530 2981 601 3037 cf.
638 2977 806 3035 Paul.
846 2976 902 3034 S.
944 2979 1000 3051 3,
1043 2979 1099 3054 6,
1139 2976 1220 3035 56
1276 3022 1289 3034 .
1322 3023 1334 3035 .
1367 3023 1378 3034 .
1429 2996 1498 3036 ea
1552 2976 1769 3053 quibus
1828 2977 2038 3036 domus
2094 2976 2393 3036 munitior

351 3066 449 3124 vel
493 3067 631 3125 tuta
674 3066 749 3125 ab
796 3065 1067 3125 incendio
1112 3068 1471 3141 praestatur.

529 3185 631 3249 47.
700 3185 775 3248 D.
804 3184 957 3248 ibid.
988 3186 1027 3263 ἓ
1062 3186 1163 3249 17.
1208 3221 1298 3231 —
1343 3184 1510 3249 Vela
1566 3233 1624 3249 ..
1678 3183 1905 3251 Cilicia
1962 3185 2391 3249 instrumenti

350 3294 490 3338 esse
539 3270 831 3357 Cassius,
888 3295 1051 3357 quae
1106 3273 1252 3339 ideo
1307 3276 1647 3360 parantur,
1702 3296 1783 3337 ne
1839 3273 2132 3337 aedificia-
2183 3277 2390 3338 vento

347 3363 452 3426 vel
498 3363 720 3446 pluvia
765 3363 1084 3429 laborent.

525 3450 629 3516 48.
681 3452 755 3516 D.
786 3452 937 3517 ibid.
968 3454 1132 3533 §2st
1179 3488 1262 3497 —
1312 3451 1410 3515 De
1456 3450 1616 3514 velis
1664 3472 1826 3534 quae
1871 3451 1940 3514 in
1987 3449 2382 3534 hypaethris

350 3541 806 3626 extenduntur,
860 3543 1015 3607 item
1072 3540 1149 3604 de
1195 3541 1330 3624 his,
1387 3561 1552 3624 quae
1601 3543 1753 3603 sunt
1798 3539 1966 3604 circa
2013 3540 2384 3623 columnaS,
