2575 3900
758 193 808 242 4.
848 185 1228 258 QGASSIUS
1267 185 1642 242 LONGINUS
2125 187 2212 250 45

364 356 438 414 cf.
479 355 652 414 Paul.
694 355 754 417 S.
792 357 849 430 3,
890 358 949 431 6,
986 358 1089 416 23.
1184 355 1405 415 Servos
1452 374 1646 431 neque
1695 357 1974 430 torquere
2020 374 2212 432 neque

203 444 444 522 flagellis
492 445 737 502 caedere
782 463 976 522 neque
1022 445 1085 502 in
1131 463 1269 503 eum
1306 463 1513 504 casum
1547 444 1709 504 facto
1748 462 1852 502 suo
1889 443 2215 520 perducere

203 533 671 592 usufructuariae
716 536 943 611 potest,
988 551 1105 609 (1110
1154 533 1479 592 deteriores
1523 533 1693 594 fiant.

364 644 470 708 34.
535 641 685 708 Vat.
723 643 798 707 fr.
838 644 941 727 72,
984 647 1039 708 1.
1098 679 1179 690 —
1234 642 1472 726 <iidem
1530 639 1648 730 (sc.
1687 646 1751 706 et
1808 641 2090 708 Sabinus
2149 648 2215 707 et

198 729 485 818 Cassius)
540 731 823 797 fructum
878 732 1157 817 operae>
1211 732 1634 818 gladiatoriae
1689 729 1826 796 eius
1883 729 2000 814 (sc.
2047 731 2214 796 servi

196 821 369 886 cuius
408 820 662 886 fructus
699 821 955 906 legatus
993 817 1121 907 est)
1159 820 1403 904 us<que
1433 820 1514 884 ed
1541 820 1832 904 praemia
1859 821 2213 885 fructuario

191 910 466 994 puta>nt
522 916 884 994 competere
929 931 1147 994 posse,
1202 914 1276 973 ut
1321 930 1470 973 vero
1517 908 1834 994 pug<net,
1888 910 2037 995 cogi
2083 931 2214 974 non

189 1001 435 1084 posse.)

1020 1145 1236 1205 Liber
1278 1145 1383 1204 IX.

843 1263 944 1329 De
984 1265 1314 1346 usufructu
1358 1265 1567 1348 leyato.

365 1393 496 1453 Hoc
550 1393 731 1470 libre,
787 1413 1147 1471 quamquam
1198 1393 1370 1452 nulla.
1423 1393 1550 1452 eius
1605 1394 1944 1471 fragmenta.
1990 1396 2214 1466 extant,

186 1482 259 1542 de
292 1503 417 1543 usu
452 1484 655 1542 fructu
690 1484 891 1559 legato
927 1483 1151 1543 iterum
1185 1485 1516 1542 tractatum
1549 1482 1733 1542 fuisse
1763 1482 1902 1542 inde
1941 1481 2214 1558 efficitur,

184 1572 347 1647 quod
402 1572 628 1632 decimo
685 1590 919 1649 quoque
974 1572 1128 1632 libro
1174 1572 1246 1630 de
1293 1572 1503 1630 eadem
1549 1591 1614 1630 re
1658 1573 1977 1632 tractatur.
2056 1570 2216 1647 quod

188 1660 424 1720 decimo
484 1661 639 1719 libro
704 1659 979 1720 Cassium
1034 1661 1106 1721 de
1162 1661 1362 1737 gregis
1425 1661 1744 1719 usufructu
1805 1660 2024 1719 dixisse
2089 1663 2215 1719 tra-

185 1749 380 1826 ditur,
429 1749 687 1809 conicias
734 1768 871 1808 eum
915 1769 1071 1809 nono
1116 1749 1271 1808 libro
1320 1748 1393 1807 de
1441 1767 1509 1808 eo
1554 1749 1757 1827 legato
1805 1749 2047 1826 dixisse,
2095 1768 2214 1826 quo

180 1844 242 1896 et
285 1839 517 1898 fundus
562 1841 625 1898 et
667 1839 964 1914 mancipia
1006 1839 1453 1915 relinquuntur,
1509 1837 1582 1897 de
1627 1857 1743 1913 quo
1788 1837 1927 1897 vat.
1955 1838 2038 1898 11.
2059 1835 2098 1914 ἓ
2131 1839 2212 1899 73

177 1928 482 2005 quaedam
522 1927 862 1989 traduntur.

1038 2070 1253 2129 Liber
1297 2070 1370 2130 X.

838 2188 937 2255 De
980 2189 1308 2271 usufructu
1353 2190 1563 2272 legato.

858 2320 953 2378 Dc
989 2322 1182 2394 yreyis
1224 2322 1552 2393 usufructu.

365 2436 474 2503 35.
521 2436 601 2503 D.
650 2439 708 2521 7,
750 2438 808 2520 1,
844 2438 948 2521 68,
983 2439 1042 2503 2.
1094 2439 1282 2522 70pr.
1364 2436 1682 2524 Ulpianus
1727 2438 1896 2503 libro
1937 2442 2214 2523 septimo

175 2525 437 2591 decimo
486 2526 567 2591 ad
614 2524 931 2591 Sabinum
978 2524 1076 2608 (P.
1115 2523 1430 2611 2574··¹³).
1489 2562 1564 2572 —
1615 2576 1629 2591 .
1658 2575 1675 2591 .
1723 2528 1779 2590 si
1823 2533 2038 2612 gregis
2086 2576 2100 2590 .
2142 2576 2157 2591 .
2199 2577 2215 2593 .

170 2615 265 2679 sit
325 2637 491 2680 usus
537 2614 789 2680 fructus
835 2616 1117 2699 legatus,
1173 2614 1436 2679 debebit
1480 2638 1556 2678 ex
1603 2614 1902 2699 adgnatis
1949 2636 2214 2700 gregem

174 2705 487 2787 supplere
536 2752 595 2768 ..
625 2752 640 2767 .
686 2703 841 2789 quid
886 2753 901 2769 .
932 2755 946 2768 .
994 2702 1052 2769 si
1114 2725 1245 2769 non
1303 2702 1503 2767 faciat
1556 2723 1675 2766 nec
1731 2704 2030 2790 suppleat
2097 2702 2212 2788 (sc.

168 2812 457 2878 gregem
511 2790 979 2879 fructuarius)?
1067 2791 1277 2857 teneri
1336 2813 1482 2856 eum
1538 2791 1966 2875 proprietario
2011 2790 2214 2857 Gaius

171 2879 461 2947 Cassius
510 2881 737 2946 scribit
782 2882 948 2946 libro
1000 2881 1246 2946 decimo
1294 2881 1454 2945 iuris
1501 2881 1727 2946 civilis,

362 2992 537 3052 Paul.
576 2992 634 3053 S.
672 2992 781 3071 ΠΙ,
822 2995 879 3070 6,
919 2994 1019 3053 20.
1118 2992 1330 3071 Gregis
1395 2993 1710 3052 usufructu
1766 2993 1970 3070 legato
2032 3014 2212 3073 grege

162 3081 425 3159 integro
471 3084 753 3141 manente
798 3083 959 3141 fetus
1004 3082 1081 3141 ad
1126 3082 1638 3141 usufructuarium
1681 3084 2000 3159 pertinent,
2047 3084 2212 3143 salvo

164 3190 267 3249 eo,
320 3173 405 3230 ut
450 3169 740 3246 quidquid
784 3170 958 3248 gregi
1001 3170 1348 3247 deperierit,
1393 3189 1467 3229 ex
1510 3171 1730 3231 fetibus
1775 3171 2112 3249 impleatur.

364 3278 500 3345 36?
574 3278 654 3347 D.
703 3282 760 3364 7,
804 3280 867 3363 4,
912 3280 1016 3345 31.
1124 3280 1521 3366 Pomponius
1593 3280 1761 3346 libro
1836 3285 2066 3368 quarto
2133 3284 2214 3347 ad

163 3369 505 3447 Quintum
534 3367 819 3435 Mucium
860 3366 959 3457 (P.
988 3366 1167 3455 238).
1206 3405 1289 3415 -
1331 3368 1492 3435 Cum
1530 3371 1745 3455 gregis
1782 3394 1938 3435 usus
1965 3370 2214 3436 fructus

162 3459 448 3544 legatus
504 3462 604 3523 est
659 3463 725 3522 et
778 3480 980 3543 usque
1036 3480 1110 3523 eo
1158 3480 1463 3523 numerus
1509 3459 1801 3543 pervenit
1845 3461 2089 3545 gregis,
2140 3462 2216 3523 ut

162 3569 339 3632 grex
396 3568 528 3611 non
574 3546 1023 3633 intellegatur,
1067 3548 1235 3634 perit
1280 3568 1436 3611 usus
1483 3546 1748 3613 fructus,
