2575 3900
950 202 999 250 3.
1040 192 1466 249 OCTAVENUS
2083 195 2211 258 217

936 375 1035 441 De
1076 376 1485 441 servitutibus.

376 482 480 547 22.
536 480 616 545 D.
650 481 709 560 8,
738 482 798 561 6,
826 482 885 545 2.
968 480 1205 545 Paulus
1250 482 1419 545 libro
1475 482 1824 546 vicensimo
1880 482 2088 565 primo
2136 482 2218 546 ad

202 570 479 635 edictum
544 567 644 656 (P.
691 566 869 655 355).
940 605 1015 615 —
1086 570 1209 645 Qui
1278 570 1403 634 iter
1467 572 1532 633 et
1595 574 1810 634 actum
1873 570 2097 653 habet,
2161 570 2218 635 si

201 656 477 724 bienni&
521 660 778 722 tantum
822 658 997 735 ierit,
1043 680 1176 723 non
1221 659 1467 742 perisse
1512 662 1754 739 actum,
1800 657 1912 723 sed
1955 681 2217 724 manere

201 746 475 812 Sabinus
515 744 779 811 Cassius
817 746 1181 813 Octavenus
1227 748 1440 831 aiunt3
1485 769 1634 811 nam
1679 747 1773 811 ire
1814 767 2068 831 quoque
2104 768 2218 831 per

201 856 269 900 se
317 858 461 899 eum
508 856 698 919 posse
746 836 855 919 qui
903 839 1116 900 actum
1159 835 1448 901 haberet.

757 1038 815 1095 2.
878 1035 983 1094 Ad
1026 1036 1141 1095 ins
1187 1036 1664 1096 honorarium.

895 1134 995 1219 De
1038 1155 1175 1219 albo
1220 1159 1519 1237 corrupto.

380 1261 482 1327 23.
545 1260 623 1327 D.
662 1262 723 1345 2,
767 1263 820 1338 1,
859 1260 916 1325 9.
1016 1260 1254 1325 Paulus
1320 1261 1487 1325 libro
1547 1261 1743 1325 tertio
1799 1260 1880 1325 ad
1937 1259 2216 1325 edictum

202 1344 301 1435 (P.
333 1346 510 1436 108).
546 1386 629 1397 --
670 1312 738 1414 S'i
781 1310 1036 1413 f'amilia
1081 1350 1354 1413 alicuius
1401 1350 1621 1413 album
1667 1348 2044 1433 corruperit,
2086 1370 2218 1413 non

202 1438 501 1502 similiter
544 1438 650 1503 hic
698 1437 968 1502 edicitur
1012 1442 1088 1502 ut
1131 1437 1200 1502 in
1242 1438 1441 1521 furto,
1485 1459 1567 1501 ne
1611 1438 1681 1501 in
1721 1437 2009 1523 reliquos
2048 1438 2218 1502 actio

201 1525 403 1607 detur,
448 1527 505 1591 si
549 1530 805 1591 tantum
847 1526 1161 1608 dominus,
1207 1549 1354 1591 cum
1392 1526 1724 1590 defendere
1761 1526 1985 1608 voluit,
2027 1527 2218 1589 unius

199 1615 455 1679 nomine
502 1615 918 1699 praestiterit,
964 1620 1273 1699 quantum
1310 1614 1478 1679 liber
1512 1618 1872 1699 praestaret
1909 1664 1922 1678 .
1943 1664 1991 1678 ..
2032 1612 2218 1679 Octa-

197 1725 397 1769 venus
444 1702 553 1768 hic
596 1725 850 1788 quoque
897 1703 1155 1767 domino
1202 1702 1701 1767 succurrendum
1749 1704 1862 1767 ait.

374 1813 599 1873 Paulus
663 1814 855 1873 addit:
922 1808 1051 1873 ‘sed
1115 1815 1227 1873 hoc
1291 1816 1492 1889 potest
1555 1814 1698 1891 dici,
1762 1814 1814 1873 si
1869 1815 2004 1874 dolo
2059 1814 2218 1875 malo

197 1903 565 1980 curaverint,
622 1907 695 1963 ut
747 1901 822 1962 ab
878 1903 997 1963 alio
1054 1901 1257 1962 album
1315 1898 1825 1981 corrumperetur,
1881 1904 2024 1980 quia
2077 1907 2219 1964 tunc

194 2012 381 2051 unum
437 1992 750 2052 consilium
805 1993 910 2070 sit,
965 2011 1086 2051 non
1136 1993 1317 2069 plura
1371 1992 1548 2052 facta.
1638 1992 1796 2051 idem
1851 1992 2218 2068 Pomponius

194 2081 351 2142 libro
398 2081 624 2140 decimo
670 2073 884 2140 notat?

376 2168 973 2245 ef.Len01Ed10tp.
1006 2171 1089 2228 46
1140 2171 1201 2227 et
1250 2171 1394 2228 267.

743 2319 842 2386 De
885 2324 1235 2388 vadimonio
1280 2325 1683 2407 concipiendo.

379 2429 484 2493 24.
549 2429 625 2493 D.
662 2429 723 2508 6,
764 2431 819 2506 1,
859 2428 916 2492 6.
1026 2429 1261 2494 Paulus
1328 2429 1490 2493 libro
1556 2431 1736 2493 sexto
1801 2430 1880 2493 ad
1946 2429 2220 2495 edictum

203 2515 299 2604 (P.
332 2515 509 2604 152).
560 2553 637 2564 —
690 2515 759 2581 Si
811 2517 879 2581 in
932 2539 1069 2580 rem
1126 2517 1358 2602 aliquis
1415 2521 1596 2602 agat,
1649 2517 1839 2591 debet
1885 2517 2220 2603 designare

199 2627 366 2692 rem,
430 2610 495 2670 et
557 2609 776 2669 utrum
838 2608 1047 2670 totam
1112 2628 1194 2669 an
1256 2610 1510 2689 partem
1577 2608 1642 2670 et
1695 2609 1961 2691 quotam
2013 2610 2221 2689 petat3

200 2695 555 2778 appellatio
603 2693 774 2757 enim
819 2695 913 2757 rei
957 2715 1093 2758 non
1138 2713 1360 2778 genus,
1407 2693 1517 2758 sed
1564 2696 1841 2777 speciem
1884 2694 2222 2778 significat.

199 2781 570 2848 Octavenus
625 2783 719 2846 ita
764 2782 1016 2867 definit,
1072 2783 1241 2866 quod
1287 2781 1566 2846 infectae
1613 2783 1867 2866 quidem
1911 2782 2222 2846 materiae

196 2871 471 2956 pondus,
518 2871 813 2955 signatae
851 2893 1001 2936 vero
1037 2893 1398 2954 numerum,
1442 2870 1648 2935 factae
1689 2874 1906 2936 autem
1943 2872 2223 2954 speciem

196 2959 325 3024 dici
375 2963 653 3043 oportet.

375 3070 604 3128 Paulus
651 3070 843 3129 additz
892 3065 1019 3129 ‘sed
1067 3073 1130 3129 et
1169 3088 1450 3130 mensura
1487 3069 1737 3130 dicenda
1775 3070 1907 3146 erit,
1954 3089 2092 3132 cum
2127 3090 2224 3132 res

193 3177 483 3218 mensura
527 3152 968 3218 continebitur?

380 3248 452 3306 cf.
482 3248 586 3322 47,
620 3251 676 3322 2,
708 3249 809 3322 19,
841 3249 877 3304 2
920 3247 1055 3323 Ulp.
1094 3247 1169 3304 ad
1209 3245 1341 3306 Sab.
1418 3241 1611 3317 ‘Quod
1649 3247 1702 3306 si
1738 3248 1870 3323 quis
1908 3251 2224 3324 argentum

192 3336 481 3395 infectum
540 3337 734 3412 petat,
791 3338 853 3395 et
904 3353 1163 3394 massam
1221 3340 1568 3413 argenteam
1622 3331 1820 3395 dicere
1878 3339 1940 3394 et
1990 3335 2223 3412 pondus

196 3424 443 3484 debebit
468 3441 706 3499 ponere.
772 3424 993 3500 signati
1022 3425 1256 3501 argenti
1276 3443 1589 3484 numerum
1611 3423 1852 3484 debebit
1871 3417 2221 3499 complecti?

343 3562 371 3610 1
417 3556 568 3612 Trib.
608 3557 821 3612 statuto
859 3559 1127 3627 tempore.
