2575 3900
821 191 872 238 4.
919 183 979 238 L.
1017 182 1383 238 NERATIUS
1419 181 1714 239 PRISOUS
2141 182 2272 248 315

245 345 401 410 sint.
480 346 647 430 quod
696 345 777 410 ad
824 367 1084 412 causam
1129 349 1352 410 tamen
1386 346 1538 410 talis
1576 345 1760 410 taciti
1801 347 2091 433 pignoris
2129 368 2272 432 per-

250 435 445 518 tinet,
489 456 619 524 non
666 435 941 499 multum
988 435 1069 499 ab
1117 434 1379 500 urbanis
1425 433 1705 519 praediis
1753 435 2072 501 differunt.

432 540 516 606 6?
553 541 633 606 D.
649 541 755 626 20,
771 541 831 624 2,
847 541 907 606 3.
980 541 1298 626 Ulpianus
1326 542 1493 606 libro
1526 543 2046 626 septuagensimo
2075 544 2271 609 tertio

246 631 333 694 ad
399 629 697 696 edictum.
758 665 832 677 —
896 629 963 695 Si
1028 630 1332 694 horreum
1395 629 1523 694 fuit
1577 629 1959 696 conductum
2015 632 2115 696 vel
2171 631 2274 696 de-

248 719 609 784 vorsorium
657 719 760 783 vel
810 740 975 800 area,
1022 719 1291 784 tacitam
1337 718 1824 784 conventionem
1873 719 1950 784 de
1996 721 2271 786 invectis

248 808 449 872 illatis
498 807 695 872 etiam
741 808 812 872 in
856 807 959 872 his
1006 807 1220 872 locum
1266 807 1505 872 habere
1550 811 1741 892 putat
1784 806 2108 874 Neratius,

430 919 723 996 Ulpianus
771 919 941 978 addit
978 912 1163 996 ‘quod
1194 919 1398 979 verius
1437 913 1566 978 est'.

426 1009 855 1086 Fragmentum
895 1007 1086 1066 eidem
1130 1008 1285 1066 libro
1334 1008 1786 1068 attribuendum
1833 1007 1992 1069 duxi.

964 1179 1064 1244 De
1108 1180 1228 1263 leye
1272 1180 1554 1263 Aquilia.

430 1289 486 1352 7.
524 1233 600 1351 D.
618 1287 678 1370 9,
693 1287 753 1369 2,
769 1285 873 1351 53.
946 1284 1253 1351 Neratius
1284 1286 1455 1352 libro
1485 1287 1696 1371 primo
1725 1285 2268 1352 Membranarum.

248 1413 333 1422 —
380 1375 593 1440 Boves
650 1376 893 1440 alienos
951 1377 1017 1438 in
1071 1378 1423 1458 angustum
1480 1377 1693 1440 locum
1749 1376 2018 1461 coegisti
2064 1398 2268 1461 eoque

240 1465 545 1530 effectum
592 1466 711 1545 est,
756 1467 829 1526 ut
876 1463 1302 1528 deicerentur:
1351 1462 1539 1527 datur
1580 1465 1648 1529 in
1683 1469 1750 1528 te
1787 1464 1867 1527 ad
1908 1466 2266 1550 exemplum

242 1553 413 1638 legis
458 1553 757 1636 Aquiliae
803 1553 872 1615 in
918 1553 1160 1616 factum
1207 1551 1395 1616 actio.
1477 1559 1481 1563 '

423 1648 495 1707 of.
538 1645 665 1706 Gai.
705 1648 760 1721 3,
801 1648 945 1706 219.

858 1817 957 1882 De
1000 1817 1173 1882 bonis
1216 1818 1646 1884 distrahendis.

423 1926 480 1991 8.
546 1924 625 1991 D.
663 1925 769 2009 27,
801 1924 901 2009 10,
930 1924 988 1990 9.
1088 1923 1394 1989 Neratius
1450 1924 1621 1990 libro
1675 1927 1886 2010 primo
1941 1925 2265 1992 Membra-

242 2037 489 2081 narum.
542 2051 615 2059 —
677 2012 876 2079 Cuius
932 2015 1119 2078 bonis
1176 2013 1610 2079 distrahendis
1667 2020 1996 2080 curatores
2053 2016 2265 2081 facere

242 2108 503 2172 senatus
554 2103 879 2188 permisit,
934 2104 1070 2168 eius
1117 2104 1289 2168 bona
1337 2103 1758 2169 creditoribus
1806 2104 2082 2169 vendere
2127 2127 2260 2171 non

240 2193 564 2277 permisit,
620 2193 916 2276 quamvis
964 2192 1310 2256 creditores
1358 2198 1510 2275 post
1556 2193 1619 2256 id
1669 2193 2048 2258 beneficium
2094 2194 2264 2259 bona

242 2282 514 2346 vendere
545 2281 841 2363 mallent3
880 2279 1046 2345 sicut
1075 2281 1244 2345 enim
1271 2279 1528 2365 integra
1555 2303 1622 2344 re
1653 2286 1940 2363 potestas
1971 2283 2262 2366 ipsorum

236 2375 342 2434 est
398 2374 614 2433 utrum
660 2369 863 2432 velint
911 2368 1218 2452 eligendi,
1273 2369 1370 2432 ita
1416 2390 1559 2432 cum
1609 2370 1882 2434 alterum
1931 2371 2264 2456 elegerint,

244 2461 447 2523 altero
515 2457 839 2521 abstinere
897 2456 1150 2520 debent.
1249 2458 1579 2540 multoque
1635 2459 1841 2541 magis
1897 2457 1963 2522 id
2021 2461 2263 2524 servari

240 2568 518 2629 aequum
584 2550 706 2626 est,
772 2545 826 2608 si
884 2544 1079 2607 etiam
1133 2544 1346 2608 factus
1403 2550 1503 2607 est
1556 2550 1838 2629 curator,
1900 2568 2015 2629 per
2073 2570 2262 2631 quem

240 2635 416 2699 bona
481 2632 1023 2711 distraherentur,
1090 2633 1383 2716 quamvis
1448 2632 1730 2697 nondum
1796 2634 2121 2717 explicato
2186 2658 2260 2700 eo

239 2722 506 2807 negotio
536 2721 892 2786 decesserit.
966 2743 1117 2786 nam
1147 2724 1211 2784 et
1237 2724 1391 2784 tunc
1421 2742 1498 2783 ex
1524 2721 1778 2805 integro
1809 2722 1974 2787 alius
2005 2727 2263 2787 curator

238 2810 571 2877 faciendus
620 2814 719 2874 est
763 2831 967 2894 neque
1014 2810 1201 2875 heres
1247 2809 1483 2892 prioris
1527 2811 1840 2875 curatoris
1879 2811 2263 2898 onerandus,

241 2923 386 2966 cum
434 2898 719 2965 accidere
764 2898 990 2982 possit,
1037 2902 1109 2963 ut
1151 2899 1416 2983 negotio
1464 2899 1566 2962 vel
1611 2903 1874 2983 propter
1921 2921 2110 2965 sexus
2159 2902 2261 2966 vel

224 2994 504 3091 pro-pter
569 2988 802 3053 aetatis
866 2986 1314 3051 infirmitatem
1379 2987 1483 3051 vel
1548 2991 1812 3072 propter
1875 2987 2260 3073 dignitatem

238 3077 550 3144 maiorem
589 3076 1002 3159 minoremve,
1044 3098 1237 3161 quam
1272 3076 1344 3139 in
1380 3076 1597 3159 priore
1636 3082 1930 3143 curatore
1968 3083 2260 3162 spectata

239 3172 405 3250 erat,
458 3166 697 3231 habilis
745 3187 874 3231 non
924 3166 1034 3247 sit,
1079 3164 1336 3249 possint
1382 3165 1577 3230 etiam
1622 3166 1836 3249 plures
1883 3167 2151 3232 heredes
2201 3169 2259 3231 ei

239 3256 510 3320 existere
565 3276 769 3339 neque
827 3258 941 3318 aut
994 3275 1108 3337 per
1166 3275 1388 3320 omnes
1445 3254 1513 3318 id
1566 3256 1902 3341 negotium
1957 3255 2260 3321 adminis-

235 3344 399 3409 trari
446 3342 742 3426 expediat
789 3346 901 3407 aut
946 3344 1286 3427 quicquam
1335 3342 1458 3407 dici
1504 3344 1729 3427 possit,
1776 3366 1888 3409 cur
1934 3366 2098 3408 unus
2140 3344 2256 3409 ali-

237 3433 377 3517 quis
428 3454 505 3496 ex
548 3431 652 3495 his
701 3431 1110 3514 potissimum
1158 3431 1522 3495 onerandus
1569 3431 1670 3496 sit.

417 3542 507 3602 De
528 3546 868 3603 senatorum
890 3543 1063 3603 bonis
1078 3542 1402 3603 vendendis
1417 3544 1934 3603 senatusconsulto
1951 3544 2257 3618 statuitur,
