2575 3900
947 224 996 275 5.
1043 218 1277 277 TITIUS
1316 218 1578 275 ARISTO
2133 218 2263 283 389

241 383 634 451 nominatim
671 382 1299 467 comprehendendas
1337 382 1601 466 Pedius3
1648 382 1757 447 sed
1795 382 2039 447 cibaria
2078 403 2262 447 servo

245 472 402 539 data
454 494 590 537 non
646 494 786 537 esse
838 471 1218 557 imputanda
1262 471 1488 537 Aristo
1540 469 1748 557 (ait),
1801 494 1953 535 nam
2008 492 2127 536 nec
2182 471 2263 536 ab
2368 495 2373 503 ·

242 562 394 647 ipso
442 560 638 647 exigi,
685 560 856 645 quod
901 560 971 625 in
1018 560 1380 626 ministerio
1428 561 1561 627 eius
1607 560 1754 625 fuit.

954 737 1056 804 De
1088 739 1558 823 permutatione.

426 846 530 912 50.
585 845 661 909 D.
707 845 804 928 19,
839 846 901 930 4,
938 845 998 910 2.
1088 844 1270 909 Idem
1325 842 1441 931 (sc.
1488 841 1756 930 Paulus)
1811 843 1979 909 libro
2038 843 2263 929 quinto

247 935 328 1000 ad
384 934 714 1002 Plautium
769 930 869 1021 (P.
912 930 1130 1020 1117).
1181 970 1257 981 —
1312 934 1531 999 Aristo
1589 934 1708 1018 ait,
1762 932 2067 1017 quoniam
2122 953 2264 1016 per-

245 1024 523 1089 mutatio
579 1024 793 1089 vicina
847 1025 1019 1087 esset
1073 1023 1415 1108 emptioni,
1478 1042 1708 1087 sanum
1764 1043 2015 1107 quoque
2069 1019 2263 1085 furtis

244 1113 562 1197 noxisque
608 1113 888 1178 solutum
935 1114 1002 1175 et
1046 1133 1175 1177 non
1224 1133 1363 1176 esse
1402 1111 1754 1197 fugitivum
1792 1132 2049 1177 servum
2084 1131 2263 1194 prae-

246 1201 577 1287 standum,
623 1202 734 1286 qui
780 1222 858 1266 ex
900 1198 1063 1286 <ea>
1107 1222 1305 1266 causa
1351 1201 1629 1267 daretur.

691 1418 750 1480 b.
805 1419 903 1478 Ad
949 1418 1209 1478 edictum
1254 1418 1547 1494 praetoris
1595 1418 1823 1478 urbani.

922 1536 1020 1603 Dc
1062 1542 1291 1620 recepto
1336 1538 1613 1603 arbibrio

427 1644 530 1711 51.
594 1643 672 1709 D.
708 1645 771 1729 4,
809 1645 869 1729 8,
904 1645 1008 1711 40.
1108 1644 1507 1726 Pomponius
1571 1643 1735 1709 libro
1799 1643 2133 1708 undecimo
2191 1664 2269 1708 ex

249 1733 468 1799 Variis
490 1733 902 1799 Lectionibus
923 1731 1019 1821 (P.
1041 1729 1219 1817 832).
1239 1768 1329 1779 —
1346 1731 1613 1797 Arbiter
1640 1732 1925 1797 calendis
1944 1731 2263 1797 Ianuariis

249 1822 476 1889 adesse
521 1822 714 1887 iussit
759 1827 824 1887 et
869 1821 1018 1887 ant'e
1065 1844 1211 1887 eum
1259 1820 1425 1885 diem
1470 1822 1777 1906 decessit3
1825 1822 1988 1886 alter
2027 1843 2104 1885 ex
2139 1820 2270 1884 liti-

255 1912 595 2000 gatoribus
658 1933 790 1977 non
854 1910 1076 1977 adfuit.
1187 1912 1409 1995 procul
1473 1910 1668 1976 dubio
1731 1932 1941 1996 poena
2005 1909 2268 1976 minime

251 2002 598 2067 commissa
655 2002 784 2084 est3
838 2023 993 2066 nam
1047 2005 1114 2066 et
1169 1999 1465 2066 Cassium
1521 2001 1771 2066 audisse
1828 2022 1895 2066 se
1953 1997 2270 2066 dicentem

250 2089 474 2156 Aristo
533 2090 627 2154 ait
681 2089 752 2154 in
806 2111 880 2154 eo
927 2089 1199 2170 arbitro,
1251 2091 1363 2175 qui
1409 2089 1549 2174 ipse
1594 2111 1728 2154 non
1772 2089 2083 2173 venisset,
2138 2109 2271 2152 non

252 2199 392 2243 esse
450 2177 892 2262 commissam,
958 2178 1495 2262 quemadmodum
1552 2177 1810 2244 Servius
1867 2177 1984 2263 ait,
2044 2177 2101 2242 si
2155 2197 2270 2260 per

252 2267 704 2351 stipulatorem
761 2269 917 2351 stet,
973 2287 1101 2351 quo
1151 2268 1363 2332 minus
1410 2266 1713 2350 accipiat,
1767 2288 1899 2332 non
1946 2263 2269 2332 committi

253 2377 550 2440 poenam.

1049 2443 1150 2510 Dc
1193 2445 1475 2528 deposito.

434 2549 538 2617 52.
585 2551 662 2616 D.
699 2551 797 2635 17,
830 2551 886 2635 1,
913 2550 1018 2616 39.
1089 2549 1398 2615 Neratius
1435 2549 1603 2614 libro
1642 2549 1917 2633 septimo
1955 2548 2272 2614 Membra-

254 2660 508 2704 narum.
566 2677 642 2686 —
701 2639 790 2704 Et
844 2639 1142 2704 Aristoni
1197 2643 1264 2704 et
1315 2636 1504 2703 Celso
1559 2639 1728 2724 patri
1784 2637 2027 2721 placuit
2077 2658 2272 2722 posse

253 2749 392 2793 rem
439 2727 560 2793 hac
607 2729 980 2794 condicione
1027 2727 1261 2812 deponi
1308 2727 1805 2811 mandatumque
1857 2723 2005 2810 (hac
2060 2724 2273 2791 condi-

255 2817 439 2883 cione
484 2816 754 2882 fiduciae
801 2814 1071 2903 causa‘P)
1111 2815 1368 2901 suscipi,
1415 2820 1486 2881 ut
1530 2838 1632 2880 res
1679 2815 1964 2900 periculo
2014 2815 2149 2879 eius
2187 2813 2275 2878 sit

252 2906 367 2994 qui
431 2905 797 2990 depositum
860 2907 966 2972 vel
1029 2905 1406 2970 mandatum
1461 2901 1769 2992 (depositi
1821 2904 1923 2969 vel
1978 2903 2270 2968 mandati

253 2991 520 3081 causa‘P)
570 2995 870 3080 suscepit.

431 3106 678 3166 Pernice
723 3106 815 3165 ΠΙ
848 3109 971 3167 139
1019 3127 1077 3167 n.
1109 3109 1164 3166 2.

251 3283 348 3354 De
390 3285 663 3344 missione
706 3286 772 3344 in
805 3286 1227 3358 possessionem
1272 3286 1589 3360 leyatorum
1624 3285 2039 3344 servandorum
2076 3298 2271 3342 cascesa.

433 3401 540 3469 53.
583 3399 664 3467 D.
692 3403 798 3487 36,
826 3403 888 3486 3,
920 3403 1048 3468 13.·
1089 3400 1397 3468 Neratius
1436 3402 1603 3467 libro
1642 3401 1917 3486 septimo
1950 3400 2273 3466 Membra-

250 3512 508 3556 narum.
554 3526 641 3538 --
686 3491 770 3556 Ei
826 3512 1108 3575 quoque,
1164 3492 1269 3556 cui
1322 3491 1690 3576 legatorum
1747 3489 1915 3557 actio
1964 3490 2156 3554 datur
2198 3488 2271 3554 in

255 3600 423 3665 eum,
459 3579 573 3664 qui
609 3579 1068 3663 praetermissa
1095 3578 1505 3648 institutione
1534 3581 1616 3646 ab
1642 3580 1954 3646 intestato
1982 3577 2273 3664 possidet
