2575 3900
382 179 514 243 588
1115 179 1673 235 ADDITAMENTA;

567 340 690 408 12⁵.
789 341 870 406 n.
927 344 1035 426 47,
1091 344 1153 426 2,
1205 345 1313 427 41,
1370 345 1427 408 2.
1527 342 1851 427 Ulpianus
1913 343 2083 409 fibro
2160 347 2447 430 septua-
2572 324 2575 363 '¹

383 433 676 534 gensimo
713 432 924 517 primo
963 431 1046 496 ad
1085 431 1411 497 Sabinum.
1446 469 1536 480 -
1572 483 1588 498 .
1615 481 1633 497 .
1661 483 1675 498 .
1714 431 1973 497 dieitur:
2008 455 2185 498 noxa
2222 440 2445 522 eaput

379 525 688 606 seqmtur·
1017 617 1118 683 De
1159 623 1282 684 soto
1327 618 1797 684 Macedoniam.

565 733 664 799 13.
711 733 788 798 D.
832 735 931 817 14,
960 736 1018 818 6,
1051 735 1109 815 7,
1142 733 1240 798 13.
1303 731 1625 826 Ulpianus
1671 732 1838 797 libro
1884 732 2191 799 vicesimo
2242 757 2435 801 nono

384 822 463 886 ad
512 822 808 887 edietum.
857 859 944 868 —
1035 783 1333 887 ,ilicitur
1358 797 1455 885 in
1503 843 1597 905 e0,
1644 821 1752 906 qui
1800 821 2159 886 studiorum
2218 845 2435 889 eausa

383 911 616 976 absens
665 914 956 975 mutuum
1004 917 1354 996 acceperat,
1408 931 1659 975 cessare
1716 914 1975 975 senatus
2022 913 2429 978 consultum.
2534 937 2541 948 ·

949 1102 1043 1161 De
1088 1097 1432 1162 litterarum
1478 1095 1851 1176 obligatione.

563 1215 666 1277 14.
730 1209 869 1277 Gai.
937 1215 996 1289 3,
1063 1213 1206 1278 132.
1279 1249 1355 1260 -
1429 1264 1441 1275 .
1490 1264 1503 1276 .
1566 1211 1783 1296 (non)
1847 1212 2108 1297 proprie
2176 1213 2421 1279 dieitur

383 1302 648 1365 arcariis
712 1302 1084 1365 nominibus
1159 1301 1354 1365 etiam
1406 1302 1805 1385 -peregrinos
1872 1302 2177 1387 obligari,
2260 1303 2419 1388 quia

379 1411 514 1454 non
551 1390 694 1474 ipso
723 1389 1001 1472 nomine,
1040 1389 1151 1453 sed
1187 1389 1633 1454 numeratione
1670 1391 1978 1473 pecuniae
2016 1391 2413 1475 obligantur.

956 1565 1057 1630 De
1100 1567 1417 1632 verborum
1462 1567 1823 1651 obziyatione

569 1683 669 1747 15.
719 1681 856 1747 Gai.
906 1683 967 1758 3,
1012 1682 1115 1746 94.
1153 1719 1240 1728 —-
1289 1735 1302 1748 .
1333 1733 1347 1748 .
1395 1682 1631 1748 dieitur
1674 1705 1803 1748 uno
1850 1704 2003 1748 casu
2048 1682 2174 1747 hoe
2210 1683 2406 1748 verbo

386 1769 502 1856 (se.
551 1768 989 1854 Spondesne?)
1065 1772 1474 1854 peregrinum
1538 1793 1793 1857 quoque
1856 1771 2136 1854 obligari
2198 1793 2405 1855 posse,

382 1861 586 1924 veluti
636 1860 690 1922 si
727 1859 1080 1943 imperator
1117 1865 1343 1924 noster
1378 1860 1736 1945 principem
1773 1861 2039 1925 alieuius
2078 1861 2404 1946 peregrini

378 1948 607 2034 populi
634 1946 713 2012 de
740 1970 898 2033 paee
927 1948 1021 2013 ita
1057 1948 1419 2034 interroget
1454 1947 1739 2034 ‘pacem
1730 1950 2015 2014 futurum
2056 1948 2403 2035 spondes‘?'

378 2039 484 2103 vel
529 2038 670 2120 ipse
718 2038 943 2101 eodem
989 2039 1180 2102 modo
1228 2040 1678 2124 interrogetur.

560 2135 660 2201 16.
716 2134 793 2199 D.
855 2136 960 2216 21,
1017 2136 1078 2220 2,
1138 2136 1223 2201 32
1269 2158 1363 2220 pr.
1455 2135 1632 2200 Idem
1679 2133 1794 2223 (se.
1841 2134 2189 2221 Ulpianus)
2236 2137 2400 2201 libro

381 2223 878 2309 quadragesimo
928 2185 1112 2289 sext'o
1160 2225 1237 2288 ad
1287 2218 1614 2289 Sabinum.
1668 2261 1748 2273 —-
1841 2225 2145 2304 ,dieituu
2196 2226 2400 2311 quoti-

379 2335 492 2377 ens
533 2313 749 2395 plures
790 2335 890 2377 res
929 2313 997 2376 in
1039 2313 1526 2397 stipulationem
1565 2311 1979 2393 deducuntur,
2016 2314 2235 2399 plures
2263 2337 2399 2379 esse

261 2412 266 2417 “
379 2400 846 2484 stipulationes.

1031 2514 1131 2581 De
1174 2517 1426 2581 iudiciis
1457 2519 1743 2598 privatis,

557 2634 658 2697 17.
707 2630 867 2734 Grai,-
892 2632 959 2732 4,
1001 2632 1102 2696 58.
1153 2666 1233 2680 —-
1275 2683 1291 2697 .
1320 2680 1337 2697 .
1375 2630 1612 2697 dieitur
1646 2632 1815 2697 falsa
1852 2632 2397 2714 demonstratione

371 2745 508 2787 rem
554 2744 687 2786 non
734 2743 981 2805 perimi.

1046 2861 1147 2927 De
1189 2862 1718 2946 appellationibus.

555 2980 654 3045 18.
700 2978 778 3044 D.
824 2978 931 3060 49,
978 2979 1037 3060 3,
1088 2977 1142 3041 1.
1226 2977 1545 3061 Ulpianus
1595 2978 1766 3043 libro
1803 2979 2012 3065 primo
2057 2979 2135 3044 de
2182 2982 2395 3065 appel-

369 3066 745 3132 lationibus
766 3106 852 3115 -
881 3119 895 3133 .
926 3116 939 3131 .
970 3066 1202 3131 dieitur
1232 3088 1377 3131 eum
1406 3067 1738 3152 appellari,
1768 3066 1875 3153 qui
1904 3068 2081 3133 dedit
2106 3070 2393 3135 iudicem.

1125 3243 1225 3309 De
1267 3246 1653 3341 usucapione.

555 3360 658 3425 19.
703 3357 781 3424 D.
831 3361 890 3442 8,
935 3361 995 3443 2,
1046 3361 1103 3424 7.
1168 3359 1565 3443 Pomponius
1604 3360 1773 3426 lihro
1820 3361 2169 3427 vicensimo
2218 3366 2391 3427 sexto

373 3449 456 3512 ad
505 3448 815 3525 Quintum
859 3447 1161 3513 Mucium.
1212 3484 1296 3494 —
1344 3500 1358 3513 .
1405 3499 1422 3516 .
1462 3500 1483 3512 .
1531 3449 1823 3516 aedificio
1870 3472 2012 3515 meo
2060 3472 2163 3515 me
2209 3473 2391 3537 posse

370 3539 700 3621 consequi,
748 3542 821 3602 ut
864 3538 1234 3601 libertatem
1281 3559 1719 3622 usucaperem,
1763 3538 2014 3605 dieitur.
