2575 3900
368 171 499 237 240
543 172 637 227 IV.
665 169 1099 226 VESPASIANI
1124 170 1272 226 T1T1
1301 169 1696 225 DOMITIANI
1721 169 1938 227 ΤΕΜΡ.
1965 170 2158 225 IURIS
2186 170 2397 227 CONS.

1072 366 1150 449 8.
1226 372 1640 446 VIVIANU
1641 372 1688 445 S

549 517 700 577 iuris
745 517 978 593 peritus
1023 516 1400 593 Flaviorum,
1445 520 1517 578 ut
1562 517 1828 594 videtur,
1873 518 2122 596 aetatis,
2171 518 2402 595 quippe

367 624 505 666 cum
522 604 799 665 Cassium
830 609 893 666 et
920 606 1242 666 Proculum
1268 605 1626 683 laudaverit,
1654 605 1845 682 ipsius
1874 611 2078 667 autem
2103 607 2404 667 rationem

369 695 652 755 habuerit
695 713 815 754 non
860 696 1036 755 modo
1083 694 1448 770 Pomponius
1493 695 1563 756 D.
1597 698 1697 771 13,
1727 697 1786 774 6,
1818 698 1919 774 17,
1947 698 1990 755 4
2035 699 2100 755 et
2141 696 2402 755 fortasse

370 782 581 844 Celsus
629 803 865 860 quoque
910 784 982 845 D.
1012 786 1071 858 4,
1102 786 1161 860 8,
1192 786 1296 859 21,
1328 786 1429 861 11,
1467 785 1571 843 sed
1607 784 1792 843 etiam
1834 781 2170 845 Octavenus
2217 776 2403 865 (quae

369 873 467 932 hic
503 873 575 931 D.
598 875 655 946 9,
678 874 738 950 2,
760 875 863 947 27,
886 874 967 933 25
1010 867 1095 931 ‘in
1130 872 1266 931 uvis
1304 864 1527 949 adicit',
1563 872 1641 931 ad
1668 872 1992 932 Vivianum
2023 873 2231 933 addita
2265 891 2404 933 esse

368 962 771 1039 cognoscitur.
798 960 1072 1037 Krueger
1093 963 1293 1038 p.158
1315 952 1518 1041 n.99).
1545 962 1777 1021 accedit
1795 962 1954 1038 quod
1971 962 2042 1021 D.
2057 965 2112 1037 9,
2128 964 2402 1037 2,2''I,28

369 1051 445 1110 de
490 1070 562 1112 eo
607 1051 697 1110 ait
743 1050 849 1128 qui
895 1044 1173 1126 ‘puerum
1218 1050 1574 1111 castraverit
1609 1054 1675 1111 et
1708 1049 2122 1126 pretiosiorem
2161 1044 2402 1111 fecerit'

368 1158 527 1216 quae
579 1139 767 1199 verba
812 1141 953 1198 ante
1000 1157 1051 1199 a.
1093 1134 1284 1217 81s82
1333 1138 1558 1214 scripta
1601 1139 1909 1216 videntur,
1965 1158 2084 1216 quo
2128 1143 2404 1216 tompore

368 1228 753 1289 Domitianus
826 1222 1047 1287 ‘mares
1123 1226 1376 1287 castrari
1447 1222 1666 1287 vetuit'
1739 1231 1802 1287 et
1864 1221 2222 1304 ‘spadonum
2293 1227 2406 1304 qui

370 1317 597 1377 residui
626 1316 789 1393 apud
815 1334 1141 1395 mangones
1170 1319 1321 1392 erat,
1349 1316 1548 1392 pretia
1582 1316 1927 1377 moderatus
1965 1311 2097 1381 est'.
2153 1316 2400 1378 Sueton.

368 1405 697 1466 Domitian.
755 1409 812 1466 7.
859 1408 1172 1481 praeterea
1223 1423 1344 1464 non
1401 1405 1828 1481 respondendo,
1884 1405 1990 1464 sed
2043 1404 2214 1466 libris
2261 1406 2405 1465 scri-

367 1494 577 1554 bendis
624 1514 761 1554 eum
806 1512 1051 1570 operam
1094 1493 1330 1553 dedisse
1375 1497 1626 1555 constat.

550 1583 624 1642 In
667 1583 847 1643 rebus
895 1602 1151 1660 quarum
1196 1582 1260 1642 in
1304 1582 1660 1661 fragmentis
1704 1582 1930 1642 mentio
1965 1582 2050 1657 fit,
2097 1586 2159 1642 et
2195 1584 2404 1643 studia

373 1674 436 1732 et
472 1690 666 1732 mores
702 1672 870 1731 illius
916 1671 1137 1730 aetatis
1175 1672 1324 1730 satis
1360 1676 1704 1731 cernuntur.
1794 1690 1987 1731 sermo
2016 1670 2175 1731 enim
2203 1675 2298 1732 est
2326 1672 2402 1731 de

368 1761 667 1820 mercibus
702 1760 766 1820 in
801 1778 1015 1819 navem
1052 1759 1352 1836 impositis
1390 1755 1486 1837 (D.
1504 1762 1563 1837 4,
1585 1763 1644 1835 9,
1663 1762 1723 1835 4,
1754 1753 1842 1841 2),
1880 1761 1954 1820 de
1989 1779 2140 1820 nave
2176 1761 2403 1820 venali-

369 1850 595 1909 ciarum
660 1849 944 1908 mercium
1009 1849 1315 1924 perforata
1369 1842 1469 1929 (D.
1508 1852 1567 1925 9,
1608 1851 1665 1923 2,
1705 1851 1807 1928 27,
1849 1844 1988 1928 24),
2061 1849 2133 1909 de
2210 1868 2401 1926 puero

370 1940 636 1998 castrato
666 1933 766 2018 (D.
799 1942 855 2014 9,
887 1939 946 2014 2,
972 1939 1074 2010 27,
1100 1930 1231 2016 28),
1271 1938 1342 1997 de
1378 1957 1566 2014 puero
1605 1937 1710 2014 qui
1747 1957 1784 1997 a
1818 1939 2109 2016 magistro
2147 1938 2404 1999 recessit

372 2029 435 2086 et
478 2045 687 2086 rursus
736 2027 813 2086 ad
856 2029 1112 2086 matrem
1159 2029 1447 2103 pervenit,
1492 2033 1566 2088 ut
1610 2047 1718 2104 per
1762 2047 1894 2088 eam
1928 2027 2259 2087 faciliorem
2297 2028 2401 2087 de-

370 2115 773 2193 precationem
817 2115 1071 2175 haberet
1104 2115 1308 2175 delicti
1345 2115 1447 2195 (D.
1479 2118 1580 2191 21,
1617 2118 1674 2191 1,
1703 2118 1806 2192 27,
1837 2109 1926 2196 5),
1972 2116 2046 2175 de
2092 2135 2162 2176 eo
2210 2115 2318 2194 qui
2365 2135 2404 2175 a

369 2206 756 2282 praeceptore
803 2203 901 2263 cui
937 2204 1000 2263 in
1038 2204 1412 2280 disciplinam
1450 2205 1714 2264 traditus
1751 2207 1900 2281 erat,
1946 2205 2205 2283 aufugit,
2251 2206 2402 2283 quia

370 2294 763 2352 immoderate
818 2311 889 2352 eo
943 2293 1234 2353 utebatur
1278 2285 1379 2374 (D.
1413 2295 1516 2370 21,
1547 2297 1604 2366 1,
1637 2295 1718 2352 27
1739 2286 1885 2371 pr.),
1941 2293 2013 2352 de
2069 2311 2242 2354 servo
2295 2295 2404 2372 qui

371 2383 448 2442 ab
478 2402 548 2442 eo
577 2382 740 2460 fugit
774 2381 873 2441 cui
914 2384 1046 2440 erat
1082 2382 1492 2442 commodatus
1521 2373 1605 2462 (D
1628 2385 1730 2454 21,
1755 2385 1811 2461 1,
1836 2385 1935 2458 17,
1957 2375 2046 2464 3),
2083 2382 2158 2442 de
2195 2402 2265 2443 eo
2296 2384 2403 2461 qui

370 2475 543 2532 nocte
609 2469 812 2546 aliqua
877 2466 1006 2530 sine
1064 2471 1377 2530 voluntate
1443 2471 1669 2530 domini
1729 2471 1984 2530 emansit
2045 2463 2148 2552 (D.
2189 2473 2269 2530 21
2287 2517 2303 2548 ,
2345 2475 2401 2548 1,

374 2562 477 2640 17,
509 2552 608 2642 4),
664 2560 737 2620 de
793 2559 982 2620 servis
1035 2559 1135 2619 vel
1187 2560 1250 2618 vi
1308 2559 1572 2636 depulsis
1625 2559 1723 2620 vel
1777 2559 2028 2619 retentis
2075 2563 2136 2619 et
2179 2560 2401 2620 vinctis

370 2643 472 2732 (D.
501 2651 606 2728 43,
640 2652 740 2728 16,
773 2652 829 2726 1,
858 2641 1001 2728 46),
1048 2648 1122 2707 de
1169 2666 1341 2708 servo
1387 2649 1545 2707 inter
1589 2648 1881 2708 fanaticos
1919 2650 2099 2725 caput
2133 2647 2402 2708 iactante

368 2740 470 2800 vel
523 2741 685 2799 circa
738 2739 882 2797 fana
932 2737 1259 2797 bacchante
1305 2739 1368 2796 et
1413 2755 1698 2814 responsa
1743 2736 2027 2796 reddente
2075 2732 2176 2814 (D.
2207 2739 2313 2814 21,
2346 2741 2402 2811 1,

375 2831 432 2905 1,
462 2831 519 2888 9.
554 2821 687 2907 10),
732 2828 806 2886 de
853 2827 929 2886 iis
977 2826 1079 2902 qui
1124 2845 1234 2903 per
1278 2827 1440 2886 vicos
1486 2844 1648 2885 more
1690 2826 2038 2885 insanorum
2073 2825 2403 2885 deridenda

369 2916 696 2991 loquantur
732 2911 830 2995 (D.
872 2918 975 2992 21,
1009 2918 1063 2992 1,
1093 2916 1153 2993 4,
1187 2907 1271 2995 1),
1320 2915 1574 2991 denique
1617 2913 1690 2974 de
1726 2915 1949 2991 popina
1985 2918 2048 2974 et
2082 2915 2399 2990 lupanario

372 3003 481 3062 ubi
525 3003 863 3083 litigatores
910 3003 1139 3064 arbiter
1182 3005 1392 3063 adesse
1439 3003 1683 3063 iusserit
1731 2997 1833 3084 (D.
1862 3004 1922 3080 4,
1952 3005 2010 3079 8,
2041 3005 2144 3081 21,
2177 2996 2309 3086 11).

554 3091 934 3170 Quamquam
976 3093 1268 3152 librorum
1316 3111 1352 3152 a
1389 3091 1646 3152 Viviano
1692 3092 2160 3168 compositorum
2204 3111 2399 3168 neque

371 3199 588 3240 nomen
650 3200 841 3258 neque
898 3185 1319 3258 argumentum
1378 3180 1667 3258 traditur,
1731 3181 1920 3240 nihilo
1975 3181 2174 3241 minus
2226 3181 2399 3240 cuius

372 3270 609 3348 generis
656 3271 786 3330 eius
833 3270 1033 3330 studia
1077 3271 1305 3330 fuerint
1341 3271 1721 3347 aliquatenus
1759 3269 2154 3348 cognoscitur.
2237 3268 2400 3346 quod

373 3360 533 3418 enim
578 3361 725 3419 haec
769 3361 1081 3437 leguntur:
1132 3354 1448 3419 ‘Vivianus
1498 3353 1706 3419 refert'
1747 3359 1821 3419 D.
1842 3360 2070 3436 43,16,
2093 3361 2148 3431 1,
2169 3360 2400 3435 41.46,

366 3441 556 3524 ‘apud
611 3449 934 3509 Vivianum
996 3450 1251 3509 relatum
1321 3441 1433 3508 est'
1490 3447 1564 3509 D.
1601 3449 1662 3524 4,
1701 3451 1760 3524 9,
1793 3452 1848 3525 1,
1879 3450 1936 3507 6.
1985 3449 2088 3523 21,
2119 3450 2173 3520 1,
2209 3449 2310 3524 17,
2341 3449 2401 3507 3.

378 3539 479 3612 39,
514 3540 570 3614 2,
601 3540 699 3612 24,
734 3542 789 3599 9.
836 3540 941 3615 43,
976 3541 1074 3614 16,
1107 3543 1161 3614 1,
1192 3539 1296 3597 45.
1343 3538 1446 3612 43,
1477 3539 1578 3613 24,
1612 3539 1710 3616 13,
1741 3539 1799 3615 5,
1838 3531 2150 3596 ‘vivianus
2189 3535 2404 3596 scribit
