2575 3900
327 132 460 235 260'
529 170 595 224 v.
633 167 931 223 NERVAE
969 167 1062 221 ET
1101 165 1403 222 TRAIANI
1438 165 1653 220 TEMP.
1688 164 1881 220 Imus
1920 163 2278 220 coNsULTI

827 330 936 396 Ad
977 330 1162 414 leqem
1206 329 1459 394 Aeliam
1503 327 1826 394 Sentiam?

504 439 564 503 3.
610 437 687 502 D.
719 439 777 520 2,
804 438 867 521 4,
893 437 955 519 4,
983 437 1044 501 3.
1117 435 1438 520 Ulpianus
1476 434 1643 499 libro
1683 434 1908 518 quinto
1948 433 2027 499 ad
2063 434 2343 499 edictum

327 527 426 614 (P.
456 524 636 613 260).
666 563 750 573 —
778 524 1089 590 Parentes
1128 526 1322 588 etiam
1360 545 1469 588 eos
1507 523 1714 606 accipi
1740 521 1960 588 Labeo
1999 523 2343 604 existimat,

327 616 437 702 qui
486 617 551 679 in
590 615 898 679 servitute
937 615 1385 696 susceperunt,
1433 633 1548 677 nec
1586 615 1807 676 tamen
1844 610 2128 698 (tantum
2141 609 2225 698 P),
2271 617 2348 677 ut

328 704 598 771 Severus
645 702 926 786 dicebat,
973 701 1052 766 ad
1100 701 1272 766 solos
1319 702 1524 766 iustos
1570 700 1828 765 liberos

507 799 580 859 cf.
629 796 757 857 Grai.
798 799 854 874 1,
895 797 995 856 39.
1062 788 1287 855 ‘lastae
1352 796 1555 854 autem
1603 813 1815 853 causae
1860 794 2345 854 manumissionis

327 891 469 948 sunt
523 886 711 948 veluti
766 885 819 945 si
871 885 1003 962 quis
1059 887 1294 960 patrem
1348 886 1454 942 aut
1499 887 1752 942 matrem
1781 929 1793 942 .
1827 928 1839 941 .
1869 926 1884 942 .
1913 878 2345 943 manumittat'.

1108 1059 1187 1121 H.
1234 1105 1257 1119 ,
1288 1106 1301 1119 .
1330 1105 1345 1120 .
1375 1059 1568 1118 libri.

503 1188 593 1247 De
638 1185 927 1244 librorum
970 1179 1171 1243 indole
1217 1181 1370 1243 certi
1413 1181 1565 1242 nihil
1610 1185 1886 1262 cognosci
1930 1188 2150 1262 potest.

1190 1333 1289 1403 De
1331 1337 1480 1404 dote.

515 1450 571 1510 1.
616 1444 696 1509 D.
722 1443 875 1531 3‚3‚
904 1447 1051 1528 Spr.
1124 1444 1307 1508 {dem
1357 1445 1472 1529 (sc.
1511 1440 1858 1532 Ulpianus)
1901 1445 2071 1510 ‘libs-o
2120 1449 2345 1511 octavo

332 1536 412 1601 ad
479 1535 757 1600 edictum
815 1531 911 1618 (P.
951 1533 1128 1618 305).
1182 1570 1271 1579 —
1325 1583 1341 1596 .
1371 1583 1385 1598 .
1413 1584 1426 1596 .
1468 1537 1533 1598 et
1587 1534 1721 1598 filia
1773 1534 2053 1599 familias
2108 1536 2349 1618 poterit

331 1625 482 1688 dare
539 1619 937 1706 coyniwmn²
982 1621 1071 1686 ad
1115 1621 1502 1686 iniuvimmm
1552 1622 1888 1688 actionem.
1978 1643 2128 1686 nam
2176 1623 2346 1706 quod

335 1712 415 1777 ad
464 1713 632 1776 dotis
680 1711 1074 1775 exactionem
1124 1730 1269 1775 cum
1305 1716 1490 1794 patre
1527 1710 1640 1775 dat
1675 1709 2087 1795 coynitorem1,
2134 1733 2349 1794 super-

328 1819 601 1866 vacuum
660 1817 810 1862 ‘esse
865 1797 1161 1863 Vasta-ius
1218 1796 1489 1864 Severus
1537 1799 1797 1878 smibit,
1857 1819 2011 1864 cum
2060 1799 2350 1864 sufficiat

326 1893 585 1974 paru-cm
628 1887 783 1953 dare
820 1908 905 1951 ¹cx
942 1888 1121 1953 *filiae
1159 1887 1518 1953 voluntate.

477 1981 506 2029 1
552 1974 701 2030 Trib.
737 1976 1170 2043 procuratooem.

800 2116 900 2182 De
942 2138 1107 2199 aqua
1150 2120 1484 2183 cottidiana
1527 2124 1585 2183 d
1627 2119 1874 2184 aestiva.

509 2224 570 2289 2.
616 2222 692 2289 D.
721 2224 827 2306 43,
856 2224 960 2305 20,
992 2227 1049 2305 1,
1078 2225 1181 2290 21.
1256 2224 1572 2309 Ulpianus
1617 2225 1787 2290 libro
1830 2226 2350 2311 septuagensimo

335 2313 417 2379 ad
464 2312 743 2377 edictum
790 2311 887 2394 (P.
922 2310 1139 2398 1570).
1191 2349 1266 2360 —
1320 2310 1694 2389 Quaesitum
1743 2318 1860 2399 est,
1905 2314 1963 2378 si
2003 2314 2152 2399 quis
2199 2319 2351 2380 ante

333 2420 575 2468 annum
623 2420 855 2485 aquam
904 2398 1100 2483 duxit,
1149 2398 1374 2465 deinde
1413 2398 1701 2485 sequenti
1737 2406 2044 2486 tempore,
2091 2403 2214 2468 hoc
2252 2408 2355 2469 est

331 2492 507 2555 intra
544 2508 803 2575 annum,
851 2509 1017 2574 aqua
1052 2489 1380 2553 influxerit
1411 2491 1558 2573 ipsa
1595 2488 1719 2555 sibi
1758 2510 1859 2555 me
1895 2513 2027 2556 non
2063 2492 2354 2578 (incente,

333 2598 418 2645 an
469 2579 597 2644 ‘hoc
652 2578 996 2644 interdicto
1054 2574 1169 2665 (sc.
1226 2578 1302 2642 de
1358 2577 1553 2664 aqua)
1617 2579 1796 2644 locus
1851 2581 1952 2645 sit.
2032 2584 2099 2644 st
2143 2580 2356 2646 refer-t

334 2668 607 2734 Severus
649 2664 955 2732 Valerius
1004 2665 1364 2750 competere
1410 2668 1468 2731 ei
1509 2667 1636 2733 ’hoc
1681 2668 2112 2753 interdictum,
2168 2670 2354 2755 quasi

333 2758 587 2823 duxisse
660 2751 979 2842 videatur,
1047 2754 1203 2820 'ticet
1269 2756 1532 2840 penitus
1603 2755 2143 2840 prospicientibus
2219 2779 2354 2823 non

333 2846 584 2911 videtur
627 2845 752 2909 iste
799 2845 1071 2909 duxisse.

784 3104 874 3187 2.
939 3108 1444 3186 FULOINIUS
1498 3112 1832 3187 PRISCU
1837 3114 1883 3187 S

510 3250 658 3310 iuves
704 3257 1019 3315 consultus
1064 3255 1343 3316 Labeone
1388 3258 1616 3332 minor,
1669 3258 1917 3318 Neratio
1971 3258 2162 3319 maior
2205 3262 2352 3319 natu

336 3340 434 3416 (in.
475 3342 579 3418 31,
618 3342 720 3420 49,
766 3346 798 3402 1
872 3339 1093 3404 ‘Labeo
1148 3348 1344 3405 refert
1380 3387 1395 3403 .
1437 3392 1477 3425 .,
1551 3347 1898 3406 Trebatium
1955 3347 2354 3425 respondisse,

337 3429 495 3507 quod
526 3476 538 3489 .
570 3475 583 3489 .
606 3429 851 3492 Priscus
882 3434 1187 3493 Fulcimms
1218 3432 1448 3494 ffisum
1469 3454 1610 3495 ¹osso
1627 3431 1878 3496 aiebat'.
1943 3436 2015 3496 D..
2047 3438 2149 3511 39,
2180 3439 2237 3512 6,
2263 3438 2351 3496 43

337 3513 645 3579 ‘Neratius
690 3521 842 3581 libro
891 3523 1081 3598 primo
1120 3520 1578 3598 Responsorum.
1645 3516 2028 3607 Fuhsinius'),
2069 3525 2356 3585 mue-ms
