2575 3900
358 208 487 272 208
529 207 623 262 IV.
655 206 1087 261 VESPASIANI
1114 206 1265 263 TITI
1291 205 1682 262 DOMITIANI
1705 204 1916 260 ΤΕΜΡ.
1945 205 2136 262 IURIS
2167 206 2311 262 CON
2317 206 2368 262 S.

356 372 787 437 nundinarum
844 370 1067 435 diebus
1124 369 1262 434 dari
1318 371 1689 454 stipuletur,
1747 370 1958 455 primo
2005 370 2107 433 die
2153 373 2372 454 petere

355 482 545 544 posse
592 458 869 524 Sabinus
916 460 1026 523 ait.
1106 456 1424 523 Proculus
1473 463 1686 523 autem
1737 464 1802 521 et
1847 459 2043 523 ceteri
2088 458 2370 523 diversae

357 549 615 614 scholae
655 554 971 630 auctores,
1009 545 1317 633 quamdiu
1354 548 1454 612 vel
1494 548 1793 632 exiguum
1826 551 2082 631 tempus
2111 568 2189 615 ex
2217 569 2372 611 nun·

356 638 650 703 dinarum
690 637 903 720 spatio
934 642 1317 720 superesset,
1353 637 1486 720 peti
1512 635 1733 719 <non>
1761 656 1953 718 posse
1981 637 2372 700 existimant.

533 727 631 791 19.
680 726 759 791 D.
787 726 893 810 46,
922 727 981 804 3,
1012 725 1117 805 95,
1147 725 1206 790 6.
1238 724 1299 790 7.
1370 723 1548 788 Idem
1587 723 1704 809 (sc.
1744 721 2164 811 Papinianus)
2203 724 2371 789 libro

356 816 706 881 vicensimo
788 820 1015 879 octavo
1083 812 1548 889 Quaestionum
1614 809 1712 899 (P.
1759 812 1938 898 340).
2011 849 2087 860 —
2165 811 2374 878 Usum

348 904 631 970 fructum
694 903 852 967 mihi
917 908 1029 967 aut
1082 902 1252 966 Titio
1320 902 1459 966 dari
1523 902 1870 986 stipulatus
1943 924 2103 967 sum.
2200 901 2372 967 Titio

354 995 563 1078 capite
612 993 942 1057 deminuto
990 990 1265 1055 facultas
1315 990 1602 1056 solvendi
1649 990 1820 1054 Titio
1859 1010 1990 1056 non
2030 991 2374 1074 intercidit,

354 1084 502 1167 quia
559 1087 625 1147 et
684 1080 779 1145 sic
835 1078 1132 1164 stipulari
1185 1099 1530 1164 possumus
1589 1077 1772 1143 ‘mihi
1827 1083 1941 1144 aut
1985 1078 2180 1159 Titio,
2227 1100 2374 1144 cum

352 1172 563 1255 capite
618 1170 904 1234 minutus
962 1168 1104 1253 erit,
1160 1168 1350 1252 dari3'
1423 1189 1573 1233 nam
1623 1168 1678 1232 si
1721 1167 1952 1233 furiosi
1998 1169 2100 1233 vel
2140 1166 2376 1252 pupilli

350 1281 635 1343 persona
698 1258 949 1322 adiecta
1014 1258 1126 1340 sit,
1191 1258 1283 1321 ita
1347 1258 1548 1322 tutori
1606 1257 1706 1322 vel
1761 1258 2046 1320 curatori
2098 1256 2377 1342 pecunia

352 1352 524 1412 recte
585 1347 867 1431 dabitur,
925 1347 980 1410 si
1031 1347 1424 1410 condicionis
1472 1368 1721 1430 quoque
1769 1344 2132 1429 implendae
2177 1366 2376 1410 causa

356 1442 529 1501 recte
577 1436 849 1520 pecunia
895 1434 1099 1500 tutori
1143 1436 1243 1499 vel
1293 1435 1573 1499 curatori
1621 1435 1824 1499 datur.
1898 1433 2070 1518 quod
2115 1435 2374 1518 quidem

351 1522 570 1587 Labeo
644 1529 710 1588 et
774 1524 1056 1606 Pegasus
1125 1526 1516 1607 putaverunt
1579 1524 1882 1587 utilitatis
1947 1544 2142 1587 causa
2203 1522 2368 1590 reci-

351 1613 670 1697 piendum.

1049 1700 1149 1766 De
1191 1702 1445 1783 neyotiis
1483 1702 1685 1783 mstis,

530 1808 635 1873 20.
699 1806 775 1871 D.
815 1809 875 1890 3,
911 1808 972 1885 5,
1014 1807 1113 1872 17.
1214 1806 1451 1871 Paulus
1507 1807 1672 1871 libro
1727 1828 1899 1872 nono
1957 1806 2036 1871 ad
2091 1807 2375 1871 edictum

357 1896 449 1981 (P.
492 1893 667 1983 190).
720 1932 795 1942 -
849 1896 1159 1961 Proculus
1217 1898 1282 1959 et
1325 1894 1616 1981 Pegasus
1671 1895 1910 1961 bonam
1963 1893 2151 1961 fidem
2208 1917 2375 1980 eum,

356 1987 465 2071 qui
510 1986 579 2050 in
628 1986 938 2050 servitute
985 2006 1208 2069 gerere
1248 1988 1480 2068 coepit,
1524 1990 1856 2069 praestare
1896 1984 2126 2048 debere
2164 1985 2376 2070 aiunt3

353 2077 625 2159 ideoque
673 2077 1014 2159 quantum,
1062 2072 1118 2137 si
1165 2073 1330 2136 alius
1377 2074 1514 2137 eius
1559 2074 1822 2158 negotia
1867 2073 2198 2157 gessisset,
2242 2095 2375 2138 ser-

354 2186 504 2229 vare
562 2164 910 2247 potuisset,
976 2167 1234 2226 tantum
1291 2183 1462 2245 eum,
1527 2163 1636 2246 qui
1693 2184 1732 2226 a
1785 2167 1988 2227 semet
2042 2163 2185 2246 ipso
2240 2184 2376 2227 non

358 2253 669 2336 exegerit,
725 2251 1135 2335 negotiorum
1192 2254 1516 2335 gestorum
1574 2251 1826 2314 actione
1876 2253 2378 2335 praestaturum,

360 2342 414 2404 si
476 2339 715 2424 aliquid
771 2339 1001 2403 habuit
1054 2341 1118 2403 in
1166 2340 1444 2422 peculio,
1499 2339 1678 2404 cuius
1725 2340 2084 2404 retentione
2129 2340 2195 2403 id
2243 2361 2376 2404 ser-

352 2431 490 2493 vari
535 2426 802 2514 potuitl.

1166 2517 1267 2582 De
1299 2517 1557 2600 peculio.

529 2626 633 2690 21.
680 2623 757 2690 D.
791 2624 891 2705 15,
925 2625 979 2708 1,
1009 2625 1097 2689 30
1109 2646 1205 2707 pr.
1268 2622 1589 2707 Ulpianus
1616 2622 1788 2686 libro
1818 2622 2170 2689 vicensimo
2202 2646 2376 2690 nono

354 2715 433 2778 ad
473 2715 751 2779 edictum
793 2711 891 2799 (P.
922 2710 1101 2798 861).
1137 2749 1225 2759 —
1264 2711 1641 2788 Quaesitum
1680 2714 1796 2794 est,
1836 2733 1917 2774 an
1956 2716 2173 2776 teneat
2202 2714 2376 2779 actio

353 2802 431 2865 de
476 2803 726 2884 peculio
737 2851 753 2884 ,
805 2802 1062 2864 etiamsi
1108 2801 1271 2864 nihil
1321 2801 1407 2866 sit
1451 2800 1518 2864 in
1564 2800 1811 2882 peculio
1861 2821 2006 2864 cum
2055 2807 2375 2888 ageretur,

354 2890 410 2953 si
470 2890 662 2956 modo
719 2891 807 2954 sit
860 2889 954 2952 rei
1010 2888 1329 2954 iudicatae
1384 2893 1694 2971 tempore.
1783 2886 2095 2954 Proculus
2151 2895 2219 2955 et
2261 2891 2376 2956 Pe-

355 2997 547 3062 gasus
621 2976 823 3040 nihilo
898 2976 1111 3039 minus
1183 2975 1431 3042 tenere²
1507 2977 1690 3040 aiunt
1753 2976 2139 3057 [intenditur
2201 2981 2376 3044 enim

352 3069 545 3148 recte,
594 3065 849 3129 etiamsi
894 3064 1059 3128 nihil
1108 3065 1195 3128 sit
1240 3066 1309 3128 in
1354 3066 1655 3150 peculio].
1747 3066 1915 3130 idem
1966 3070 2031 3131 et
2077 3069 2248 3133 circa.
2293 3069 2374 3133 ad

358 3153 789 3218 exhibendum
834 3157 899 3216 et
944 3152 1016 3216 in
1061 3175 1197 3218 rem
1244 3155 1559 3219 actionem
1607 3154 1874 3237 placuit.

530 3246 669 3322 Ulp.
710 3246 877 3306 addit
922 3241 1101 3322 ‘quae
1150 3248 1449 3308 sententia
1496 3251 1556 3306 et
1602 3266 1638 3306 a
1682 3247 1853 3306 nobis
1896 3249 2206 3323 probanda
2241 3244 2374 3328 est',

353 3335 443 3395 ita
477 3339 549 3396 ut
586 3335 865 3396 extremis
903 3336 1103 3397 verbis
1141 3337 1382 3398 Proculi
1420 3340 1481 3396 et
1508 3336 1723 3413 Pegasi
1763 3337 2062 3396 sententia
2100 3338 2378 3398 videatur

355 3426 615 3485 subesse.

499 3583 524 3631 1
566 3577 662 3632 Fz.
700 3580 904 3647 potest.
1086 3583 1117 3632 2
1160 3577 1256 3632 Fl.
1297 3577 1488 3631 teneri.
