2575 3900
311 218 445 283 406
517 218 584 275 V.
611 217 912 274 NERVAE
948 218 1044 274 ET
1081 217 1389 273 TRAIANI
1425 217 1643 275 TEMP.
1679 215 1871 273 IURIS
1909 214 2271 272 CONSULTI

301 388 552 466 partem
603 383 737 448 eius
781 383 1146 466 transferre,
1199 401 1275 447 a·
1318 381 1573 447 consilio
1617 380 1923 445 Labeonis
1970 378 2143 463 Ofilii
2187 376 2338 445 Oas—

313 472 474 537 cellii
548 472 822 537 Trebatii
891 492 1030 537 eum
1100 491 1277 555 quem
1348 472 1419 535 in
1470 474 1767 554 potestate
1827 468 2084 535 habebat
2135 468 2340 534 solum

312 561 588 626 heredem
626 561 776 642 feeit
815 566 874 626 et
912 560 992 626 ab
1031 580 1100 625 eo
1132 559 1317 625 alteri
1350 560 1663 625 dimidiam
1686 563 1937 642 partem
1970 557 2341 661 hereditatis,

313 670 454 715 cum
505 650 578 715 iu
628 670 811 716 suam
865 649 1119 715 tutelam
1172 650 1453 728 venisset,
1499 647 1751 731 leyavit‚·
1804 647 1970 730 quod
2008 647 2068 713 si
2108 647 2184 732 is,
2226 647 2340 728 qui

312 739 385 803 in
411 743 706 821 potestate
729 758 849 804 sua
875 742 1052 817 esset,
1089 737 1364 820 impubes
1389 737 1746 821 decessisset,
1774 736 2041 802 alterum
2067 735 2339 862 heredem

312 829 371 893 ei
414 828 741 894 substituit.

494 917 553 982 7.
598 916 677 981 D.
705 916 855 981 ibid.
886 918 927 997 ἓ
962 917 1017 981 1.
1053 951 1128 961 -
1162 914 1333 980 Filio
1368 914 1667 999 impuberi
1699 915 1772 980 in
1806 858 2087 997 singulas
2112 932 2336 979 causas

311 1006 511 1072 alium
555 1011 614 1071 et
654 1006 855 1071 alium
897 1005 1172 1070 heredem
1215 1004 1576 1070 substituere
1606 1001 1997 1087 possumusl',
2050 1004 2237 1069 veluti
2268 1006 2341 1067 ut

312 1096 495 1179 alius,
539 1095 598 1161 si
639 1095 761 1160 sibi
802 1094 1016 1159 nullus
1056 1093 1230 1175 filius
1274 1093 1481 1174 fuerit,
1527 1098 1585 1157 et
1622 1094 1804 1174 alius,
1849 1093 1908 1159 si
1940 1092 2116 1175 filius
2146 1090 2343 1173 fuerit

313 1190 372 1251 et
413 1184 684 1268 impubes
727 1189 1004 1249 mortuus
1042 1182 1262 1263 fuerit,
1306 1181 1475 1247 heres
1517 1183 1652 1262 sitJ.

490 1278 690 1338 Eisele
737 1278 799 1338 Z.
828 1277 882 1337 d.
913 1276 1169 1337 Sam-St.
1197 1275 1365 1354 XIII,
1396 1278 1539 1336 141.

492 1364 550 1427 8.
609 1362 685 1427 D.
720 1361 873 1429 ibid.
911 1364 952 1443 ξ
984 1361 1045 1425 2.
1080 1396 1170 1407 -
1209 1360 1478 1442 Quidam
1522 1364 1807 1442 quattuor
1840 1358 2082 1425 heredes
2111 1358 2343 1439 fecerat

313 1455 372 1516 et
403 1451 685 1517 omnibus
719 1450 1037 1517 heredibus
1064 1454 1311 1531 praeter
1336 1470 1534 1513 unum
1560 1448 1971 1514 substituerat.
2028 1466 2194 1512 unus
2220 1446 2340 1529 ille,

312 1540 415 1605 oui
447 1560 576 1605 non
608 1544 744 1605 erat
777 1540 1105 1623 quisquam
1138 1538 1519 1621 substitutus,
1563 1542 1621 1602 et
1653 1558 1730 1602 ex
1763 1537 1973 1602 ceteris
2009 1536 2169 1601 alter
2202 1535 2340 1600 vivo

300 1633 488 1712 patre
526 1627 814 1710 familias
857 1629 1244 1693 decesserant.
1307 1632 1557 1710 partem
1600 1627 1703 1692 cui
1740 1646 1917 1691 nemo
1952 1630 2088 1690 erat
2118 1624 2341 1690 substi-

317 1720 513 1801 tutus,
557 1718 644 1781 ad
685 1716 1077 1783 substitutum
1119 1736 1353 1799 quoque
1383 1716 1695 1799 pertinere
1741 1713 1964 1799 Ofilius
2006 1711 2343 1779 Cascellius

317 1806 781 1889 responderunt,
826 1824 1090 1888 quorum
1131 1806 1433 1870 sententia
1476 1824 1623 1870 vera
1665 1809 1771 1869 est.

493 1893 554 1959 9.
601 1893 676 1959 D.
707 1893 812 1976 29,
838 1895 902 1980 2,
927 1892 1032 1961 60.
1114 1893 1460 1960 Iavolenus
1499 1892 1666 1959 libro
1703 1892 1915 1978 primo
1952 1913 2031 1957 ex
2066 1888 2341 1977 posteri·

316 1983 538 2048 oribus
593 1981 933 2048 Labeoni&
978 2021 1068 2031 —
1112 1982 1358 2048 Filium
1410 1983 1864 2066 emancipatum
1912 1986 2091 2064 pater
2140 1979 2235 2046 sol
2232 2000 2341 2046 um

314 2072 586 2138 heredem
625 2072 900 2137 instituit
931 2077 1006 2153 et,
1049 2073 1109 2138 si
1142 2072 1202 2137 is
1235 2071 1406 2138 heres
1444 2092 1571 2137 nou
1606 2076 1769 2151 esset,
1803 2090 2046 2136 servum
2083 2069 2342 2135 liberem

315 2167 375 2226 et
414 2161 686 2227 heredem
730 2179 856 2226 esse
897 2162 1178 2227 iusserat.
1268 2161 1467 2244 filius,
1522 2165 1840 2244 tamquam
1872 2165 2057 2243 pater
2100 2161 2343 2224 demens

311 2251 558 2333 fuisset,
619 2250 917 2316 bonorum
967 2250 1414 2333 possessionem
1468 2249 1545 2315 ab
1600 2250 1882 2315 intestato
1926 2249 2089 2332 petit
2139 2252 2199 2311 et
2248 2248 2342 2312 ita

315 2339 704 2406 hereditatem
727 2339 1014 2419 possedit.
1086 2338 1289 2403 Labeo
1326 2339 1435 2423 ait,
1471 2339 1530 2404 si
1551 2338 1924 2420 probaretur
1958 2357 2121 2402 sana
2147 2340 2343 2402 mente

305 2432 490 2511 pater
559 2432 978 2494 testamentum
1036 2428 1250 2509 fecisse
1263 2477 1281 2510 ‚
1351 2427 1559 2509 filium
1620 2447 1695 2492 ex
1759 2430 2110 2492 testamento
2160 2425 2344 2508 patri

315 2517 588 2584 heredem
633 2538 768 2584 esse.
849 2517 958 2584 hoc
996 2516 1234 2599 falsum
1269 2521 1455 2598 puto;
1501 2537 1654 2580 nam
1697 2515 1871 2597 filius
1919 2515 2343 2598 emancipatus

315 2627 455 2672 cum
497 2605 890 2673 hereditatem
935 2611 1286 2672 testamento
1328 2606 1542 2670 datam
1578 2605 1665 2670 ad
1697 2624 1761 2669 se
1788 2605 2094 2686 pertinere
2128 2603 2341 2686 noluit,

315 2697 600 2763 continuo
662 2718 735 2762 ea
797 2697 884 2762 ad
937 2695 1333 2762 substitutum
1385 2693 1657 2759 heredem
1704 2693 1945 2759 transit
1992 2713 2101 2758 nec
2140 2695 2346 2774 potest

315 2786 512 2850 videri
545 2805 664 2868 pro
708 2785 919 2849 herede
957 2785 1232 2864 yessisse,
1286 2784 1427 2866 qui,
1480 2789 1552 2848 ut
1593 2781 1986 2848 hereditatem
2029 2781 2342 2865 omitteret,

317 2893 392 2937 ex
435 2874 570 2938 alia
601 2878 786 2955 parte
829 2873 1010 2937 edicti
1042 2873 1483 2954 possessionem
1527 2871 1823 2937 bononem
1857 2875 2047 2953 petat.

496 2965 842 3042 Sequuntur
911 2965 1084 3028 haec:
1170 2960 1435 3025 ‘Paulus
1526 2965 1609 3025 Et,
1678 2965 1974 3025 Proculus
2046 2962 2344 3024 Labeonis

319 3053 676 3114 sententiam
723 3053 1027 3130 improbat
1073 3056 1136 3115 et
1177 3055 1242 3112 in
1285 3053 1557 3115 Iavoleni
1603 3053 1900 3114 sententia
1945 3047 2082 3113 est’.

1045 3215 1138 3273 De
1179 3230 1344 3274 servo
1388 3214 1605 3274 herede.
1682 3252 1689 3262 -

500 3313 600 3381 10.
655 3312 736 3379 D.
758 3314 864 3396 29,
892 3315 954 3398 2,
981 3313 1086 3379 62.
1131 3313 1476 3379 Iavolenus
1517 3315 1685 3379 libro
1724 3312 1932 3400 primo
1963 3335 2041 3379 ex
2068 3313 2346 3400 posteri·

322 3400 542 3467 oribus
605 3401 944 3466 LabeoniS.
1003 3439 1086 3448 —
1143 3400 1211 3467 Si
1270 3423 1491 3468 servus
1556 3403 1741 3468 heres
1796 3402 2138 3468 institutus
2194 3405 2345 3486 post

320 3489 568 3554 iussum
595 3489 858 3574 domini,
895 3493 1240 3575 antequam
1274 3489 1510 3592 adiret,-
1528 3488 1847 3556 alienatus
1877 3495 2067 3577 esset,
2102 3511 2342 3556 novum

321 3599 568 3642 'ussum
603 3577 984 3663 posterioris
1024 3578 1285 3662 domini,
1323 3599 1455 3643 non
1491 3578 1736 3643 iussum
1775 3579 2013 3663 prioris
2042 3578 2343 3665 exigitur.
