2575 3900
447 197 514 254 H.
551 196 1031 252 INOERTORUM
1069 195 1521 252 SENTENTIAE
1558 196 1652 251 ET
1687 197 1897 253 LIBRI.
2049 199 2175 261 547

996 377 1096 443 De
1141 378 1357 444 tutelis.

344 503 445 568 82.
503 501 641 567 Gai.
675 504 739 586 1,
771 503 916 568 184.
980 539 1056 550 —
1116 501 1286 566 Olim
1349 522 1493 566 cum
1547 503 1711 586 legis
1767 502 2051 567 actiones
2107 505 2175 568 in

168 613 288 654 usu
337 594 538 670 erant,
589 592 787 656 etiam
835 613 911 654 ex
955 591 1069 655 illa
1115 611 1307 654 causa
1351 595 1530 655 tutor
1574 591 1863 669 dabatur,
1910 593 1962 654 si
2010 593 2177 657 inter

166 684 447 745 tutorem
485 687 550 745 et
586 681 917 744 mulierem
953 678 1352 762 pupillumve
1390 680 1530 764 lege
1568 680 1884 764 agendum
1922 684 2062 744 erat
2090 730 2103 744 .
2125 731 2137 745 .
2159 731 2172 744 .

167 769 276 833 sed
333 774 482 852 post
541 769 828 832 sublatas
874 768 1037 852 legis
1086 769 1369 832 actiones
1418 768 1676 852 quidam
1729 772 1967 853 putant
2008 769 2175 835 hanc

168 858 446 940 speeiem
485 857 678 920 dandi
715 858 949 921 tutoris
987 857 1054 920 in
1092 877 1213 920 usu
1260 876 1399 920 esse
1438 856 1719 921 desiisse.
1775 857 1918 920 aliis
1958 861 2172 922 autem

163 947 378 1030 placet
433 946 639 1010 adhuc
683 946 750 1009 in
797 966 918 1009 usu
964 967 1129 1027 esse,
1185 945 1240 1008 si
1296 945 1586 1029 legitimo
1640 945 1876 1010 iudicio
1924 950 2173 1030 agatur.

342 1045 444 1110 83.
492 1042 632 1108 Gai.
666 1045 722 1126 1,
757 1043 898 1108 188.
945 1079 1032 1089 -
1079 1094 1093 1107 .
1125 1093 1138 1106 .
1165 1092 1180 1106 .
1229 1047 1499 1126 apparet
1543 1047 1703 1126 quot
1747 1042 1877 1107 sint
1930 1045 2171 1128 species

164 1133 531 1197 tutelarum.
633 1133 686 1195 si
749 1153 900 1196 vero
958 1153 1367 1216 quaeramus,
1428 1131 1497 1194 in
1553 1136 1710 1215 quot
1764 1152 1998 1217 genera
2050 1132 2172 1197 hae

168 1222 414 1304 speeies
473 1220 876 1304 diducantur,
931 1222 1128 1305 longa
1182 1219 1307 1286 erit
1361 1220 1711 1303 disputatio
1759 1271 1774 1285 .
1806 1272 1817 1284 .
1848 1270 1861 1286 .
1908 1221 2021 1284 alii
2074 1225 2173 1286 tot

167 1331 406 1393 genera
450 1330 587 1374 esse
634 1309 1057 1392 crediderunt,
1104 1311 1260 1392 quot
1308 1308 1505 1373 etiam
1552 1309 1794 1393 species
1840 1315 2071 1374 essent.

342 1407 443 1472 84.
472 1406 610 1472 Gai.
637 1407 858 1488 1‚172.
893 1442 969 1452 -
1046 1405 1456 1471 ,fiduciarios
1486 1427 1737 1507 quoque
1759 1405 1873 1490 (sc.
1894 1405 2169 1493 tutores)

167 1496 429 1580 quidam
463 1500 872 1597 ’putaverunt
925 1455 1241 1559 cedendae
1296 1495 1539 1558 tutelae
1592 1495 1693 1558 ius
1739 1516 1871 1559 non
1917 1495 2170 1578 habere,

163 1606 309 1649 cum
357 1585 481 1666 ipsi
528 1605 596 1647 se
644 1584 822 1647 oneri
869 1582 1272 1647 subiecerint.

340 1681 444 1746 85.
488 1679 566 1744 D.
596 1681 707 1761 26,
739 1681 805 1762 1,
836 1680 902 1762 1,
931 1680 988 1745 3.
1060 1677 1303 1743 Paulus
1349 1678 1515 1743 libro
1562 1679 1896 1762 trigesimo
1943 1685 2169 1745 octavo

165 1770 245 1834 ad
295 1769 604 1841 edictum.¹
633 1804 709 1814 —
753 1729 1028 1832 S'urdum
1073 1790 1203 1832 non
1249 1789 1440 1851 posse
1488 1767 1627 1831 dari
1663 1772 1943 1832 tutorem
1980 1769 2169 1852 pleri·

161 1880 284 1943 que
334 1909 346 1922 .
377 1909 390 1922 .
421 1909 434 1922 .
473 1858 772 1941 probant,
810 1857 964 1940 quia
999 1879 1130 1922 non
1167 1862 1419 1922 tantum
1461 1856 1654 1940 loqui,
1701 1857 1811 1920 sed
1849 1861 1914 1920 et
1951 1858 2165 1922 audire

160 1951 341 2012 tutor
387 1945 590 2012 debet.

338 2038 441 2102 86.
487 2037 564 2099 D.
594 2036 698 2118 26,
725 2036 786 2113 4,
813 2035 873 2118 5,
909 2039 962 2099 1.
1031 2033 1349 2120 Ulpianus
1381 2036 1545 2099 libro
1574 2034 1910 2119 trigesimo
1940 2036 2165 2118 quinto

160 2125 238 2189 ad
296 2126 590 2190 edictum.
645 2160 733 2171 —-
797 2174 810 2187 .
852 2174 865 2187 .
921 2125 1114 2188 etiam
1169 2125 1292 2189 hos
1350 2122 1461 2209 (sc.
1514 2124 1837 2208 legitimos
1892 2120 2167 2210 tutores)

159 2216 306 2298 cogi
361 2214 662 2278 satisdari
711 2216 957 2278 eertum
1005 2217 1131 2295 est,
1175 2213 1244 2276 in
1291 2216 1546 2276 tantum
1594 2218 1665 2275 ut
1712 2214 1907 2276 etiam
1954 2218 2168 2297 patro-

158 2324 314 2367 num
355 2308 420 2366 et
456 2302 712 2385 patroni
749 2300 954 2365 filium
991 2306 1364 2384 ceterosque
1402 2302 1639 2365 liberos
1676 2300 1811 2365 eius
1850 2300 1994 2384 cogi
2029 2324 2166 2365 rem

161 2392 409 2454 salvam
455 2392 592 2453 fore
640 2394 799 2452 satis
848 2388 998 2452 dare
1045 2388 1366 2472 plerisque
1410 2388 1721 2453 videatur.

336 2488 438 2552 87.
487 2486 558 2551 D.
585 2486 688 2568 27,
709 2486 768 2567 3,
787 2485 844 2549 5.
909 2483 1223 2570 Ulpianus
1252 2486 1421 2549 libro
1451 2486 1941 2570 quadragesimo
1971 2488 2163 2552 tertio

158 2576 238 2640 ad
287 2573 614 2639 Sabinum.
650 2610 738 2621 --
784 2570 854 2637 Si
907 2579 1085 2638 tutor
1139 2596 1275 2637 rem
1323 2573 1444 2637 sibi
1492 2573 1847 2657 depositam
1896 2595 1934 2637 a
1978 2580 2163 2657 patre

153 2663 389 2748 pupilli
448 2663 548 2726 vel
613 2662 1083 2727 commodatam
1148 2658 1445 2748 (fiduciae
1500 2661 1624 2726 sibi
1685 2658 1976 2748 datam?)
2032 2684 2163 2727 non

154 2752 400 2831 reddat,
437 2772 567 2815 non
604 2756 856 2815 tantum
895 2751 1284 2816 commodati
1322 2751 1422 2815 vel
1466 2750 1742 2833 depositi
1778 2748 2163 2837 (fiduciaeP),

152 2863 376 2906 verum
430 2839 672 2903 tutelae
728 2861 978 2923 quoque
1032 2842 1304 2904 tenetur.
1404 2845 1470 2903 et
1516 2840 1572 2903 si
1619 2841 1933 2922 acceperit
1976 2861 2162 2923 pecu·

153 2930 360 3013 niam,
405 2935 479 2993 ut
521 2928 774 3009 reddat,
819 2928 1135 3013 plerisque
1181 2928 1427 3011 placuit
1490 2948 1630 2991 eam
1678 2928 2014 3011 pecuniam
2060 2930 2160 2994 vel

153 3017 433 3101 depositi
488 3017 590 3080 vel
646 3017 1034 3082 commodati
1088 2979 1457 3102 (fiduciae‘RS
1515 3015 1766 3081 actione
1810 3018 2013 3101 repeti
2058 3018 2160 3081 vel

152 3107 402 3171 condici
445 3126 654 3191 po.sse

332 3130 488 3261 881)Ρ
514 3194 593 3258 D.
621 3194 727 3279 26,
758 3194 902 3277 7,9‚
935 3194 990 3258 1.
1054 3193 1230 3257 Idem
1279 3189 1397 3279 (sc.
1443 3191 1787 3277 Ulpianus)
1834 3193 2000 3259 libro
2048 3195 2157 3259 tri-

152 3283 400 3367 gesimo
455 3288 636 3348 sexto
693 3282 773 3347 ad
799 3244 1120 3347 edictum.
1173 3319 1246 3329 —
1302 3280 1368 3346 Si
1422 3287 1606 3365 pater
1657 3282 1937 3348 familias
1997 3305 2157 3365 eum,

152 3394 273 3456 pro
330 3394 454 3456 quo
509 3372 850 3454 fideiussit‚
913 3374 1194 3437 tutorem
1251 3370 1495 3435 dederit
1549 3370 1683 3435 filio
1740 3394 1883 3455 suo,
1944 3371 2156 3437 officio

3 3452 18 3496 ‘³
149 3462 388 3525 tutoris
452 3462 772 3544 convenit,
834 3463 906 3524 ut
970 3482 1112 3525 cum
1176 3460 1309 3524 dies
1369 3460 1675 3543 pecuniae
1736 3460 2156 3544 praeterierit,

153 3548 458 3614 creditori
515 3550 796 3614 debitum
861 3550 1069 3613 solvat
1266 3549 1435 3632 quod
1483 3549 1537 3612 si
1581 3548 1647 3611 in
1697 3548 1861 3613 diem
1910 3548 2157 3612 debitor

1628 3652 1735 3704 35*
