2575 3900
811 195 860 244 6.
907 187 1325 244 IAVOLENUS
1361 188 1657 244 PRISCUS
2108 187 2246 252 463

217 353 498 417 nummis
549 353 749 433 ipsius
800 351 1036 416 heredis
1086 352 1288 432 solvit,
1346 353 1474 433 ipse
1524 353 1768 433 quidem
1820 358 2076 434 repetere
2119 373 2246 418 non

208 445 428 522 potest.
533 443 640 505 sed
699 442 757 506 si
810 442 1130 522 iynorantc
1180 441 1393 505 herede
1444 462 1728 506 nummos
1784 443 1915 506 eius
1970 443 2245 523 tradidit,

219 531 358 594 dom
369 531 535 612 inus,
588 531 706 614 ait,
760 550 858 595 eos
910 535 1066 594 recte
1105 529 1466 594 vindicabit.
1556 532 1761 595 cadem
1805 550 1996 595 causa
2038 551 2245 596 rerum

219 618 638 700 temporalium
681 622 783 684 est.

871 707 971 772 De
1014 709 1331 772 interdicto
1375 707 1597 772 utrubi.

402 815 504 878 19.
549 813 752 896 D.41,
772 816 830 898 3,
854 815 955 880 16.
1025 813 1371 878 Iavolenus
1403 815 1567 880 libro
1608 817 1837 898 quarto
1867 836 1944 878 ex
1970 814 2249 885 Plautio,

223 939 303 948 —
359 901 537 968 Servi
579 905 849 982 nomine,
903 904 1011 985 qui
1043 904 1301 986 piynori
1344 905 1526 968 datus
1568 909 1670 982 est,
1716 905 1804 967 ad
1844 903 2245 969 exhibendum

215 1012 359 1056 cum
407 993 722 1076 creditore,
773 1013 900 1057 non
944 1013 1083 1056 cum
1127 992 1389 1057 debitore
1432 994 1735 1074 aqendum
1778 996 1892 1073 est,
1944 994 2094 1074 quia
2137 994 2249 1074 qui

208 1081 468 1163 piynori
512 1081 700 1162 dedit,
747 1083 832 1145 ad
873 1082 1306 1164 usucapionem
1352 1087 1595 1146 tantum
1629 1083 1915 1163 possidet,
1960 1084 2122 1163 quod
2162 1081 2249 1146 ad

216 1170 490 1250 reliquas
535 1189 739 1235 omnes
783 1190 1004 1234 causas
1042 1171 1317 1252 pertinet,
1362 1172 1470 1252 qui
1513 1171 1739 1252 accepit
1767 1171 2051 1254 possidet,
2094 1173 2247 1235 adeo

217 1263 292 1323 ut
333 1259 500 1322 adici
531 1261 735 1342 possit
776 1264 834 1323 et
864 1261 1163 1341 possessio
1208 1260 1339 1324 eius
1383 1260 1490 1342 qui
1522 1260 1781 1342 plynori
1828 1257 2127 1344 aceepit1.

1065 1459 1282 1518 Liber
1327 1459 1399 1516 V.

1216 1569 1249 1633 Ῥ

399 1677 504 1740 20.
542 1675 617 1739 D.
639 1674 746 1758 50,
768 1677 869 1759 16,
890 1676 991 1741 83.
1048 1676 1393 1742 Iavolenus
1421 1676 1588 1740 libro
1620 1677 1845 1760 quinto
1869 1698 1948 1740 ex
1967 1675 2245 1741 Plautio.

220 1801 303 1811 —-
355 1765 618 1846 Proprie
660 1766 818 1830 bona
861 1766 986 1829 dici
1027 1785 1154 1830 non
1188 1769 1468 1848 possunt,
1513 1785 1669 1848 quac
1691 1766 1843 1851 plus
1878 1766 2246 1830 incommodi

217 1874 410 1936 quam
453 1855 748 1919 commodi
791 1853 1026 1919 habent.

398 1967 470 2027 cf.
516 1967 708 2044 Epist.
754 1966 828 2026 fr.
874 1970 977 2027 47.

676 2161 780 2221 VI.
847 2163 1355 2238 Epistularum
1402 2164 1577 2222 libri
1621 2162 1779 2223 XIV.

396 2285 734 2347 Labeonem
797 2286 1235 2364 Proculumque
1304 2292 1547 2348 secutus
1611 2287 1931 2346 Iavolenus
1995 2287 2246 2362 Epistu-

220 2376 416 2433 larum
475 2374 647 2435 libris
702 2394 988 2451 responsa
1047 2394 1157 2435 sua
1211 2377 1539 2452 proposuit.
1641 2394 1777 2435 cum
1829 2375 2099 2435 Iavoleni
2153 2395 2242 2434 re-

221 2481 439 2539 sponsa
491 2464 554 2521 in
606 2464 702 2523 his
757 2464 926 2524 libris
987 2465 1206 2523 omissa
1258 2466 1363 2525 vix
1415 2464 1816 2541 reperiantur,
1884 2482 2033 2539 opus
2088 2463 2244 2522 illud

220 2554 483 2610 extremo
512 2552 752 2612 demum
779 2554 940 2613 vitae
968 2556 1235 2630 tempore
1264 2554 1503 2614 videtur
1531 2553 1802 2612 edidisse.
1868 2552 1931 2611 in
1956 2553 2243 2628 posterio-

217 2658 353 2702 rum
397 2640 547 2699 iuris
593 2642 999 2701 consultorum
1043 2642 1399 2720 fragmentis
1444 2642 1538 2701 illi
1581 2641 1721 2701 libri
1765 2659 2062 2718 nusquam
2108 2642 2238 2699 lau-

217 2729 463 2805 dantur3
518 2732 582 2788 at
625 2730 880 2789 fortasse
928 2731 1234 2790 Aburnius
1282 2731 1530 2809 Valens,
1587 2729 1801 2803 Gaius,
1860 2730 2109 2795 Paulus,
2134 2747 2240 2789 eos

215 2816 542 2893 respiciunt
589 2808 671 2899 (v.
720 2810 926 2898 infra).

393 2904 510 2976 Qui
540 2906 890 2967 Iavolenum
925 2910 1373 2983 consuluerunt,
1416 2910 1576 2968 inter
1612 2926 1761 2986 quos
1796 2908 1946 2968 iuris
1984 2908 2241 2969 studiosi

213 2996 496 3057 videntur
548 2995 759 3073 fuisse,
813 2996 1084 3072 priorum
1137 3016 1373 3075 quoque
1427 2998 1579 3057 iuris
1634 2997 2043 3057 consultorum
2101 3016 2238 3058 sen-

213 3085 435 3145 tentias
481 3086 836 3163 attulerunt,
893 3086 1035 3161 quid
1080 3086 1363 3147 Iavoleno
1408 3086 1730 3162 videretur,
1788 3086 2243 3165 interrogantes

215 3166 313 3257 (D.
338 3176 439 3249 50,
462 3177 562 3249 16,
585 3174 732 3233 116.
752 3175 854 3251 28,
875 3177 930 3247 5,
957 3166 1080 3255 11).
1155 3175 1220 3234 in
1256 3194 1374 3252 quo
1410 3195 1555 3234 num
1594 3193 1736 3235 casu
1771 3176 2000 3235 factum
2029 3175 2128 3248 sit,
2172 3178 2245 3234 ut

212 3263 438 3341 priores
492 3263 644 3323 iuris
700 3264 956 3323 consulti
1011 3283 1048 3323 a
1101 3264 1545 3325 consulentibus
1599 3264 1774 3324 allati
1828 3264 1874 3322 ii
1928 3264 2045 3340 ipsi
2096 3264 2237 3336 sint,

214 3352 317 3429 qui
379 3354 518 3413 ante
578 3352 893 3412 Neratium
965 3352 1377 3427 Epistularum
1440 3354 1625 3413 libros
1688 3353 2021 3428 ediderant,
2097 3354 2246 3412 licet

216 3458 518 3518 quaerere.

357 3570 386 3618 1
429 3566 581 3621 Trib.
620 3565 796 3621 dedit.
861 3567 1180 3621 emendavit
1215 3566 1401 3621 Eisele
1434 3566 1488 3621 Z.
1520 3567 1570 3621 d.
1602 3567 1836 3624 Sam-St.
1868 3566 2072 3635 XVIII,
2104 3571 2190 3620 12.
