2575 3900
762 205 813 254 4.
853 200 912 259 C.
943 199 1233 256 CASSIUS
1272 199 1642 257 LONGINUS
2125 201 2210 266 67

954 412 1047 471 De
1090 413 1458 505 usucapione.

374 541 519 606 120.
566 538 647 606 D.
675 541 780 622 41,
811 540 871 623 3,
904 541 987 606 10
1001 562 1091 624 pr.
1175 540 1498 625 Ulpianus
1534 540 1700 605 libro
1741 545 1922 608 sexto
1961 541 2209 608 decimo

194 630 265 693 ad
312 630 595 696 edictum
635 625 733 716 (P.
762 625 972 715 570⁵).
1008 665 1093 676 -
1134 627 1202 693 Si
1239 628 1452 694 aliena
1485 651 1588 694 res
1625 629 1799 694 bona
1832 628 1956 694 fide
1994 633 2211 714 empta

192 719 303 804 sit,
366 719 727 803 quaeritur,
794 722 866 782 ut
920 717 1226 801 usucapio
1282 722 1526 800 currat,
1589 721 1805 783 utrum
1861 717 2209 803 emptionis

196 807 453 872 initium
508 812 581 871 ut
626 806 863 871 bonam
919 806 1111 870 fidem
1166 806 1408 871 habeat
1465 806 1809 890 exigimus,
1866 829 1948 871 an
2014 807 2211 872 tradi-

189 896 387 961 tionis
419 948 431 960 .
463 898 529 959 et
566 894 851 979 optinuit
880 893 1103 960 Sabini
1143 899 1210 959 et
1238 892 1447 960 Cassii
1485 895 1807 961 sententia
1843 896 2211 963 traditionis

187 985 452 1050 initium
500 982 939 1068 spectandum.

371 1072 515 1138 121.
563 1071 642 1138 D.
670 1073 776 1155 41,
804 1071 865 1154 3,
893 1072 955 1155 4,
988 1071 1087 1136 16.
1159 1069 1403 1137 Paulus
1432 1071 1599 1136 libro
1630 1072 2210 1157 quinquagensimo

190 1167 425 1246 quarto
467 1161 548 1226 ad
588 1161 865 1226 edictum
904 1159 1002 1247 (P.
1034 1158 1213 1245 673).
1250 1196 1334 1206 —
1374 1208 1391 1225 .
1418 1211 1432 1225 .
1463 1209 1478 1225 .
1507 1161 1854 1246 quaeritur,
1893 1160 1950 1226 si
1987 1184 2208 1228 servus

188 1273 364 1315 meus
446 1249 776 1330 ancillam,
849 1271 1044 1334 quam
1109 1248 1461 1334 subripuit,
1533 1270 1652 1332 pro
1727 1250 2027 1315 libertate
2093 1274 2210 1317 sua

187 1340 346 1404 mihi
387 1337 651 1423 dederit,
689 1360 772 1403 an
808 1342 1063 1422 partum
1104 1337 1272 1422 apud
1313 1359 1412 1401 me
1450 1340 1827 1422 conceptum
1864 1361 2211 1424 usucapere

186 1428 454 1511 possim.
532 1425 808 1492 Sabinus
846 1430 913 1490 et
942 1424 1204 1492 Cassius
1233 1447 1366 1490 non
1394 1430 1648 1511 putant,
1686 1427 1837 1510 quia
1863 1429 2212 1514 possessio,

188 1539 383 1600 quam
436 1537 658 1580 servus
703 1514 939 1580 vitiose
984 1519 1258 1579 nanctus
1308 1515 1420 1599 sit,
1468 1515 1724 1579 domino
1771 1521 2049 1582 noceret.

367 1605 545 1670 122?
615 1604 695 1668 D.
742 1603 897 1668 ibid.
942 1605 983 1684 ἓ
1025 1604 1127 1669 17.
1173 1637 1263 1650 ——
1310 1651 1324 1667 .
1353 1651 1368 1668 .
1408 1603 1488 1687 si,
1554 1611 1628 1667 ut
1682 1625 1939 1668 servum
1995 1627 2209 1670 meum

186 1695 741 1776 manumitterem,
802 1693 967 1757 alius
1024 1691 1187 1756 mihi
1240 1691 1551 1758 furtivam
1607 1693 1906 1757 ancillam
1964 1692 2212 1776 dederit

186 1804 389 1868 eaque
448 1782 614 1866 apud
670 1803 772 1846 me
829 1781 1194 1865 conceperit
1247 1783 1313 1845 et
1365 1781 1711 1866 pepererit,
1763 1803 1888 1846 usu
1934 1803 2034 1847 me
2079 1804 2210 1847 non

185 1874 547 1957 capturum.
629 1871 925 1956 idemque
970 1869 1111 1935 fore
1158 1869 1375 1953 etiam,
1421 1869 1479 1933 si
1525 1870 1666 1954 quis
1714 1891 1854 1934 eam
1904 1871 2208 1936 ancillam

184 1982 441 2026 mecum
493 1963 930 2045 permutasset
974 1962 1088 2024 aut
1131 1959 1199 2024 in
1246 1960 1530 2024 solutum
1580 1957 1892 2044 dedisset,
1945 1960 2102 2024 item
2151 1962 2208 2025 si

184 2050 513 2114 donasset.

370 2137 516 2203 123.
579 2136 658 2202 D.
697 2137 804 2220 41,
840 2137 899 2215 9,
942 2138 999 2219 1,
1035 2138 1095 2203 3.
1204 2135 1528 2219 Ulpianus
1593 2136 1759 2201 libro
1823 2137 2206 2222 trigensimo

181 2227 398 2310 primo
484 2224 563 2289 ad
646 2224 955 2291 Sabinum
1037 2221 1148 2312 (P.
1210 2221 1442 2311 2758).
1531 2260 1608 2272 —
1715 2224 2071 2292 Constante
2128 2275 2144 2291 .
2192 2276 2207 2291 .

181 2315 602 2381 matrimonio
648 2336 765 2399 pro
813 2314 959 2379 dote
1004 2314 1314 2399 usucapio
1360 2314 1532 2379 inter
1576 2335 1686 2379 eos
1734 2315 1947 2380 locum
1993 2315 2207 2394 habet,

182 2406 358 2469 inter
403 2424 567 2487 quos
614 2407 714 2467 est
758 2403 1261 2469 matrimonium.
1325 2406 1608 2467 ceterum
1647 2403 1702 2467 si
1743 2409 1950 2468 cesset
1986 2404 2209 2467 matri-

182 2493 500 2575 monium,
547 2489 809 2557 Cassius
857 2491 950 2556 ait
986 2513 1236 2558 cessare
1274 2492 1753 2577 usucapionem,
1797 2493 1949 2575 quia
1988 2496 2054 2556 et
2090 2493 2206 2559 dos

182 2582 369 2646 nulla
416 2581 519 2645 sit.

370 2669 517 2734 124.
570 2667 648 2733 Ι).
685 2668 837 2733 ibid.
884 2671 924 2750 ξ
953 2670 1017 2733 4.
1073 2704 1156 2716 -
1208 2667 1388 2731 Idem
1447 2667 1672 2731 scribit
1726 2671 1792 2731 et
1841 2668 1898 2731 si
1948 2668 2206 2751 putavit

181 2759 461 2825 maritus
510 2779 650 2821 esse
702 2757 826 2823 sibi
877 2756 1388 2839 matrimonium,
1442 2777 1588 2820 cum
1635 2776 1767 2820 non
1818 2760 2015 2839 esset,
2061 2777 2206 2821 usu-

182 2869 420 2933 capere
467 2868 615 2913 eum
649 2867 783 2911 non
827 2867 1047 2932 posse,
1091 2844 1243 2930 quia
1284 2844 1466 2910 nulla
1513 2843 1628 2909 dos
1675 2844 1780 2909 sit.

372 2934 546 3000 12ὅῖ
592 2935 671 3001 D.
701 2935 806 3021 41,
835 2935 895 3015 6,
927 2938 981 3016 1,
1017 2937 1071 3000 1.
1141 2934 1385 2999 Paulus
1421 2934 1589 2999 libro
1629 2933 2204 3022 quinquagensimo

180 3029 419 3111 quarto
468 3023 547 3088 ad
595 3022 870 3089 edictum
917 3023 1012 3110 (P.
1042 3020 1220 3111 665).
1264 3060 1354 3071 -
1400 3021 1470 3088 Si
1515 3025 1701 3107 pater
1734 3024 1870 3091 filio
1909 3046 2097 3109 quem
2134 3024 2204 3089 in

180 3116 511 3200 potestate
548 3112 747 3177 habet
783 3112 993 3191 donet,
1030 3113 1254 3177 deinde
1293 3111 1578 3191 decedat,
1613 3112 1784 3178 filius
1816 3134 1934 3198 pro
1963 3113 2204 3180 donato

178 3225 317 3269 non
365 3203 578 3285 capiet
622 3224 773 3285 usu,
817 3202 1124 3287 quoniam
1169 3201 1352 3266 nulla
1398 3201 1661 3267 donatio
1708 3202 1849 3269 fuit.

372 3291 517 3355 126.
562 3290 641 3357 D.
679 3288 831 3356 ibid.
880 3293 919 3371 ξ
948 3291 1008 3354 2.
1067 3326 1150 3336 --
1210 3338 1225 3355 .
1264 3340 1279 3355 .
1334 3290 1388 3355 si
1445 3290 1545 3353 vir
1597 3291 1783 3357 uxori
1826 3312 1964 3355 rem
2010 3289 2206 3356 dona·

180 3380 357 3445 verit
412 3383 478 3444 et
529 3378 875 3444 divortium
929 3380 1390 3462 intercesserit,
1444 3399 1694 3445 cessare
1748 3379 2205 3463 usucapionem

185 3468 458 3537 Cassius
503 3467 854 3553 respondit,
899 3468 1202 3554 quoniam
1237 3488 1370 3532 non
1406 3467 1617 3551 possit
1654 3489 1912 3532 causam
1948 3489 2204 3553 posses-

184 3558 393 3623 sionis
454 3556 579 3622 sibi
632 3558 775 3641 ipsa
829 3561 1107 3642 mutare3
1162 3556 1326 3621 alias
1383 3559 1476 3621 ait
1520 3559 1672 3641 post
1718 3556 2064 3621 divortium
2111 3556 2204 3619 ita

1709 3664 1740 3715 Β
