2575 3900
349 153 478 218 202
516 154 607 209 IV.
637 152 1071 209 VESPASIANI
1097 152 1243 208 TITI
1270 154 1666 211 DOMITIANI
1694 153 1908 211 ΤΕΜΡ.
1937 155 2130 211 IURIS
2161 154 2366 211 CONS.

1096 339 1178 399 Π.
1234 340 1617 417 Responsa.

517 464 608 522 Ea
652 467 890 524 tantum
935 464 1046 524 hoc
1091 464 1220 524 loco
1267 465 1569 542 proposui,
1616 483 1767 541 quae
1812 465 2034 525 diserte
2079 484 2366 541 responsa

342 552 749 627 designantur.
859 572 1219 631 quamquam
1283 554 1503 629 Pegasi
1567 571 1854 629 responsa
1915 557 2126 630 postea
2191 554 2363 614 libris

341 641 566 701 tradita
618 659 747 701 esse
804 642 949 701 satis
1005 644 1280 718 apparet,
1339 647 1540 701 tamen
1584 662 1725 700 num
1772 642 1901 719 ipse
1948 662 2020 703 ea
2065 643 2129 701 in
2173 642 2361 703 libros

341 731 669 806 redegerit,
714 729 987 807 cognosci
1034 729 1259 808 nequit.

922 907 1015 966 De
1058 908 1412 968 Latinorum
1455 909 1776 967 hereditate.

520 1028 575 1091 1.
624 1024 761 1091 Gai.
792 1028 853 1110 3,
882 1027 986 1109 63,
1016 1026 1118 1091 64.
1172 1062 1247 1073 -
1346 1027 1572 1111 ‚Lupo
1621 1032 1686 1091 et
1724 1025 1940 1113 Largo
1987 1028 2362 1093 consulibus

340 1120 601 1181 senatus
656 1077 931 1200 censtiit,
984 1118 1060 1179 ut
1108 1114 1282 1179 bona
1302 1078 1706 1181 Latinorum
1754 1116 2033 1206 primum
2080 1116 2162 1181 ad
2209 1138 2360 1181 eum

340 1206 751 1289 pertinerent,
788 1205 898 1287 qui
937 1226 1045 1269 eos
1084 1204 1448 1290 liberasset3
1489 1204 1714 1269 deinde
1757 1205 1836 1269 ad
1865 1200 2104 1269 liberos
2135 1227 2362 1270 eorum

339 1315 469 1358 non
497 1292 877 1358 nominatim
904 1291 1342 1376 exheredatos,
1373 1295 1468 1357 uti
1498 1293 1763 1377 quisque
1792 1294 2124 1376 proximus
2155 1298 2360 1377 esset3

340 1386 495 1446 tunc
549 1380 813 1464 antiquo
868 1380 1007 1445 iure
1059 1381 1140 1445 ad
1184 1381 1450 1445 heredes
1498 1404 1746 1465 eorum,
1802 1383 1912 1465 qui
1959 1382 2366 1467 liberassent,

339 1470 755 1554 pertinerent.
838 1492 965 1555 quo
1022 1471 1580 1535 senatusconsulto
1639 1470 1896 1553 quidam
1943 1471 2094 1555 (id)
2145 1476 2366 1537 actum

338 1580 479 1623 esse
514 1561 777 1643 putant,
812 1565 886 1622 ut
920 1560 989 1623 in
1023 1558 1214 1623 bonis
1242 1558 1623 1625 Latinorum
1659 1559 1881 1623 eodem
1918 1559 2054 1624 iure
2081 1564 2365 1641 utamur,

342 1668 467 1731 quo
522 1650 766 1712 utimur
819 1647 887 1711 in
940 1647 1298 1713 hereditate
1343 1648 1578 1715 civium
1627 1647 2068 1715 Romanorum
2113 1648 2370 1714 liberti-

338 1758 597 1801 norum.
689 1736 880 1819 idque
929 1737 1207 1800 maxime
1254 1735 1504 1821 Pegaso
1552 1738 1812 1822 placuit.

519 1848 702 1908 Gaius
748 1847 941 1906 addit:
997 1842 1174 1924 ‘quae
1221 1846 1517 1907 sententia
1564 1851 1771 1924 aperte
1817 1848 1972 1907 falsa
2019 1852 2126 1908 est.
2219 1867 2364 1909 nam

340 1936 487 1997 civis
550 1936 804 1998 Romani
874 1935 1080 1996 liberti
1152 1935 1455 1996 hereditas
1519 1955 1844 2013 numquam
1907 1937 1982 1996 ad
2047 1940 2363 1998 extraneos

338 2027 579 2104 patroni
642 2026 890 2087 heredes
948 2025 1237 2102 pertinet,
1295 2027 1451 2086 bona
1508 2030 1709 2085 autem
1764 2027 2118 2086 Latinorum
2177 2027 2362 2086 etiam

341 2134 411 2173 ex
456 2117 568 2174 hoc
614 2115 744 2190 ipso
785 2115 1302 2174 senatusconsulto
1339 2134 1458 2174 non
1497 2113 1876 2174 obstantibus
1913 2114 2117 2174 liberis
2152 2134 2361 2175 manu-

341 2204 608 2263 missoris
655 2203 836 2262 etiam
884 2203 958 2262 ad
1008 2206 1322 2262 extraneos
1369 2204 1615 2262 heredes
1661 2197 2001 2279 pertinent.'

954 2382 1049 2440 De
1092 2381 1420 2440 hereditatis
1451 2381 1740 2454 petitione.

514 2502 573 2567 2.
646 2501 725 2566 Ι).
764 2501 822 2578 5,
858 2502 1018 2582 4,1,
1057 2500 1115 2564 3.
1228 2497 1546 2584 Ulpianus
1619 2499 1787 2564 libro
1862 2499 2086 2584 quinto
2110 2496 2205 2585 (?)
2276 2499 2358 2564 ad

337 2592 616 2657 edictum
661 2586 760 2677 (P.
790 2585 969 2676 538).
1012 2626 1087 2636 —-
1132 2586 1201 2652 Si
1247 2609 1367 2672 ego
1415 2594 1494 2652 ex
1537 2591 1722 2672 parte
1769 2610 1872 2653 me
1919 2588 2127 2653 dicam
2172 2587 2354 2652 here-

336 2681 508 2766 dem,
564 2679 825 2746 coheres
874 2683 1083 2743 autem
1138 2699 1318 2742 meus
1363 2677 1692 2760 possideat
1737 2676 2159 2741 hereditatem
2206 2698 2352 2742 cum

336 2773 664 2851 extraneo,
729 2789 874 2833 cum
938 2789 1067 2832 non
1132 2767 1279 2849 plus
1339 2765 1600 2830 coheres
1656 2766 1926 2830 haberet
1981 2787 2100 2830 sua
2151 2769 2358 2851 parte,

336 2863 554 2922 utrum
604 2879 641 2920 a
689 2856 826 2921 solo
875 2860 1175 2920 extraneo
1226 2877 1307 2918 an
1344 2876 1494 2919 vero
1536 2857 1600 2918 et
1636 2877 1675 2918 a
1713 2851 2020 2920 coherede
2059 2853 2358 2918 deberem

342 2943 557 3028 petere
595 2943 1034 3025 hereditatem,
1073 2943 1418 3027 quaeritur.
1484 2948 1549 3008 et
1576 2942 1864 3027 Pegasus
1902 2943 2108 3006 fertur
2137 2941 2359 3008 existi-

336 3055 547 3098 masse
604 3055 641 3096 a
699 3033 838 3097 solo
896 3036 1201 3096 extraneo
1256 3053 1357 3094 me
1403 3038 1618 3115 petere
1666 3032 1896 3096 debere
1943 3053 2214 3114 eumque
2263 3053 2358 3095 re-

338 3121 721 3187 stituturum
769 3120 1069 3204 quidquid
1117 3120 1427 3204 possidet.

1166 3304 1260 3362 De
1305 3303 1522 3378 leyatis.

512 3427 571 3490 3.
622 3423 702 3488 D.
733 3425 789 3502 7,
822 3424 886 3502 1,
922 3425 1027 3504 12,
1055 3424 1115 3488 2.
1197 3423 1518 3506 Ulpianus
1562 3421 1728 3486 libro
1777 3421 2051 3506 septimo
2101 3418 2356 3484 decimo

336 3513 413 3578 ad
454 3512 765 3578 Sabinum
805 3510 905 3598 (P.
934 3509 1155 3598 2572).
1212 3549 1287 3560 —-
1341 3509 1871 3576 Usufructuarius
1908 3510 2014 3574 vel
2053 3510 2189 3592 ipse
2226 3507 2361 3574 frui
