2575 3900
326 177 457 241 266
530 177 595 232 V.
632 176 932 232 NERVAE
971 177 1065 231 ET
1104 177 1411 232 TRAIANI
1445 178 1662 235 ΤΕΜΡ.
1693 177 1890 233 IURIS
1927 177 2282 234 CONSULTI

817 374 917 440 De
960 397 1168 440 rerum
1211 381 1562 441 amotarum
1607 379 1856 442 actione.

499 501 558 564 9.
596 498 675 563 D.
703 499 808 582 25,
838 500 897 583 2,
927 461 1079 584 6Ρτ.
1141 499 1383 564 Paulus
1414 501 1581 566 libro
1613 502 1887 586 septimo
1918 500 2000 565 ad
2030 499 2344 566 Sabinum

320 588 419 670 (P.
461 585 679 676 1775).
732 625 807 636 —
870 585 1111 654 Contra
1171 610 1406 653 nurum
1451 639 1465 654 .
1505 637 1520 653 .
1575 611 1795 655 socero
1860 590 1983 654 hoc
2036 589 2343 655 iudicium

319 677 602 743 dandum
656 675 1004 742 Atilicinus
1069 681 1134 742 et
1186 677 1520 742 Fulcinius
1577 679 1788 764 aiunt,
1849 679 2144 763 quotiens
2205 678 2341 744 filio

317 765 606 831 familias
665 766 779 830 dos
835 767 990 832 data
1038 770 1161 850 est3
1218 788 1507 831 socerum
1562 768 1645 832 ob
1691 788 1794 832 res
1840 767 2100 832 divortii
2147 788 2342 832 causa

320 858 569 920 amotas
617 854 779 919 furti
826 875 1015 940 agere
1062 877 1193 920 non
1238 875 1448 938 posse.

499 943 599 1008 10.
645 942 725 1007 D.
753 941 859 1026 25,
888 944 947 1025 2,
977 944 1037 1025 3,
1064 944 1125 1009 4.
1203 941 1446 1008 Paulus
1492 944 1658 1009 libro
1709 943 1982 1028 septimo
2031 943 2112 1008 ad
2159 941 2340 1010 Sabi-

316 1053 471 1096 num
511 1028 610 1118 (P.
644 1027 864 1117 1774).
902 1067 990 1078 -
1028 1030 1096 1096 Si
1141 1031 1279 1096 filia
1323 1030 1605 1097 familias
1647 1054 1750 1097 res
1790 1033 2122 1118 amoverit,
2167 1031 2342 1098 Mela

315 1119 643 1185 Fulcinius
717 1120 900 1184 aiunt
964 1119 1040 1184 de
1104 1121 1355 1204 peculio
1422 1120 1699 1185 dandam
1765 1121 2113 1206 actionem,
2189 1123 2342 1206 quia

316 1208 645 1293 displicuit
709 1231 853 1274 eam
915 1209 1072 1273 furti
1138 1208 1447 1312 obligari,
1511 1208 1613 1274 vel
1677 1210 1744 1274 in
1806 1209 2022 1294 ipsam
2088 1210 2175 1274 ob
2234 1233 2337 1276 res

315 1301 568 1362 amotas
616 1297 754 1362 dari
801 1298 1137 1362 actionem.
1225 1297 1337 1362 sed
1385 1299 1442 1362 si
1486 1302 1672 1382 pater
1719 1297 2021 1363 adiuncta
2064 1298 2202 1363 filia
2247 1301 2342 1364 rei

312 1383 603 1452 uxoriae²
650 1389 829 1471 agat,
885 1408 1018 1451 non
1066 1387 1256 1452 aliter
1302 1387 1360 1450 ei
1409 1386 1684 1451 dandam
1733 1386 2080 1466 actionem,
2144 1409 2340 1471 quam

316 1475 371 1538 si
424 1475 626 1539 filiam
680 1437 894 1540 reru'm
948 1478 1312 1540 amotarum
1355 1476 1594 1540 iudicio
1640 1475 1711 1540 in
1758 1475 2033 1541 solidum
2080 1479 2146 1540 et
2191 1498 2339 1541 cum

315 1563 738 1628 satisdatione
786 1564 1103 1628 defendat.

801 1756 901 1822 De
934 1760 1314 1839 possessione
1357 1763 1415 1823 et
1461 1759 1850 1841 usucapione.

496 1881 597 1946 11.
642 1880 720 1945 D.
748 1882 855 1965 43,
887 1883 989 1965 16,
1019 1883 1077 1947 8.
1149 1881 1330 1947 Idem
1367 1879 1486 1969 (sc.
1513 1880 1781 1968 Paulus)
1818 1882 1986 1947 libro
2025 1882 2336 1968 quinqua-

311 1972 606 2056 gensimo
673 1978 901 2053 quarto
969 1971 1051 2034 ad
1114 1972 1391 2037 edictum
1457 1970 1556 2058 (P.
1596 1970 1803 2057 674b).
1861 2008 1944 2018 —-
2001 1971 2333 2038 Fulcinius

310 2060 568 2124 dicebat
623 2060 689 2124 vi
738 2058 1082 2160 possideri,
1137 2060 1436 2144 quotiens
1482 2060 1582 2125 vel
1629 2081 1761 2125 non
1806 2060 2131 2144 dominus,
2185 2083 2335 2127 cum

310 2154 531 2213 tamen
579 2148 964 2231 possideret,
1010 2148 1073 2211 vi
1120 2148 1404 2213 deiectus
1451 2152 1568 2213 est.

355 2263 362 2270 ·
491 2237 591 2302 12.
637 2234 716 2300 D.
743 2237 849 2317 41,
879 2237 939 2320 2,
971 2236 1029 2321 1,
1056 2236 1161 2302 21.
1242 2236 1482 2301 Paulus
1530 2238 1698 2301 libro
1748 2238 2332 2340 quinquagensimo

309 2332 539 2411 quarto
606 2325 686 2389 ad
750 2286 1029 2390 edictum
1087 2323 1186 2409 (P.
1223 2322 1428 2413 6570).
1489 2361 1564 2372 —
1627 2324 1696 2390 Si
1759 2328 2054 2392 iusserim
2110 2328 2328 2391 vendi-

307 2419 512 2479 torem
558 2413 962 2499 procuratori
1008 2435 1146 2479 rem
1193 2414 1475 2499 tradere,
1531 2435 1677 2479 cum
1723 2436 1800 2479 ea
1844 2416 1913 2480 in
1957 2416 2331 2499 praesentia

310 2504 415 2585 sit,
461 2503 662 2567 videri
708 2503 868 2567 mihi
915 2502 1221 2566 traditam
1258 2501 1518 2567 Priscus
1566 2504 1686 2588 ait3
1731 2504 2026 2589 idemque
2065 2525 2224 2588 esse,
2273 2505 2330 2569 si

306 2614 606 2657 nummos
646 2591 1001 2656 debitorem
1038 2591 1338 2655 iusserim
1376 2589 1488 2655 alii
1527 2592 1697 2656 dare.
1777 2614 1910 2657 non
1949 2589 2118 2657 esse²
2155 2593 2330 2658 enim

306 2704 574 2767 corpore
631 2687 697 2745 et
750 2684 931 2745 tactu
986 2700 1249 2744 necesse
1306 2680 1778 2762 adprehendere
1830 2682 2329 2766 possessionem,

306 2772 415 2837 sed
482 2771 679 2836 etiam
736 2769 937 2834 oculis
984 2774 1049 2832 et
1094 2768 1346 2833 affectn.
1435 2773 1816 2853 argumento
1864 2791 2004 2833 esse
2051 2792 2158 2833 eas
2205 2792 2330 2855 res,

306 2880 467 2941 quae
513 2861 776 2942 propter
822 2856 1328 2941 magnitudinem
1377 2858 1681 2939 ponderis
1729 2859 1972 2922 moveri
2008 2879 2136 2922 non
2175 2880 2327 2941 pos-

306 2952 475 3029 sunt,
520 2951 594 3010 ut
640 2947 997 3027 columnas3
1042 2966 1197 3009 nam
1243 2967 1359 3029 pro
1407 2945 1665 3009 traditis
1713 2968 1820 3011 eas
1866 2946 2108 3025 haberi,
2155 2947 2211 3010 si
2258 2947 2328 3012 in

303 3057 372 3100 re
417 3035 749 3119 praesenti
797 3034 1266 3118 consenserint,
1313 3038 1379 3099 et
1423 3035 1576 3099 vina
1620 3034 1862 3099 tradita
1908 3035 2132 3115 videri,
2177 3057 2324 3100 cum

303 3124 516 3188 claves
564 3122 763 3187 cellae
809 3121 1089 3187 vinariae
1138 3123 1412 3205 emptori
1457 3123 1734 3187 traditae
1782 3123 2038 3187 fuerint.

486 3210 611 3275 13?
667 3210 743 3275 D.
772 3211 877 3293 41,
904 3212 965 3294 4,
995 3212 1053 3289 2,
1083 3213 1141 3277 6.
1232 3212 1471 3276 Paulus
1517 3211 1685 3276 libro
1735 3212 2318 3296 quinquagensimo

303 3304 533 3384 quarto
572 3298 651 3363 ad
688 3298 967 3364 edictum
1007 3299 1097 3383 (P,
1131 3298 1308 3385 664).
1353 3336 1426 3347 -
1471 3297 1635 3364 Cum
1664 3297 1957 3365 Stichum
1995 3301 2323 3387 emissem,

451 3478 478 3525 1
521 3472 674 3527 Trib.
713 3472 781 3527 de
819 3472 965 3527 dote.

445 3548 476 3597 2
520 3544 612 3598 Fl.
652 3544 753 3597 est.
