2575 3900
367 187 503 252 492
575 186 642 243 V.
679 185 979 242 NERVAE
1015 186 1110 240 ΕΤ
1145 185 1447 241 TRAIANI
1482 185 1694 241 ΤΕΜΡ.
1730 185 1922 240 IURIS
1958 186 2391 242 CONSULTI

365 355 548 432 tenet,
601 349 889 414 dominus
939 349 1207 414 ereditur
1249 349 1577 432 possidere.
1672 351 1838 432 quod
1884 371 2025 415 vero
2074 370 2161 414 ex
2216 351 2461 416 male·

363 440 530 522 ficiis
571 438 1064 522 adprehenditur,
1107 439 1178 503 id
1217 439 1305 503 ad
1344 438 1581 503 domini
1613 440 2053 520 possessionem
2095 440 2253 504 ideo
2300 460 2457 504 non

353 528 644 612 pertinet,
689 529 840 610 quia
882 547 990 592 nee
1023 527 1254 609 peculii
1298 547 1553 593 eausam
1596 527 2007 610 adprehendit.

755 753 890 814 VH.
953 753 1292 813 Incertae
1340 753 1529 813 sedis
1573 754 1996 832 fragmenta.

926 873 1028 938 De
1069 872 1384 938 heredibus
1428 874 1831 939 instituendis,

551 992 606 1054 1.
671 987 749 1054 D.
781 989 886 1072 28,
915 986 977 1071 5,
1008 988 1106 1053 19.
1206 985 1526 1072 Ulpianus
1590 988 1756 1053 libro
1812 989 2088 1072 septimo
2148 989 2235 1053 ad
2308 987 2437 1054 Sa-

369 1077 619 1143 binum.
652 1114 744 1124 —
779 1075 880 1142 Ex
916 1077 1092 1142 facto
1122 1125 1138 1141 .
1165 1125 1181 1140 .
1210 1075 1529 1160 agitatum
1556 1075 1953 1160 Pomponius
1982 1080 2049 1142 et
2075 1075 2431 1142 Arrianus

369 1167 692 1248 referunt,
756 1167 809 1231 si
875 1164 1017 1249 quis
1082 1183 1283 1229 vacua
1338 1169 1523 1247 parte
1576 1166 1805 1231 relicta
1858 1164 1955 1230 ita
2007 1165 2427 1231 instituerit:

371 1256 460 1320 ‘si
513 1255 674 1319 mihi
720 1251 905 1319 Seius
959 1252 1146 1318 heres
1194 1273 1326 1317 non
1376 1252 1539 1336 erit',
1595 1275 1784 1338 quem
1830 1277 1958 1320 non
2002 1254 2425 1338 instituerat,

372 1342 820 1426 ‘Sempronius
876 1341 1061 1406 heres
1119 1341 1304 1421 esto’‚
1362 1363 1443 1406 an
1499 1341 1607 1407 hic
1663 1365 1972 1427 occupare
2026 1344 2241 1425 possit
2302 1366 2423 1408 va-

371 1436 630 1498 cantem
685 1431 1069 1515 portionem.
1161 1434 1228 1494 et
1277 1428 1562 1514 Pegasus
1619 1432 1873 1514 quidem
1929 1431 2263 1496 existimat
2328 1431 2419 1496 ad

374 1542 519 1585 eam
575 1527 827 1605 partem
884 1519 1167 1602 admitti3
1224 1517 1451 1584 Aristo
1508 1524 1734 1584 contra
1780 1525 1992 1605 putat,
2048 1520 2204 1604 quia
2248 1521 2415 1585 huic

375 1631 530 1693 pars
578 1614 750 1674 esset
794 1608 965 1693 data,
1011 1629 1174 1691 quae
1209 1609 1392 1672 nulla
1427 1611 1627 1693 esset3
1672 1630 1866 1692 quam
1905 1609 2296 1674 sententiam
2340 1615 2413 1673 et

368 1697 714 1763 Iavolenus
762 1697 996 1781 probat
1023 1745 1039 1760 .
1069 1748 1083 1761 .
1113 1746 1128 1761 .

549 1809 984 1886 Fragmentum
1030 1807 1287 1867 fortasse
1334 1807 1504 1868 libris
1552 1827 1624 1867 ex
1659 1807 1896 1868 Plautio
1944 1808 2407 1868 attribuendum

372 1916 503 1959 esse
547 1897 732 1957 Lenel
777 1896 1009 1957 conicit.

1198 1980 1298 2046 De
1343 1982 1572 2065 legatis,

552 2095 640 2160 2⁴?
687 2095 765 2160 D.
798 2095 856 2181 7,
885 2095 944 2178 8,
977 2096 1077 2180 10,
1105 2096 1164 2160 2.
1249 2095 1566 2179 Ulpianus
1613 2096 1781 2162 libro
1830 2098 2106 2181 septimo
2145 2097 2400 2164 decimo

377 2186 458 2251 ad
496 2182 830 2250 Sabinum.
871 2221 947 2230 —
993 2234 1047 2248 ..
1089 2185 1146 2248 si
1192 2185 1284 2249 sic
1330 2185 1592 2250 relictus
1630 2186 1741 2250 sit:
1788 2185 1910 2249 ‘illi
1946 2186 2175 2251 domus
2208 2209 2401 2251 usum

285 2289 289 2293 “
374 2276 659 2340 fructum
713 2272 1054 2338 habitandi
1108 2273 1344 2353 causa',
1396 2278 1612 2338 utrum
1668 2274 2141 2340 habitationem
2187 2275 2395 2340 solam

377 2386 463 2428 an
499 2384 652 2427 vero
693 2366 760 2426 et
793 2383 982 2426 usum
1009 2361 1289 2427 fructum
1319 2360 1578 2446 habeat,
1614 2362 1972 2428 videndum.
2045 2366 2113 2427 et
2137 2361 2393 2429 Priscus

374 2461 443 2516 et
486 2449 794 2516 Neratius
841 2454 1077 2535 putant
1121 2451 1329 2515 solam
1376 2450 1843 2515 habitationem
1889 2451 2193 2537 legatam.

553 2562 670 2622 Pro
727 2555 1036 2639 ‘Priscus’,
1101 2562 1258 2639 quod
1313 2562 1455 2621 libri
1506 2562 1698 2621 nostri
1752 2562 2001 2637 habent,
2065 2562 2391 2622 Mommsen

376 2652 750 2730 Stephanum
806 2656 1048 2711 secutus
1107 2644 1444 2711 ‘Proculus'
1509 2651 1761 2727 scripsit.
1808 2672 1862 2712 v.
1912 2670 2094 2728 supra
2143 2671 2202 2727 p.
2253 2653 2389 2711 145.

1013 2804 1114 2871 De
1156 2806 1530 2871 Latinorum
1573 2806 1762 2871 bonis.

556 2921 616 2985 3.
664 2920 806 2987 Gai.
834 2922 894 3006 3,
925 2922 1028 2986 70.
1081 2956 1154 2966 —
1207 2971 1220 2986 .
1251 2972 1266 2986 .
1307 2921 1362 2985 si
1408 2939 1550 2985 cum
1600 2920 1819 2985 liberis
1866 2922 2000 2986 suis
2047 2921 2239 2987 etiam
2285 2944 2383 2986 ex-

377 3013 674 3075 traneum
719 3009 1018 3074 heredem
1066 3012 1375 3092 patronus
1421 3009 1775 3095 reliquerit,
1820 3008 2077 3076 Caelius
2121 3008 2381 3075 Sabinus

377 3098 473 3163 ait
509 3101 651 3163 tota
687 3099 860 3163 bona
895 3120 1013 3182 pro
1050 3098 1349 3162 virilibus
1385 3098 1681 3181 partibus
1722 3098 1802 3164 ad
1842 3099 2080 3164 liberos
2110 3098 2379 3163 defuncti

378 3188 728 3273 pertinere,
790 3186 941 3271 quia
995 3208 1142 3251 cum
1197 3189 1540 3251 extraneus
1594 3187 1783 3252 heres
1838 3186 2210 3271 intervenit,
2258 3209 2377 3252 non

377 3277 578 3341 habet
614 3276 717 3341 lex
744 3274 937 3340 Iunia
972 3277 1202 3354 locum,
1239 3276 1351 3340 sed
1390 3279 1651 3340 senatus
1684 3277 2050 3341 consultum
2082 3274 2195 3360 (sc.
2223 3276 2373 3360 quod

379 3363 564 3449 Lupo
639 3369 705 3428 et
767 3363 985 3447 Largo
1059 3362 1431 3427 consulibus
1494 3363 1737 3429 factum
1802 3362 1947 3448 est).
2054 3363 2373 3429 Iavolenus

381 3457 599 3516 autem
663 3452 759 3515 ait
818 3454 1075 3516 tantum
1140 3472 1283 3515 eam
1336 3455 1588 3535 partem
1646 3473 1722 3516 ex
1778 3455 2041 3517 senatus
2095 3451 2371 3518 consulto

381 3539 622 3605 liberos
676 3540 937 3621 patroni
993 3560 1110 3622 pro
1164 3538 1456 3602 virilibus
1515 3539 1807 3622 partibus
1853 3539 2187 3606 habituros
2232 3560 2371 3625 esse,
