2575 3900
970 288 1023 342 8.
1058 282 1364 341 URSEIUS
1400 282 1641 339 FEROX
2183 284 2306 351 171

469 451 598 511 Iam
652 470 805 527 quae
856 451 1072 529 statui,
1126 451 1190 511 in
1234 453 1524 529 quantum
1575 450 1756 511 dubia
1799 451 2118 513 videantur
2161 468 2316 529 esse,

296 540 702 603 confirmanda.
748 543 904 599 sunt.

470 629 635 689 Num
681 628 931 689 Urseius
987 647 1165 706 quem
1216 629 1280 687 in
1335 628 1506 689 libris
1560 628 1684 687 suis
1737 644 1875 689 cum
1921 623 2132 689 Sabini
2180 631 2314 689 tum

292 718 537 779 Proculi
570 734 859 795 respousa
893 717 1199 777 rettulisse
1225 716 1500 779 videmus
1531 708 1711 798 (Coll.
1744 718 1843 790 12,
1876 720 1936 792 7,
1963 719 2000 777 9
2041 711 2313 779 ‘Urseius

291 806 481 867 refert
524 804 817 867 Sabinum
859 800 1279 881 respondisse'.
1361 805 1431 865 D.
1473 808 1530 879 9,
1561 808 1618 880 2,
1651 807 1710 882 9,
1738 806 1776 865 2
1825 798 1950 866 ‘its
1993 804 2313 869 Proculum

292 895 661 955 existimasse
715 894 964 955 Urseius
1018 885 1284 975 refert'),
1341 893 1500 953 idem
1551 892 1742 953 Cassii
1797 894 2126 955 sententias
2181 914 2316 970 pro·

290 983 527 1060 tulerit,
591 983 708 1044 viri
767 983 931 1043 docti
984 982 1267 1043 dubita-nt
1320 982 1429 1043 hos
1485 981 1634 1041 duos
1688 982 1854 1041 locos
1907 984 2072 1043 varie
2126 984 2313 1043 inter-

290 1074 627 1148 pretantes:
694 1065 960 1131 ‘Cassius
1016 1071 1175 1147 apud
1229 1070 1509 1130 Urseium
1569 1064 1797 1139 scribit’
1859 1071 1930 1132 D.
1963 1074 2022 1149 7,
2048 1074 2108 1149 4,
2143 1075 2244 1150 10,
2273 1074 2311 1133 5

292 1164 359 1221 et
404 1154 671 1221 ‘Cassius
716 1160 1087 1221 existimasse
1133 1158 1420 1221 Urseium
1460 1152 1670 1219 refert'
1707 1161 1779 1219 D.
1809 1162 1914 1238 44,
1945 1161 2004 1238 5,
2036 1164 2090 1232 1,
2125 1163 2224 1220 10.

192 1244 207 1259 ⁸
469 1247 673 1326 Atque
718 1268 790 1307 ex
834 1248 1134 1325 prioribus
1179 1248 1303 1309 illis
1347 1249 1552 1308 verbis
1598 1247 1874 1309 Cassium
1916 1249 1996 1309 sd
2030 1248 2315 1309 Urseium

288 1340 499 1399 notum
551 1337 835 1399 adiecisse
881 1337 1163 1399 Kar-lewa.
1206 1338 1237 1397 I
1281 1356 1339 1415 p.
1372 1340 1497 1399 695
1547 1337 1765 1398 conicit
1808 1380 1822 1395 .
1871 1340 1937 1397 ut
1990 1356 2184 1415 neque
2241 1338 2314 1399 de

290 1430 463 1503 note,
520 1426 677 1487 sicut
730 1428 825 1486 est
868 1427 939 1486 D.
973 1430 1075 1505 17,
1106 1428 1166 1503 2,
1194 1428 1299 1499 65,
1327 1429 1364 1487 8
1413 1420 1684 1487 ‘Servius
1735 1426 1898 1503 apud
1941 1425 2227 1487 Alfenum
2255 1471 2268 1484 .
2297 1474 2314 1489 .

291 1507 508 1593 notat',
563 1514 787 1577 diserte
833 1515 1057 1591 agitur,
1100 1518 1163 1575 et
1211 1514 1370 1575 idem
1415 1515 1518 1591 qui
1563 1515 1702 1574 illos
1746 1516 1908 1575 locos
1955 1516 2152 1593 affert,
2207 1514 2314 1575 Ul·

290 1604 505 1679 pianes
569 1603 706 1663 aliis
771 1604 919 1664 loeis
984 1603 1281 1665 similibus
1346 1602 1459 1663 ait:
1535 1597 1802 1663 ‘Servius
1868 1603 2029 1679 apud
2091 1604 2314 1665 Melam

292 1684 528 1752 scribit'
575 1693 647 1751 D.
682 1694 785 1770 33,
816 1695 874 1766 9,
904 1694 963 1769 3,
996 1695 1102 1769 10;
1152 1685 1498 1751 ‘Marcellus
1545 1693 1702 1769 apud
1739 1691 2037 1751 Iulianum
2086 1686 2314 1752 scribit-⁹

289 1780 362 1840 D.
394 1782 497 1859 36,
530 1784 585 1859 1,
617 1783 654 1841 3
676 1800 791 1856 pr.,
849 1781 955 1840 ubi
1011 1782 1221 1857 aperte
1266 1778 1461 1842 Servii
1515 1780 1614 1841 vel
1659 1780 1928 1839 Marcelli
1983 1783 2314 1843 sententias

289 1869 481 1945 ipsius
538 1869 711 1929 libris
768 1870 1039 1945 prolutas
1091 1888 1129 1929 a
1181 1869 1342 1929 Mela.
1393 1869 1491 1929 vel
1543 1868 1780 1929 Iuliano
1833 1870 2126 1945 repetitas
2185 1888 2314 1929 esse

288 1961 579 2031 testatur,
641 1961 712 2020 ut
774 1959 848 2020 de
910 1960 1014 2020 illo
1078 1960 1206 2020 loeo
1269 1959 1426 2018 idem
1493 1959 1882 2021 iudicandum
1943 1959 2052 2022 sit:
2123 1958 2316 2020 Cassii

294 2047 655 2110 sententiam
710 2046 957 2124 Ulpia-ni
1008 2047 1183 2108 libris
1236 2048 1540 2124 prolatam
1593 2048 1670 2108 ab
1729 2047 1940 2108 Urseio
1994 2048 2316 2124 repetitam

296 2136 501 2197 fuisse.

466 2225 558 2284 De
614 2225 808 2286 altero
850 2225 982 2286 loco
1027 2225 1145 2286 viri
1190 2225 1378 2302 docti,
1433 2227 1640 2286 utrum
1682 2224 1980 2301 scriptura.
2025 2225 2195 2285 salve
2239 2242 2317 2285 an

291 2316 573 2388 corrupta.
610 2313 692 2372 sit
728 2312 1023 2375 dubitant.
1098 2316 1285 2392 atque
1319 2313 1602 2374 Karlowe
1637 2315 1677 2373 l.
1707 2333 1772 2387 c.,
1813 2314 1909 2374 cui
1945 2313 2105 2372 Buhl
2139 2333 2196 2390 p.
2230 2315 2313 2374 60

292 2402 727 2478 adstipulatur,
798 2420 931 2462 eam
1004 2402 1237 2463 selvam
1310 2421 1442 2463 esse
1513 2403 1842 2479 existimat3
1928 2405 1996 2462 at
2067 2401 2317 2462 meliore

291 2490 425 2550 iure
472 2492 797 2552 Mommsen
855 2509 1111 2569 eumque
1165 2491 1358 2551 secuti
1411 2491 1683 2566 Krueger
1729 2511 1788 2567 p.
1821 2493 1948 2551 160
1991 2510 2054 2552 n.
2084 2493 2208 2552 119
2256 2493 2320 2550 et

292 2578 481 2640 L'enel
542 2579 605 2640 P.
652 2578 717 2638 II
778 2578 887 2640 col.
941 2582 1106 2640 1202
1185 2580 1394 2657 potius
1465 2579 1785 2658 legendum
1857 2597 1984 2638 esse
2048 2579 2319 2640 iudicant

290 2660 591 2728 ‘Cassium
640 2668 1009 2728 existimasse
1054 2667 1304 2728 Urseius
1353 2661 1587 2728 refert'.
1687 2686 1829 2728 nam
1881 2666 2030 2726 alibi
2081 2687 2318 2742 quoque

290 2754 575 2818 Urseium
629 2755 824 2818 Cassii
875 2757 1205 2818 sententias
1258 2756 1535 2817 attulisse
1590 2756 1740 2816 haec
1792 2755 2036 2815 docent.
2101 2756 2177 2814 D.
2215 2758 2321 2829 30,

296 2847 509 2920 104,1
556 2845 727 2906 Idem
761 2838 870 2924 (se.
907 2838 1211 2926 Iulianus)
1255 2845 1414 2906 libro
1458 2845 1651 2920 primo
1699 2845 1778 2906 ad
1810 2842 2093 2904 Urseium
2137 2843 2318 2954 Fero:

290 2951 441 2994 cem.
537 2927 803 2996 Cassius
866 2934 1177 3010 respondit
1240 2977 1255 2994 .
1294 2977 1308 2992 .
1347 2981 1362 2994 .
1424 2933 1695 2994 Iulianus
1766 2935 1968 2994 notat:
2045 2932 2098 2992 si
2157 2977 2172 2996 .
2208 2976 2225 2993 .
2266 2975 2282 2992 .

290 3022 796 3100 D.16,1,1e,1
852 3023 1021 3083 Idem
1074 3013 1183 3104 (sc.
1236 3014 1541 3105 Iulianus)
1595 3021 1749 3082 libro
1803 3024 2018 3098 quarto
2075 3023 2153 3082 ud
2205 3021 2322 3082 Ur-

291 3111 484 3170 seium
517 3110 817 3171 Ferocem.
914 3159 927 3172 .
958 3159 970 3174 .
999 3155 1015 3172 .
1052 3110 1241 3174 Gaius
1277 3110 1522 3174 Cassius
1557 3111 1866 3188 respondit
1896 3157 1910 3172 .
1939 3153 1958 3170 .
1993 3155 2009 3172 .
2044 3111 2319 3172 Iulianus

291 3202 497 3262 autem
548 3202 710 3262 recte
762 3201 943 3276 putat
976 3245 992 3262 .
1021 3246 1035 3260 .
1066 3193 1102 3259 .'
1186 3200 1292 3260 sed
1337 3201 1412 3260 de
1454 3200 1550 3262 his
1595 3219 1835 3278 quoque
1876 3201 2026 3260 locis
2069 3201 2317 3260 fuerunt

292 3289 395 3364 qui
460 3287 862 3349 dissentirent.
978 3291 1141 3352 certe
1214 3289 1289 3350 H.
1354 3289 1600 3350 Pernice
1679 3289 1744 3348 in
1821 3289 2066 3350 Miscell.
2130 3309 2188 3366 p.
2237 3291 2318 3350 57

294 3377 557 3452 scripsit:
616 3371 751 3440 ‘Ich
797 3421 811 3436 .
850 3423 864 3437 .
910 3377 1046 3440 bin'
1077 3379 1366 3440 vielmehr
1428 3379 1536 3438 der
1590 3378 1903 3456 Meinung,
1967 3379 2098 3440 dass
2160 3377 2322 3438 diese

294 3463 495 3526 Gitute
558 3467 695 3526 dem
747 3466 983 3544 Julian,
1047 3468 1213 3530 nicht
1277 3467 1414 3526 dem
1441 3467 1722 3536 ‚Urseius
1779 3459 2166 3544 angeheren’,
2218 3467 2323 3526 sed

293 3554 461 3618 mano
506 3554 664 3633 iure,
709 3554 774 3616 id
818 3555 978 3633 quod
1021 3557 1121 3617 vel
1164 3554 1449 3616 Karlowa
1491 3556 1522 3616 Ι
1567 3573 1626 3632 p.
1657 3558 1783 3618 694
1832 3556 2108 3632 explicat.

472 3642 560 3704 Ut
606 3641 903 3706 'summam
947 3644 1185 3706 faciem:
1233 3643 1511 3704 Urseium
1557 3663 1680 3704 nou
1721 3642 1896 3704 modo
1944 3642 2167 3716 Sabini,
2189 3701 2194 3708 ,
2218 3642 2324 3702 sed
